3575 5775
1381 604 1500 663 0⁴23
1574 594 1682 665 385
1757 591 1875 662 εΗ

347 746 798 823 seminantes,
877 752 1160 821 Interea
1205 754 1548 837 temporis
1593 754 1957 836 negotium
2000 754 2167 819 mihi
2216 752 2457 817 datum
2489 756 2713 817 totum
2748 752 2908 813 eum

346 858 693 942 agitatum
725 844 1138 944 processum
1171 865 1437 929 debere
1476 864 1550 929 in
1581 863 1690 927 sui
1719 884 1963 927 veram
1992 862 2293 927 formam
2335 860 2689 940 redigere,
2719 858 2911 941 quod

349 980 416 1028 et
461 965 627 1047 feci,
678 970 984 1033 eundem
1029 971 1217 1034 forte
1265 970 1458 1054 typis
1508 971 2035 1051 excutiendum,
2084 990 2223 1052 quo
2273 980 2345 1032 et
2392 968 2548 1032 aliis
2596 969 2911 1031 locorum

347 1071 724 1157 Episcopis
759 1078 1200 1158 procedendi
1229 1077 1532 1143 formula
1559 1078 1839 1143 facilior
1868 1096 2217 1159 apparere
2248 1074 2504 1159 possit;
2554 1073 2912 1138 adhibebo

347 1178 641 1262 insuper
699 1185 1116 1264 possibilem
1165 1206 1455 1267 operam
1507 1185 1871 1268 querende
1918 1184 2034 1247 vie
2099 1183 2423 1247 faciende
2473 1180 2915 1245 executionis

349 1288 704 1352 sententie
751 1290 1052 1372 prefate.
1149 1292 1301 1355 Sub
1333 1294 1520 1357 idern
1551 1302 1831 1375 tempus
1864 1290 2537 1356 Reverendissimus
2569 1287 2915 1352 Dominus

349 1391 668 1476 Legatus
733 1397 820 1462 V.
881 1396 953 1461 S.
1017 1420 1145 1462 suo
1224 1401 1573 1481 rescripto
1635 1399 2084 1463 commiserat
2148 1399 2442 1461 Decano
2507 1393 2917 1479 Eystetensi

351 1510 602 1565 contra
664 1505 954 1568 eosdem
1015 1505 1330 1587 perfidos
1378 1506 1863 1588 adversarioS,
1932 1526 2026 1569 ex
2072 1506 2225 1569 iure
2271 1502 2745 1586 procedendi,
2816 1500 2917 1563 u'ti

349 1626 478 1687 per
527 1630 694 1672 suas
739 1612 1014 1675 litteras
1060 1612 1250 1677 idem
1299 1614 1612 1677 decanus
1658 1613 1829 1676 mihi
1879 1611 2339 1695 significavit,
2391 1619 2463 1673 et
2510 1608 2629 1691 qui
2673 1607 2918 1671 itidem

352 1734 392 1777 a
437 1736 589 1796 me,
661 1720 951 1801 cognito
999 1740 1342 1801 processu
1389 1731 1670 1801 nostr0,
1747 1740 1837 1783 ne
1886 1718 2466 1801 impedimentum
2534 1715 2773 1798 potius
2820 1714 2917 1776 in-

351 1834 642 1902 gereret
691 1824 918 1889 divise
961 1827 1487 1909 jurisdictioniS,
1536 1830 1927 1910 prudenter
1984 1826 2318 1891 substitit.
2388 1824 2539 1887 Nos
2585 1843 2758 1886 vero
2806 1821 2919 1885 hic

352 1928 564 1992 latius
613 1932 894 2015 digredi
941 1934 1416 2017 intendentes,
1466 1935 1813 1998 confectis
1846 1936 2049 1998 novis
2078 1931 2645 2015 interrogatoriis
2675 1938 2923 1992 contra

354 2036 532 2099 alios
597 2042 1169 2119 prevaricatores
1215 2053 1463 2106 sancte
1524 2042 1691 2106 fidei
1739 2053 1886 2105 tum
1950 2043 2019 2105 in
2068 2045 2202 2105 hac
2252 2040 2539 2105 civitate
2589 2039 2921 2101 Bamber·

353 2144 564 2223 gensi
641 2166 851 2226 quam
938 2148 1090 2213 eius
1169 2150 1475 2227 diocesi,
1545 2151 1760 2233 impie
1829 2150 2332 2215 concionantes
2407 2158 2477 2210 et
2545 2148 2919 2215 docentes:

355 2259 724 2313 contracta
801 2254 1043 2337 itaque
1128 2268 1584 2322 externorum
1650 2258 1946 2321 militum
2013 2256 2438 2320 subsidiaria
2504 2264 2573 2315 et
2638 2249 2922 2314 tutelari

357 2378 604 2439 manu,
675 2361 840 2425 dum
906 2363 1252 2429 eiusmodi
1317 2366 1731 2429 seductores
1799 2364 2001 2429 citari
2073 2366 2608 2440 mandarentur,
2680 2378 2924 2423 eorum

357 2465 552 2528 virus
617 2467 738 2548 qui
793 2468 864 2531 in
913 2472 1048 2533 hac
1097 2470 1385 2535 civitate
1434 2473 1526 2535 ad
1573 2483 1879 2554 quatuor
1946 2482 2015 2534 et
2065 2492 2151 2534 eo
2200 2469 2503 2551 amplius
2562 2466 2925 2531 hominum

357 2572 574 2635 millia
633 2575 1045 2657 trequentes
1093 2578 1164 2641 in
1212 2578 1356 2643 suis
1405 2579 1865 2643 concionibus
1914 2580 2181 2642 habere
2231 2578 2593 2655 solebant,
2663 2582 2734 2635 et
2780 2580 2927 2633 tres

357 2680 476 2743 alii
523 2681 594 2743 in
645 2682 912 2747 diocesi
959 2686 1618 2769 pseudopresbiteri
1668 2686 1844 2767 fuga
1884 2686 2107 2767 elapsi
2157 2694 2341 2763 sunt,
2391 2685 2559 2745 data
2607 2689 2716 2743 est
2744 2700 2925 2741 com-

359 2786 596 2851 missio
659 2792 1004 2871 quosdam
1068 2794 1248 2857 alios
1298 2814 1584 2857 correos
1652 2791 2306 2875 comprehendendi
2368 2800 2438 2851 et
2484 2788 2763 2852 vinctos
2810 2788 2924 2849 ad-

361 2896 688 2977 ducendi,
739 2899 808 2961 in
860 2901 1114 2983 quibus
1163 2903 1460 2985 smgulis
1507 2902 1690 2965 iuste
1741 2910 1813 2964 et
1844 2911 2091 2964 sancte
2132 2896 2667 2981 persequendiS,
2718 2914 2926 2976 quam

361 3021 649 3083 possum
717 3027 996 3072 omnem
1078 3029 1368 3090 operam
1453 3011 1806 3091 expendO.
1903 3009 2002 3072 At
2063 3003 2625 3070 Clementissime
2692 3002 2929 3080 Pater,

363 3112 454 3172 ob
515 3112 899 3197 premissa,
972 3117 1166 3197 apud
1213 3115 1592 3198 insipidam
1641 3117 1966 3198 plebem,
2028 3135 2164 3195 que
2213 3113 2436 3175 ferme
2484 3107 2709 3172 maior
2764 3125 2929 3188 pars

361 3217 686 3282 luterana
734 3221 1036 3302 perfidia
1081 3223 1348 3286 infecta
1399 3233 1507 3287 est
1556 3234 1770 3304 atque
1822 3223 2179 3302 demersa,
2229 3227 2551 3282 extrema
2597 3215 2762 3278 odia
2808 3215 2927 3276 ho·

361 3325 833 3410 stilitatesque
893 3329 1062 3392 mihi
1121 3331 1478 3411 parturio,
1551 3330 1748 3393 varie
1811 3329 1883 3393 in
1946 3350 2057 3392 me
2105 3327 2291 3392 mine
2356 3325 2787 3400 iaculantur,
2860 3329 2932 3384 et

363 3435 887 3513 quodammodo
944 3436 1014 3498 in
1066 3451 1282 3519 caput
1329 3459 1560 3501 meum
1609 3439 2091 3519 conspiratur‚
2162 3434 2567 3517 passimque
2616 3433 2931 3511 divulga·

365 3549 508 3620 tur,
579 3562 693 3605 me
761 3563 921 3605 eum
989 3553 1060 3606 et
1123 3545 1406 3607 unicum
1458 3565 1616 3608 esse
1683 3544 1804 3625 qui
1851 3543 2283 3624 Episcopum
2348 3542 2671 3603 luterane
2739 3546 2933 3601 secte

367 3649 779 3730 aver-terim,
852 3649 1290 3733 singulorum
1359 3651 1720 3715 desideria
1786 3669 2232 3732 oppugnem,
2304 3657 2379 3710 et
2443 3667 2729 3710 causam
2788 3645 2933 3708 Ro.

371 3755 574 3820 Pont.
641 3777 864 3838 usque
931 3759 1115 3822 adeo
1182 3779 1640 3841 promoveam
1710 3767 1781 3821 et
1840 3758 1950 3820 his
1998 3777 2377 3839 peragam,
2448 3754 2630 3817 adeo
2696 3761 2774 3814 ut
2842 3771 2935 3816 ex

371 3863 578 3942 plebe
625 3865 869 3945 plures
917 3865 1054 3928 sibi
1103 3865 1280 3948 ipsis
1328 3867 1831 3949 persuadeant,
1880 3885 1993 3926 me
2040 3864 2133 3926 ad
2182 3883 2268 3926 ea
2314 3861 2635 3925 fatienda
2666 3859 2931 3941 specia-

374 3969 530 4034 liter
573 3973 668 4034 ab
715 3974 894 4035 urbe
940 3972 1246 4054 missum,
1299 3985 1370 4036 et
1418 3973 1609 4055 quod
1659 3982 1959 4055 possunt
1988 3969 2189 4034 vanis
2231 3966 2577 4032 concutiis
2624 3974 2697 4029 et
2725 3965 2933 4027 male-

375 4075 572 4139 dictis
635 4097 748 4140 me
797 4090 1358 4161 persequuntur,
1430 4081 1612 4142 adeo
1677 4090 1754 4141 ut
1802 4077 1973 4140 dicti
2021 4075 2361 4158 Episcopi
2421 4085 2495 4138 et
2552 4071 2934 4136 amicorum

380 4184 746 4264 monitum,
817 4186 887 4248 in
957 4186 1318 4250 civitatem
1377 4199 1448 4250 et
1511 4187 1873 4250 hominum
1922 4184 2571 4262 conversationem,
2640 4178 2937 4261 periculi

377 4289 638 4355 vitandi
685 4312 940 4373 causa,
989 4315 1132 4357 non
1181 4295 1581 4375 descendo,
1646 4303 1716 4356 et
1764 4301 1959 4356 certe
2006 4311 2289 4370 vereor,
2348 4290 2419 4352 in
2466 4288 2665 4352 hisce
2710 4286 2935 4368 regio-

379 4397 576 4462 nibus
624 4399 744 4462 diu
792 4401 1082 4464 vivendi
1131 4401 1490 4465 licentiam
1540 4422 1581 4462 a
1630 4401 1835 4463 malis
1880 4397 2285 4462 hominibus
2331 4393 2497 4459 mihi
2548 4415 2689 4458 non
2731 4393 2937 4457 relin-

381 4505 530 4585 qui,
599 4507 860 4588 quibus
929 4518 1168 4570 tamen
1233 4509 1424 4590 piam
1497 4519 1570 4570 et
1617 4505 2093 4570 necessariam
2139 4504 2489 4568 medelam
2560 4499 2935 4564 attulerim.

383 4609 700 4678 Recurro
763 4615 982 4697 igitur
1025 4615 1411 4679 humillime
1471 4617 1561 4678 ad
1611 4617 1837 4697 pedes
1885 4613 1951 4676 S.
2000 4613 2089 4676 V.
2150 4631 2263 4674 me
2313 4611 2405 4672 ad
2453 4607 2702 4691 quevis
2748 4627 2936 4671 man-

385 4719 541 4786 data
603 4733 675 4786 et
723 4723 1068 4805 obsequia
1117 4725 1381 4806 ubique
1429 4733 1778 4786 terrarum
1840 4743 1972 4805 pro
2018 4719 2207 4782 virili
2254 4716 2774 4800 paratissimum
2824 4715 2937 4777 de-

386 4847 672 4906 vovens;
749 4831 1086 4914 dignetur
1147 4832 1388 4913 itaque
1437 4829 1509 4894 S.
1563 4831 1648 4896 V.
1696 4839 1999 4912 paterno
2048 4826 2311 4890 affectu
2373 4834 2445 4888 et
2491 4825 2703 4888 solita
2746 4821 2935 4885 beni-

386 4935 684 5019 gnitate,
756 4957 1052 5020 operam
1101 4959 1362 5020 meam,
1411 4937 1546 5001 etsi
1591 4948 1877 5002 tenuem
1926 4933 2207 4998 fidelem
2254 4943 2491 4996 tamen
2540 4943 2613 4995 et
2656 4931 2938 5009 integro

433 5063 586 5116 num,
612 5066 906 5105 Documenta
923 5065 1198 5105 Luthersna.
2552 5037 2621 5090 25
