3575 5775
1675 531 1790 584 0-<2
1870 532 1975 585 218
2054 530 2169 584 CH*

1873 865 1959 928 84

1449 979 1616 1060 Leo
1682 981 1766 1062 X.
1846 916 2173 1062 (la-rulo
2248 979 2398 1080 V.¹)

1587 1119 1782 1191 (Nunc.
1822 1120 2002 1178 Germ.
2039 1120 2101 1178 L.
2140 1121 2242 1192 54.)

1479 1227 1630 1296 (Cum
1673 1231 1861 1279 litteris
1910 1244 1985 1294 14.
2030 1233 2158 1280 Maii
2205 1233 2375 1293 1521.)

817 1372 1214 1436 Carissime.
1311 1371 1484 1435 Cum
1534 1371 1601 1433 in
1653 1373 1786 1434 hac
1824 1372 2217 1436 catholicae
2250 1373 2416 1437 fidei
2467 1396 2681 1438 causa
2730 1386 2799 1440 te
2847 1378 3213 1440 advocato

639 1482 844 1544 huius
895 1478 1205 1542 Sanctae
1257 1477 1466 1542 Sedis
1516 1481 1860 1541 adversus
1908 1479 2160 1561 impias
2210 1481 2583 1563 opiniones
2632 1505 2979 1546 novorum
3044 1487 3214 1547 hae-

635 1591 1011 1653 reticorum
1063 1608 1147 1649 ac
1199 1587 1410 1648 filium
1463 1587 1849 1668 praecipue
1880 1587 2271 1668 iniquitatis
2304 1589 2683 1653 Martinum
2726 1591 3215 1672 defendenda,

636 1719 722 1761 ea
771 1705 1316 1778 expectaremus
1366 1696 1454 1756 de
1503 1704 1667 1756 tuae
1717 1694 2113 1757 Maiestatis
2162 1696 2395 1758 animo
2446 1708 2657 1779 atque
2708 1698 2953 1761 iuditio
3020 1720 3217 1781 quae

637 1806 726 1867 de
773 1803 1081 1866 maximo
1131 1801 1454 1883 principe
1506 1811 1575 1862 et
1641 1801 2252 1882 praestantissimo
2317 1801 2623 1866 Caesare
2689 1816 3025 1886 poterant
3094 1829 3216 1870 ex-

636 1911 930 1994 pectari,
982 1910 1361 1972 fatebimur
1411 1919 1554 1970 tum
1605 1929 1870 1986 verum,
1921 1910 2136 1990 longe
2200 1909 2367 1971 vicit
2416 1910 2641 1972 virtus
2703 1921 2823 1973 tua
2888 1922 3215 1975 nostram

634 2017 1228 2100 expectationem.
1324 2016 1432 2077 Ita
1481 2016 1664 2078 enim
1713 2017 1805 2077 ad
1855 2036 1985 2078 nos
2034 2017 2339 2087 omnium
2392 2019 2744 2080 constanti
2802 2039 2981 2080 voce
3050 2039 3215 2100 per-

633 2130 852 2190 latum
902 2135 1008 2186 est
1056 2133 1327 2185 tantam
1373 2122 1444 2184 in
1496 2135 1564 2185 te
1614 2123 2063 2204 gravitatem,
2112 2133 2256 2185 tam
2302 2124 2792 2186 admirabilem
2823 2125 3217 2207 insignem-

634 2255 770 2315 que
803 2231 1244 2314 sapientiam,
1293 2239 1565 2292 tantum
1599 2230 1666 2291 in
1700 2239 1771 2292 te
1809 2229 2130 2292 extitisse
2164 2230 2563 2292 servandae
2594 2241 2663 2292 et
2690 2232 3219 2296 custodiendae

639 2341 788 2404 eius
855 2359 1066 2420 quam
1145 2359 1188 2399 a
1261 2339 1419 2399 Deo
1497 2348 1568 2398 et
1642 2337 1966 2418 patribus
2033 2339 2292 2399 nostris
2365 2338 2767 2419 accepimus
2833 2338 3219 2420 religionis

634 2447 962 2525 studium,
1009 2455 1086 2507 ut
1135 2445 1458 2506 omnibus
1507 2444 1883 2506 manifesto
1933 2445 2365 2526 apparuerit,
2416 2446 2645 2508 Deum
2694 2445 2819 2507 tibi
2871 2447 3217 2510 comitem

635 2568 705 2618 et
753 2553 887 2617 Dei
938 2551 1258 2634 spiritum
1307 2553 1444 2614 tuis
1493 2550 1776 2632 optimis
1827 2551 2136 2613 consiliis
2169 2551 2474 2614 affuisse.
2571 2552 2724 2614 Res
2771 2552 2992 2634 igitur
3042 2566 3219 2616 acta

631 2683 764 2745 per
812 2681 889 2722 se
939 2657 1264 2721 omnibus
1313 2657 1614 2720 saeculis
1663 2657 2139 2720 memorabilis
2190 2659 2591 2740 exemplum
2639 2661 2982 2730 salutare:
3048 2682 3217 2722 cac-

632 2780 824 2832 teros
875 2767 1058 2829 cnim
1110 2765 1460 2828 cernimus
1527 2764 2021 2828 auctoritatem
2087 2776 2274 2828 tuam
2344 2766 2412 2827 in
2483 2768 2886 2828 damnanda
2942 2769 3219 2848 perfidi

631 2875 930 2939 hominis
980 2873 1422 2937 contumacia
1471 2871 1681 2936 facile
1731 2873 2092 2954 secut0s2).
2193 2873 2376 2953 Quid
2427 2875 2678 2937 modus
2722 2884 2843 2937 aut
2890 2897 3220 2956 quonam

630 2987 808 3046 haec
859 3004 900 3045 a
967 2992 1037 3044 te
1087 2982 1320 3043 studio
1389 2990 1594 3061 gesta
1657 2982 1853 3042 sunt!
1950 2980 2149 3060 Quae
2218 2982 2633 3060 magnitudo
2701 2982 2943 3058 animi,
3015 3005 3219 3065 quae

629 3088 1050 3167 constantia,
1102 3088 1492 3150 cuiusmodi
1545 3108 1720 3169 erga
1753 3089 1983 3149 Deum
2032 3088 2263 3168 pietas
2300 3088 2515 3169 digna
2565 3088 2848 3168 quidem
2884 3088 3217 3154 Caesare

629 3199 756 3259 sed
816 3216 1085 3259 summo
1149 3206 1221 3256 et
1287 3194 1553 3276 optimo
1625 3194 1967 3256 Caesare!
2065 3193 2368 3256 Domine
2436 3197 2709 3257 salvum
2768 3196 2881 3257 fac
2949 3217 3215 3279 regem

627 3306 813 3366 hunc
865 3312 936 3365 et
986 3301 1238 3365 exaudi
1290 3322 1418 3363 nos
1465 3301 1537 3363 in
1585 3301 1700 3363 die
1749 3321 1891 3381 qua
1937 3300 2346 3363 invocamus
2396 3324 2492 3365 se.
2568 3302 2753 3383 Quid
2803 3304 2993 3383 quod
3046 3316 3217 3371 tute

630 3412 992 3471 decretum
1043 3420 1234 3485 tuum
1271 3406 1754 3487 conscripsisti
1810 3408 1972 3470 altis
2006 3407 2145 3469 illis
2195 3418 2263 3469 et
2297 3408 2689 3489 magnificis
2721 3409 2957 3471 verbis
2990 3432 3083 3473 ex
3098 3434 3215 3477 or·

630 3536 784 3577 sus:
849 3516 1166 3597 „Decere
1216 3523 1285 3576 te
1335 3536 1426 3575 ex
1477 3514 1797 3593 ducibus,
1849 3515 2366 3594 archiducibUS‚
2416 3518 2710 3598 regibus
2757 3516 3215 3598 imperatori—

628 3626 902 3704 busque
953 3621 1324 3683 oriundum
1375 3620 1629 3684 similia
1679 3621 1815 3683 illis
1862 3621 1930 3683 in
1984 3622 2119 3684 Dei
2170 3623 2675 3703 omnipotentis
2733 3626 3077 3688 honorem
3140 3640 3215 3690 et

627 3729 794 3793 fidei
843 3750 1012 3792 suae
1063 3738 1353 3791 sanctae
1403 3732 1702 3791 salutem
1773 3749 1993 3811 agere
2058 3750 2189 3791 nec
2257 3729 2639 3791 maioribus
2702 3730 2839 3792 tuis
2897 3733 3209 3797 deesse“

629 3848 761 3901 ete.
812 3838 947 3899 hoc
999 3856 1136 3897 non
1190 3844 1296 3897 est
1347 3857 1502 3898 esse
1567 3836 1862 3899 similem
1932 3838 2055 3898 scd
2121 3838 2335 3916 longe
2402 3837 2657 3897 virtute
2724 3839 3213 3915 antecedere;

626 3966 768 4007 non
821 3944 1004 4006 enim
1054 3943 1191 4005 iam
1243 3953 1312 4004 te
1365 3964 1453 4005 ex
1507 3944 1847 4006 maiorum
1899 3952 2175 4005 tuorum
2229 3943 2577 4024 exemplis
2642 3944 3215 4026 cohortabimur,

626 4054 754 4114 sed
801 4054 979 4114 haec
1049 4050 1181 4111 vrit
1244 4050 1457 4112 animi
1529 4052 1626 4112 tui
1701 4061 1771 4113 et
1843 4049 2124 4112 virtutis
2198 4050 2577 4112 excelsitas
2648 4073 2717 4113 in
2792 4051 3211 4116 universam

630 4160 1118 4239 posteritatem
1170 4158 1498 4220 omnibus
1560 4157 2004 4239 principibus
2067 4159 2419 4238 exemplO.
2517 4158 2663 4219 Nos
2722 4158 3005 4239 quidem
3076 4162 3209 4241 qui

627 4283 812 4324 novo
877 4266 1182 4344 quodam
1257 4264 1516 4326 amoris
1580 4264 1838 4326 affectu
1916 4284 2087 4342 erga
2154 4265 2597 4326 Maiestatem
2664 4276 2851 4327 tuam
2922 4264 3208 4329 incitati

627 4389 882 4449 sumus,
934 4371 1406 4451 deprecantes
1457 4370 1582 4433 tibi
1635 4372 1825 4452 apud
1878 4371 2434 4451 omnipotentem
2472 4372 2699 4434 Deum
2751 4374 2985 4434 omnia
3032 4394 3207 4455 pro-

626 4496 836 4557 spera
886 4488 954 4539 et
1003 4478 1216 4557 glori(
1240 4498 1336 4556 sa,
1389 4478 1656 4557 gratias
1706 4478 1832 4539 tibi
1870 4477 2147 4553 agimus
2196 4498 2327 4559 pro
2362 4488 2484 4539 tuo
2520 4476 2758 4541 officia
2806 4488 3005 4541 tanto
3050 4500 3205 4544 non

626 4603 802 4663 quas
851 4586 1210 4663 debemus,
1260 4586 1331 4646 id
1383 4594 1568 4647 enim
1619 4595 1724 4648 est
1761 4584 2129 4663 infinitum,
2164 4586 2288 4646 scd
2324 4594 2625 4665 quantas
2660 4587 2893 4647 animo
2926 4607 3207 4666 capere

689 4799 732 4842 ¹)
769 4797 950 4843 Edidit
993 4798 1268 4847 Laemmer
1304 4800 1395 4847 sed
1434 4801 1742 4849 incorrecte.

684 4872 727 4943 ⁸·')
770 4876 946 4924 Verba
985 4879 1256 4940 sequentia
1297 4896 1458 4943 usque
1499 4882 1562 4927 ad
1603 4882 1781 4929 dccet-e
1820 4888 1869 4929 te
1904 4886 2001 4927 etc.
2044 4880 2221 4927 omisit
2264 4882 2552 4943 Laemmer,
2594 4882 2771 4930 nescio
2812 4897 2916 4944 quo
2958 4883 3087 4937 sato.
