3575 5775
1660 598 2148 659 0-4351630

625 768 752 813 suo
841 748 1155 815 castello
1302 747 1426 812 Ma
1513 762 1970 831 quantunque
2065 749 2242 812 detti
2317 749 2596 813 tumulti
2672 748 2947 814 cessino
3035 770 3176 815 non

620 880 856 921 vanno
904 859 1080 941 pero
1126 860 1194 921 le
1243 878 1409 920 cose
1458 858 1527 920 al
1574 859 1728 919 loro
1797 857 2014 919 dritto
2064 858 2358 935 camino,
2405 859 2668 938 perche
2717 860 2932 939 quelli
2982 859 3178 921 Prin-

622 965 781 1047 cipe
831 977 903 1028 et
950 964 1187 1027 Nobili
1234 966 1465 1027 titano
1515 974 1699 1026 tutto
1766 985 1809 1026 a
1873 967 2025 1025 loro
2083 964 2372 1045 profitto
2433 986 2565 1028 con
2633 987 2774 1029 non
2823 986 3007 1047 poca
3055 986 3175 1048 op·

619 1072 988 1153 pressione
1038 1073 1154 1134 del
1203 1073 1430 1151 cler0,
1505 1083 1575 1133 et
1623 1071 1880 1133 liberta
1929 1072 2440 1151 ecclesiastica,
2501 1074 2684 1136 dove
2733 1074 2888 1137 sera
2937 1094 3176 1137 neces-

617 1178 803 1241 sario
854 1180 985 1241 che
1016 1179 1278 1241 Nostro
1328 1178 1636 1261 Signore
1686 1198 1818 1241 con
1869 1178 2130 1241 Cesare
2179 1181 2579 1261 proveggia
2628 1182 2933 1259 omnin0,
2983 1182 3174 1244 altri·

619 1286 835 1349 menti
882 1287 949 1349 io
1000 1295 1211 1366 tem0,
1260 1286 1327 1348 in
1380 1306 1717 1367 processo
1769 1286 1840 1347 di
1889 1296 2128 1367 tempo
2177 1306 2318 1349 non
2368 1288 2555 1351 vada
2599 1298 2860 1371 troppo
2909 1290 3172 1367 avanti,

616 1404 687 1457 et
735 1394 840 1456 sia
898 1394 1019 1476 poi
1076 1394 1236 1456 mal'
1294 1394 1623 1475 exempio
1681 1396 1820 1457 alle
1884 1395 2062 1456 altre
2111 1393 2397 1457 Nationi
2445 1396 2534 1457 de
2592 1396 2973 1460 christiani.
3070 1394 3168 1457 So

615 1503 749 1565 che
797 1500 943 1564 Sua
990 1501 1447 1564 Beatitudine
1496 1502 1787 1563 intende
1837 1500 1888 1563 il
1933 1510 2150 1580 tutto,
2215 1512 2285 1563 et
2345 1522 2478 1582 per
2524 1503 2590 1564 la
2638 1522 2766 1565 sua
2811 1491 3052 1581 bonta,
3103 1513 3174 1564 et

614 1610 995 1689 prudentia
1041 1630 1184 1672 non
1235 1609 1282 1671 li
1329 1608 1709 1672 manchera
1780 1609 1850 1671 di
1908 1612 2146 1671 buona
2210 1610 2640 1690 provisione.
2743 1611 2820 1672 ln
2894 1610 3172 1672 Vienna

614 1714 670 1777 si
721 1719 998 1779 attacco
1047 1717 1097 1779 il
1141 1717 1353 1779 fuoco
1403 1737 1490 1779 ne
1539 1719 1609 1778 la
1668 1716 2098 1796 munitione,
2167 1726 2238 1779 et
2287 1716 2325 1779 e
2396 1718 2716 1781 bruciata
2783 1726 2967 1779 tutta
3038 1738 3168 1779 con

614 1823 803 1886 circa
848 1824 897 1885 il
946 1836 1199 1905 quarto
1248 1824 1321 1888 di
1370 1826 1608 1906 quella
1657 1825 1850 1905 citta,
1901 1825 2012 1886 nel
2065 1824 2273 1904 quale
2321 1824 2378 1886 si
2413 1824 2944 1905 comprendono
2975 1835 3170 1903 quat·

614 1941 721 1993 tro
770 1930 1207 1996 Monasterii.
1304 1932 1411 1995 Ne
1459 1934 1527 1995 al
1575 1940 1909 2013 presente
1959 1932 2050 1993 mi
2103 1951 2393 1995 occorre
2441 1933 2645 2011 altr0,
2695 1952 2774 1994 se
2821 1951 2960 1992 non
3011 1950 3172 2010 sup-

608 2038 886 2119 plicarli
955 2039 1045 2101 mi
1116 2039 1568 2101 raccomandi
1642 2039 2103 2101 humilmente
2174 2038 2294 2102 alli
2369 2036 2766 2101 Santissimi
2835 2038 3028 2118 piedi
3097 2038 3172 2099 di

608 2144 870 2207 Nostro
920 2142 1250 2227 Signore,
1303 2156 1373 2207 et
1421 2168 1462 2207 a
1510 2168 1589 2209 se
1638 2155 1884 2223 stessa‚
1937 2146 2069 2207 che
2101 2146 2238 2207 Dio
2289 2146 2450 2207 tutti
2481 2145 2671 2207 felici
2706 2146 2776 2206 vi
2817 2144 3170 2207 conservi.

787 2252 899 2314 Ex
946 2252 1275 2315 Bononia
1324 2253 1443 2313 Vta
1488 2253 1800 2333 Augusti
1849 2252 2250 2314 MDXXV.

785 2359 861 2423 E.
913 2360 1001 2423 D.
1050 2360 1140 2422 V.
1190 2358 1262 2425 S.

2408 2468 2500 2515 Uti
2541 2468 2701 2515 frater
2739 2468 2988 2515 Deditm‘

2378 2558 2438 2607 L.
2492 2557 2631 2603 Car.
2689 2556 3022 2617 Campegi.

1809 3011 1958 3075 242.

1198 3129 1433 3231 Episc.
1494 3129 1956 3208 Tridentinus
2013 3127 2356 3207 Clementi
2410 3127 2568 3208 VH.

1519 3277 1719 3351 (Epist.
1755 3277 1930 3351 princ.
1968 3276 2070 3333 111.
2109 3275 2248 3346 216.)

1588 3397 1695 3464 (10.
1739 3397 1970 3459 Augusti
2017 3395 2190 3457 1525.)

786 3545 1229 3629 Scripseram
1255 3547 1637 3611 novissime
1674 3546 1771 3610 S0.
1827 3548 1938 3609 B¹¹¹
1971 3545 2276 3608 Cesaree
2308 3545 2704 3607 Maiestatis
2737 3543 3160 3607 sententiam

606 3675 761 3718 esse
810 3656 998 3736 quod
1048 3654 1433 3736 imperialis
1484 3669 1878 3717 conventus
1928 3653 2279 3715 indicatur
2337 3653 2614 3715 futurus
2673 3654 2998 3734 Auguste
3067 3653 3163 3713 ad

602 3761 1004 3844 proximum
1052 3760 1309 3823 festum
1356 3761 1764 3840 MichaeliS,
1815 3762 1904 3822 de
1954 3780 2092 3842 quo
2140 3760 2576 3841 publicando
2625 3761 2741 3821 vel
2790 3779 2902 3838 ne,
2945 3777 3162 3839 quum

603 3871 926 3951 plerique
975 3870 1166 3950 apud
1216 3868 1739 3931 serenissimum
1786 3868 2178 3950 principem
2229 3867 2529 3929 diversis
2577 3867 2760 3929 votis
2793 3885 3160 3928 moveren-

603 3989 715 4039 tur
764 3997 895 4039 nec
942 3976 1131 4039 idern
1182 3974 1558 4054 sentirent,
1620 3975 1888 4057 placuit
1948 3974 2369 4056 quibusdam
2423 3993 2535 4036 me
2583 3993 2864 4055 quoque
2914 3991 3160 4035 consu-

603 4086 749 4146 lere
799 4085 967 4166 quid
1016 4083 1171 4165 ipse
1222 4103 1583 4144 censerem
1634 4093 1958 4164 prestare
1976 4105 1990 4156 ;
2048 4082 2381 4162 respondi
2448 4081 2762 4143 rationes
2829 4082 3010 4142 ultro
3069 4079 3162 4141 ci-

604 4203 855 4272 troque
908 4191 1160 4252 adduci
1210 4210 1421 4271 posse
1483 4189 1553 4252 in
1604 4193 2016 4253 alterutram
2076 4187 2614 4280 consultationis
2679 4197 2982 4268 partem:
3047 4206 3162 4249 me

602 4307 836 4359 tamen
886 4297 1159 4360 moveri
1206 4297 1433 4378 magis
1483 4297 1573 4358 ad
1624 4297 2056 4359 suadendam
2117 4296 2301 4358 illius
2349 4293 2899 4376 publicationem
2948 4313 3160 4374 quarn

608 4407 725 4466 vel
774 4404 1233 4467 omittendam
1282 4406 1395 4465 vel
1446 4405 1994 4476 retardandam3
2060 4403 2173 4464 cui
2229 4402 2544 4484 opinioni
2594 4402 2825 4463 adhuc
2875 4402 3160 4464 haereo.

604 4511 1042 4592 Quamquam
1118 4512 1406 4574 ettenim
1480 4511 1847 4592 praeteriti
1920 4519 2310 4572 conventus
2379 4508 2656 4590 imperii
2726 4510 2842 4570 vel
2909 4525 3162 4588 parum

601 4621 717 4682 vel
768 4618 935 4680 nihil
986 4639 1171 4700 pene
1218 4617 1635 4699 profuerint,
1685 4618 1757 4680 in
1807 4618 1914 4680 his
1963 4617 2348 4699 praecipue
2411 4635 2591 4698 quae
2654 4615 2743 4676 ad
2807 4613 3158 4677 haeresim

601 4728 995 4788 lateranam
1046 4726 1543 4788 eradicandam
1594 4725 1897 4787 maxime
1947 4725 2302 4805 profuisse
2349 4723 2781 4803 debuissent,
2831 4729 2902 4784 et
2959 4729 3158 4783 certo

602 4833 831 4897 teneri
876 4833 1104 4914 possit
1151 4833 1580 4913 presentiam
1642 4831 1967 4895 Caesaris
2029 4834 2096 4894 in
2150 4831 2533 4896 Germania
2594 4832 2809 4911 longe
2873 4829 3160 4908 lateque

600 4943 708 5004 his
758 4944 967 5004 rebus
1016 4941 1415 5002 conducere
1482 4960 1731 5021 posse;
1807 4960 2016 5022 quum
2080 4951 2313 5001 tamen
2387 4959 2554 5000 suae
2617 4937 2736 4998 Μὴ
2807 4937 3156 5002 adventus
