3575 5775
1377 578 1833 637 04:367&

382 715 518 784 mam
559 737 674 792 tua
719 729 1004 810 virtute,
1055 739 1126 793 et
1173 728 1244 792 in
1279 730 1510 792 Deum
1543 725 1906 790 Summum
1956 745 2127 790 vere
2176 727 2562 792 christiana
2604 725 2893 810 pietate,

387 819 525 889 Omni
575 837 782 900 laude
845 839 1456 905 commendamus:
1521 837 1859 918 quodque
1926 847 2034 898 est
2079 835 2463 918 reliquum,
2528 837 2894 899 hortamur

391 922 620 1006 eandem
671 953 864 1008 tuam
897 943 1384 1025 Nobilitatem,
1432 944 1506 1006 in
1535 943 1865 1024 DominO,
1915 953 1992 1005 ut
2038 953 2441 1024 susceptam
2476 945 2695 1007 semel
2726 942 2893 1005 fidei

394 1024 610 1112 Sanetae
658 1051 1092 1132 catholicae,
1155 1063 1228 1114 et
1276 1052 1458 1134 ejus,
1521 1050 1635 1112 cui
1683 1050 1844 1112 Deo
1893 1051 2111 1112 dante
2158 1049 2637 1131 presidemuS‚
2705 1049 2895 1112 sedis

391 1149 410 1168 ⁴
441 1143 787 1220 poStolicae
811 1158 1486 1240 propugnationem,
1519 1157 1677 1239 pari
1705 1156 1991 1234 virtute,
2024 1166 2096 1219 et
2122 1157 2523 1220 constantia
2555 1157 2625 1220 in
2655 1166 2893 1239 poste·

387 1227 498 1304 rum
537 1267 796 1338 tueare;
865 1274 942 1328 ut
999 1266 1058 1328 si
1105 1265 1258 1328 fieri
1307 1274 1546 1348 potest
1594 1265 1808 1327 etiam
1855 1264 1971 1327 isti
2018 1264 2138 1346 qui
2188 1273 2259 1326 et
2307 1265 2539 1328 Deum
2588 1273 2661 1328 et
2710 1285 2891 1328 com-

343 1327 602 1484 ‹3⁰²⁰an
661 1393 948 1454 pacem,
1009 1372 1493 1454 unitatemque
1558 1370 2031 1434 Christianam
2098 1371 2502 1436 discindere
2566 1381 2893 1454 querunt,

383 1425 424 1502 d
487 1475 864 1542 Salutarem
912 1479 1379 1561 penitentiam
1465 1478 1820 1559 conversi,
1900 1477 2181 1542 veniam
2260 1480 2547 1543 admissi
2632 1479 2894 1543 erroris

327 1573 878 1666 promereantur,
929 1597 1050 1648 aut
1097 1586 1155 1648 si
1203 1587 1520 1667 maligno
1569 1586 1821 1667 spiritu
1868 1587 2184 1649 occecati
2233 1587 2303 1650 in
2351 1587 2709 1670 pravitate
2738 1607 2893 1669 per-

325 1696 602 1774 sistent,
667 1713 762 1756 ne
823 1694 1256 1775 contagione
1320 1702 1627 1756 noceant
1682 1715 1724 1755 a
1771 1692 1978 1758 bonis
2026 1693 2380 1757 mentibus
2424 1693 2740 1756 fidelium
2789 1715 2891 1756 ar-

329 1810 651 1881 ceantur,
725 1802 918 1881 quod
991 1802 1182 1882 apud
1255 1821 1600 1864 summum
1661 1802 1890 1863 Deum
1962 1800 2093 1862 tibi
2155 1800 2629 1882 fructuosum,
2698 1802 2892 1884 apud

327 1927 561 1970 omnes
610 1905 936 1970 homines
985 1907 1294 1970 futurum
1347 1917 1454 1970 est
1503 1908 1913 1990 gloriosum,
1962 1907 2169 1971 nobis
2196 1929 2373 1972 vero
2414 1930 2631 1991 supra
2660 1908 2894 1972 omnia

322 2012 832 2094 gratissimum3
895 2013 1075 2077 sicut
1134 2015 1346 2078 latius
1409 2035 1566 2078 cum
1615 2013 2007 2078 Nobilitate
2071 2023 2191 2077 tua
2253 2016 2369 2079 dil.
2420 2015 2525 2081 Fi.
2572 2017 2895 2080 Marinus

324 2121 760 2200 Carraciola,
824 2131 896 2183 et
961 2121 1418 2184 Hieronimus
1471 2123 1835 2184 Aleander
1898 2122 2154 2184 notarii
2222 2133 2294 2184 et
2342 2123 2587 2184 Nuntii
2645 2124 2892 2205 nostri,

321 2229 428 2289 vel
475 2230 660 2290 alter
724 2247 966 2290 eorum
1017 2238 1263 2291 nostro
1327 2228 1643 2310 nornine,
1708 2237 1961 2312 agent,
2030 2229 2287 2310 quibus
2347 2231 2633 2311 plenam
2678 2229 2907 2293 fidem'

321 2333 636 2398 habebis,

485 2443 657 2505 Dat.
709 2442 996 2505 Romae
1044 2441 1297 2507 XXV.
1349 2441 1560 2505 Febr.
1621 2463 1780 2521 1521
1835 2464 2023 2506 anno
2074 2453 2350 2509 octavo,

487 2557 1016 2622 Cardinalibus.

489 2663 897 2727 Nobilibus,

490 2770 817 2851 Quatuor
866 2771 1181 2852 prelatis,

493 2877 822 2973 Quatuor
872 2875 1050 2969 aliis.

1553 3256 1656 3319 28.

1051 3368 1707 3451 vicecancellarius
1763 3372 2142 3456 Aleandro.

1131 3498 1414 3564 (Nunoiat.
1455 3501 1705 3560 German.
1741 3502 1806 3561 1..
1845 3502 1937 3563 fol.
1977 3504 2083 3577 25.)

791 3602 890 3651 ‘Ex
929 3601 1200 3649 Florentia
1239 3602 1323 3650 26.
1363 3602 1519 3651 Febr.
1568 3614 1718 3666 1521.
1757 3631 1827 3641 --
1862 3608 2071 3656 Worm.
2112 3609 2163 3657 8·
2203 3608 2420 3679 Martii.)

505 3724 632 3787 Rde
663 3725 781 3788 Pr.
833 3725 1057 3788 amice
1107 3734 1350 3789 noster
1398 3729 1829 3793 charissime.
1894 3732 2172 3795 Perche
2221 3735 2285 3797 el
2333 3746 2669 3818 presente
2703 3736 2889 3803 Gen-

356 3828 660 3895 tilhuomo
728 3834 860 3895 che
925 3832 1132 3895 viene
1194 3835 1336 3896 alla
1398 3844 1596 3898 corte
1659 3850 1864 3919 parte
1933 3840 2047 3901 nel
2098 3844 2421 3906 medemo
2470 3853 2708 3926 tempo
2758 3847 2889 3909 che

360 3934 454 3995 Nm
499 3936 564 4003 S.
630 3958 914 4021 appena
961 3941 1243 4002 haveva
1288 3951 1585 4024 possuto
1634 3946 1902 4008 vedere
1951 3949 2019 4010 le
2067 3959 2308 4013 vostre
2358 3952 2447 4014 de
2494 3952 2691 4032 VIII,
2741 3952 2890 4016 XII

366 4050 420 4101 et
459 4042 648 4123 XIV,
697 4066 838 4108 non
887 4044 957 4109 vi
1008 4046 1067 4108 si
1116 4048 1256 4129 puo
1305 4050 1482 4113 hora
1529 4050 1951 4133 rispondere
2000 4058 2181 4119 altro
2232 4060 2363 4121 che
2411 4061 2777 4123 accusarvi
2821 4063 2887 4123 la

368 4162 662 4214 recevuta
732 4164 803 4215 et
874 4156 1405 4217 commendarvi
1477 4158 1663 4220 assai
1733 4162 1924 4223 dello
1996 4164 2231 4226 studio
2303 4164 2521 4228 satica
2591 4178 2662 4229 et
2723 4168 2889 4230 fede

371 4266 590 4321 vostra.
680 4260 965 4341 Quanto
1039 4263 1171 4324 che
1233 4264 1400 4326 nelli
1463 4266 1664 4328 brevi
1729 4270 2046 4332 mandati
2106 4292 2248 4335 non
2317 4272 2504 4335 fuste
2562 4274 2755 4339 facta
2818 4276 2887 4338 di

379 4362 469 4420 voi
501 4366 857 4445 mentione,
907 4364 946 4427 e
979 4370 1349 4450 accadutO,
1399 4392 1540 4433 non
1589 4376 1859 4454 perche
1908 4378 2095 4439 della
2128 4398 2434 4459 persona
2467 4389 2715 4444 vostra
2745 4404 2887 4445 non

385 4461 635 4531 sihabbi
680 4472 798 4554 qui
848 4472 1016 4555 ogni
1067 4477 1535 4541 conveniente
1584 4479 1897 4561 rispecto
1947 4493 2020 4546 et
2068 4486 2171 4547 sia
2217 4506 2347 4568 per
2381 4488 2667 4552 haversi
2699 4492 2889 4553 nello

389 4570 664 4641 advenire
719 4580 1076 4660 magiore;
1145 4604 1257 4645 ma
1318 4586 1581 4666 perche
1645 4588 1734 4649 ne
1800 4590 1918 4651 voi
1978 4592 2047 4653 lo
2095 4591 2460 4656 ricercasti
2509 4596 2599 4659 ne
2646 4597 2766 4678 qui
2812 4598 2886 4661 fu

395 4674 712 4760 advertito;
764 4684 854 4749 ne
903 4690 1128 4751 anche
1177 4692 1352 4772 pero
1403 4694 1518 4754 del
1551 4692 1963 4759 Caracciolo
2014 4698 2071 4761 si
2120 4698 2279 4763 fece
2312 4703 2671 4785 memoria,
2723 4707 2889 4767 ben—

399 4778 494 4840 che
538 4787 618 4850 lui
674 4792 743 4855 in
807 4804 1062 4874 questa
1123 4816 1338 4860 causa
1403 4800 1476 4860 di
1525 4800 1793 4865 Luther
1857 4824 2137 4887 sempre
2207 4808 2603 4890 preferisca
2652 4822 2722 4873 et
2772 4812 2891 4874 dia

403 4880 660 4961 l'honore
704 4902 794 4962 ad
845 4900 982 4965 voi.
1049 4900 1424 4985 Seguitate
1474 4927 1609 4989 pur
1658 4909 1728 4970 di
1780 4914 1969 4973 bono
2018 4914 2249 4978 animo
2285 4928 2356 4979 et
2385 4919 2891 5000 persuadetevi

2506 5024 2571 5079 5*
