3575 5775
1665 566 2158 624 0-<134408>-0

634 715 929 779 exitium
966 715 1353 778 animarum
1398 733 1689 794 quarum
1722 711 2064 795 precipue
2114 710 2321 774 nobis
2370 732 2538 774 cura
2585 713 3016 776 demandata
3065 724 3192 794 est,

634 831 779 885 tum
806 822 1006 886 istius
1035 820 1293 884 nobilis
1322 829 1488 882 tuae
1537 827 1609 882 et
1639 819 1847 882 nobis
1881 817 2334 882 charissimae
2367 817 2836 884 Germanicae
2886 821 3192 885 nationis

636 930 967 993 damnum
1016 938 1087 991 et
1132 927 1629 1010 ignominiam:
1690 945 1865 1007 quas
1914 935 2192 988 nostras
2237 926 2680 990 hortationes
2728 927 2994 991 utinam
3041 928 3190 1010 plu-

633 1057 748 1100 res
796 1047 867 1099 et
923 1036 1189 1098 maiore
1252 1033 1484 1097 studio
1557 1031 2038 1114 suscepissent
2064 1055 2078 1106 ;
2155 1041 2343 1096 esset
2405 1054 2589 1096 nunc
2652 1033 2752 1097 illi
2814 1036 3087 1117 populo
3151 1056 3194 1096 a

635 1145 791 1207 Deo
840 1143 1033 1206 facta
1080 1144 1310 1215 salus;
1371 1149 1608 1204 tamen
1675 1160 2034 1221 nunquam
2083 1140 2505 1204 desistemus
2552 1143 2686 1204 hoc
2735 1141 2921 1205 idem
2971 1161 3193 1224 agere

634 1270 764 1332 pro
825 1249 1201 1312 occasione
1244 1257 1667 1330 temporum.
1760 1246 1966 1310 Nunc
2024 1247 2309 1328 quidem
2372 1250 2563 1330 quod
2610 1249 2702 1310 ad
2751 1258 2907 1311 tuas
2955 1258 3194 1331 postu·

632 1359 934 1419 lationes
984 1364 1054 1418 et
1099 1354 1219 1438 pia
1267 1377 1349 1418 ac
1407 1365 1652 1418 sancta
1719 1353 2074 1417 desideria
2146 1355 2430 1436 attinet,
2490 1357 2866 1420 laudantes
2926 1377 3196 1420 summe

632 1461 1074 1545 propositum
1153 1471 1225 1525 et
1293 1461 1741 1544 prudentiam
1803 1461 2214 1524 Nobilitatis
2286 1470 2450 1525 tuae
2462 1501 2493 1543 ,-
2557 1482 2770 1544 quum
2849 1462 3198 1526 eiusmodi

631 1569 1043 1632 facultatem
1089 1569 1404 1632 tribuere
1454 1576 1738 1650 oportet
1784 1567 1986 1631 iuxta
2034 1568 2318 1631 ordines
2350 1579 2422 1632 et
2452 1571 2740 1654 regulas
2789 1581 3195 1634 sanctorum

634 1684 935 1758 patrum,
983 1675 1149 1756 quia
1194 1685 1449 1757 postea
1496 1685 1661 1737 tuae
1710 1673 2150 1738 auctoritatis
2198 1675 2443 1758 gladio
2489 1676 2740 1739 armati
2787 1679 3196 1742 mandatam

635 1790 708 1845 et
754 1781 1316 1845 commissionem
1376 1790 1566 1843 tuam
1640 1793 2109 1864 exequantur,
2177 1783 2602 1846 comittimus
2671 1795 2918 1847 tenore
2992 1806 3194 1867 prae·

640 1888 941 1952 sentium
994 1897 1064 1951 et
1110 1889 1522 1952 facultatem
1570 1890 1877 1971 amplam
1927 1891 2174 1951 damus
2239 1889 2500 1953 dilecto
2566 1890 2712 1954 filio
2770 1901 3013 1955 nostro
3072 1892 3198 1955 Er-

633 1997 860 2060 hardo
944 1995 1302 2059 Cardinali
1380 1995 1761 2059 Leodiensi
1823 2006 1897 2059 ut
1967 1995 2156 2078 ipse,
2228 1997 2346 2079 qui
2416 2006 2487 2059 et
2550 1997 2873 2062 homines
2941 2009 3015 2062 et
3079 2019 3198 2063 res

636 2105 855 2167 habet
879 2092 1225 2185 cognitas,
1275 2105 1456 2166 tales
1502 2123 1849 2185 personas
1898 2103 2262 2168 nominare
2310 2124 2492 2186 quae
2543 2114 2616 2167 et
2661 2105 2922 2169 virtute
2971 2115 3045 2168 et
3090 2126 3198 2170 re-

635 2209 903 2292 ligione
953 2219 1024 2272 et
1073 2211 1397 2273 doctrina
1443 2219 1653 2292 aptae
1704 2210 1846 2272 sint
1891 2211 1984 2272 ad
2032 2209 2529 2293 inquirendum
2577 2223 2826 2275 contra
2892 2214 3197 2276 luthera-

634 2338 765 2381 nos
815 2328 885 2380 et
932 2337 1078 2398 eOS,
1128 2317 1187 2380 si
1236 2317 1352 2399 qui
1401 2316 1687 2398 fuerint,
1738 2318 1856 2380 vel
1904 2320 2308 2399 cogendum
2354 2328 2430 2380 ut
2476 2319 2926 2402 resipiscant,
2970 2322 3086 2382 vel
3139 2319 3198 2382 si

635 2424 1040 2507 pertinaces
1088 2424 1158 2487 in
1208 2444 1335 2486 suo
1386 2426 1656 2488 scelere
1708 2433 1777 2486 et
1831 2423 2196 2507 impietate
2242 2427 2799 2507 permanserint,
2861 2436 3200 2508 tanquam

635 2532 1036 2594 haereticos
1098 2530 1529 2613 puniendos;
1601 2551 1785 2613 quae
1847 2531 2060 2595 etiam
2119 2551 2473 2614 personae
2537 2533 3008 2596 nominandae
3067 2534 3200 2596 tibi

637 2647 885 2719 gratae
936 2647 1008 2700 et
1055 2647 1396 2720 acceptae
1446 2659 1601 2700 esse
1652 2638 2184 2720 dignoscantur.
2290 2639 2440 2702 Nos
2510 2639 2694 2703 enim
2759 2640 3020 2702 talibus
3077 2639 3198 2722 qui

640 2764 770 2827 per
819 2743 1082 2807 dictum
1131 2745 1565 2808 cardinalem
1612 2745 1953 2808 nominati
2003 2755 2075 2808 et
2121 2766 2163 2808 a
2225 2754 2297 2810 te
2346 2746 2696 2828 acceptati
2747 2746 3008 2810 fuerint
3056 2768 3198 2811 om-

639 2873 800 2915 nem
852 2861 1098 2916 tenore
1146 2853 1585 2935 presentium
1616 2855 1863 2917 damus
1897 2853 2292 2937 apostolica
2321 2853 2743 2917 auctoritate
2785 2853 3198 2919 facultatem

638 2960 840 3022 simul
890 2967 962 3021 et
1009 2969 1438 3041 potestatem
1486 2970 1735 3023 contra
1784 2960 2011 3024 dictas
2059 2960 2577 3025 ecclesiasticas
2620 2982 2965 3043 personas
3011 2982 3200 3044 quae

639 3076 1037 3149 compertas
1086 3066 1156 3130 in
1205 3068 1341 3130 ista
1387 3066 1663 3130 nefaria
1709 3068 1944 3130 heresi
1991 3067 2276 3149 fuerint,
2325 3068 2764 3150 procedendi
2826 3068 3038 3131 etiam
3099 3070 3197 3131 di·

635 3172 849 3235 missa
896 3172 1199 3236 formula
1245 3172 1613 3236 iudiciaria
1661 3174 2037 3238 summarie
2102 3195 2187 3237 ac
2247 3175 2337 3237 de
2383 3176 2628 3256 plan0,
2679 3176 2832 3238 sola
2893 3175 3200 3241 veritate

636 3270 979 3360 inspecta,
1032 3291 1104 3342 et
1130 3280 1187 3343 si
1218 3278 1590 3343 convictae
1623 3280 1890 3342 fuerint
1920 3280 2078 3343 illas
2111 3280 2396 3362 publice
2428 3290 2818 3345 retractare
2867 3282 3200 3365 cogendi,

637 3386 1045 3468 pertinaces
1118 3396 1188 3449 et
1255 3386 1651 3451 obstinatos
1722 3387 1934 3450 etiam
2016 3388 2352 3451 extremis
2427 3388 2793 3471 suppliciis
2856 3389 3200 3471 puniendi

638 3492 877 3556 iuxsta
925 3493 1245 3557 ordinem
1294 3504 1366 3557 et
1412 3515 1679 3557 morem
1728 3515 1769 3556 a
1819 3493 2101 3558 Sanctis
2151 3494 2482 3557 Patribus
2529 3504 2601 3557 et
2661 3495 2969 3559 romanis
3018 3496 3198 3559 Pon·

637 3598 945 3662 tificibus
980 3611 1229 3664 contra
1257 3601 1657 3665 haereticos
1688 3610 2025 3664 statutum
2075 3621 2214 3663 non
2264 3601 2712 3665 obstantibus
2755 3603 3194 3683 quibuscum-

640 3724 798 3786 que.
894 3707 1001 3769 Tu
1052 3726 1247 3788 ergo,
1299 3706 1555 3770 dilecte
1606 3707 1723 3788 fili,
1774 3708 1846 3771 in
1892 3710 2030 3771 hac
2078 3708 2197 3791 pia
2245 3718 2316 3771 et
2364 3708 2716 3771 catholica
2754 3719 2991 3773 mente
3027 3730 3202 3793 erga

638 3813 1197 3897 omnipotentem
1226 3818 1453 3878 Deum
1498 3836 1970 3897 perseverans
2020 3815 2379 3880 confidere
2429 3816 2728 3879 debebis
2775 3828 2847 3879 te
2881 3816 3199 3899 praemia

638 3923 729 3983 ab
780 3941 865 3983 eo
915 3920 1156 4003 digna,
1207 3944 1248 3986 a
1296 3921 1499 3984 nobis
1549 3922 1831 4003 quidem
1883 3943 2159 3985 omnem
2206 3922 2529 4004 gratiam,
2579 3944 2622 3986 a
2663 3923 2933 3985 cunctis
2979 3924 3198 3987 homi·

638 4026 844 4089 nibus
893 4029 1176 4092 laudem
1224 4038 1765 4109 reportaturum.
1863 4030 2024 4094 Dat.
2091 4030 2368 4092 Romae
2437 4030 2549 4093 die
2600 4030 2865 4093 XXIII
2927 4030 3200 4113 Aprilis

636 4132 1022 4197 MDXXV
1070 4156 1256 4198 anno
1306 4136 1642 4198 secundo,
