3575 5775
1694 577 1996 634 0-63250
2071 573 2188 632 52³-0

660 731 729 791 lo
810 737 1217 790 accettorno
1294 726 1754 788 monstrando
1823 733 2020 787 certo
2091 727 2285 787 bona
2355 725 2768 790 obedientia
2831 737 2903 790 et
2959 730 3107 791 zelo
3155 729 3222 790 al

662 833 1159 907 Sanctissim03
1226 835 1361 896 alli'
1412 831 1573 896 altri
1622 831 1939 912 Principi
2002 831 2366 912 presentai
2430 831 2550 912 poi
2613 833 2660 894 li
2731 833 2883 896 suoi
2931 855 2972 896 a
3019 843 3221 916 parte

660 942 923 1023 perche
975 941 1159 1004 cossi
1225 960 1437 1022 parse
1504 941 1567 1001 el
1632 938 1842 1001 melio
1907 958 2038 1019 per
2104 939 2320 999 molte
2371 958 2604 1001 cause.
2703 939 2975 1020 Questo
3023 939 3223 1021 fatto,

662 1049 881 1112 Cesar
950 1051 1143 1110 resto
1207 1049 1361 1109 solo
1426 1067 1581 1108 cum
1644 1045 1690 1107 li
1762 1044 2074 1124 Principi
2141 1044 2436 1106 electori
2505 1055 2577 1106 et
2637 1047 2872 1108 alcuni
2935 1047 3096 1110 altri
3157 1057 3224 1109 et

660 1155 904 1218 fattosi
953 1164 1297 1236 apportar
1346 1153 1677 1229 l'editto,
1740 1150 1930 1212 disse
1991 1153 2144 1213 loro
2203 1171 2359 1213 cum
2409 1152 2766 1214 authorita
2814 1165 3223 1218 veramente

663 1263 989 1342 Cesarea,
1042 1273 1291 1344 questo
1342 1263 1377 1323 e
1427 1261 1497 1322 10
1547 1257 1771 1321 editto
1823 1260 1954 1321 che
2003 1257 2070 1320 io
2122 1259 2414 1321 intendo
2450 1261 2650 1322 voler
2698 1261 2992 1342 exequir
3040 1261 3112 1324 in
3160 1263 3228 1323 la

662 1391 876 1432 causa
903 1369 1333 1445 Lutherana,
1382 1366 1500 1430 voi
1548 1368 1618 1428 10
1668 1366 2030 1444 vederete,
2083 1375 2153 1427 et
2203 1365 2386 1427 cossi
2435 1364 2510 1427 fu
2557 1367 2733 1428 letto
2782 1387 2914 1448 per
2961 1371 3027 1430 el
3077 1369 3224 1430 dot·

663 1489 772 1540 tor
804 1477 1149 1558 Spieghel
1200 1497 1335 1539 con
1384 1477 1659 1557 grande
1708 1473 2056 1536 attention
2109 1473 2200 1535 de
2251 1472 2432 1552 tutti,
2483 1481 2554 1534 et
2587 1473 2655 1535 in
2693 1473 2834 1536 fine
2867 1477 2936 1536 lo
2970 1477 3230 1537 elettor

660 1585 962 1664 Joachin
1014 1604 1363 1646 consensu
1416 1591 1487 1644 et
1536 1580 1821 1644 nomine
1869 1579 2180 1642 omnium
2230 1580 2454 1660 disse,
2519 1581 2650 1642 che
2700 1582 2924 1644 alloro
2975 1581 3228 1663 piacea

661 1693 950 1773 leditto,
1018 1700 1090 1754 et
1150 1693 1282 1754 che
1330 1711 1407 1752 se
1468 1689 1844 1752 mandasse
1901 1688 1992 1750 ad
2055 1686 2484 1750 executione
2547 1707 2758 1750 senza
2805 1687 3088 1750 mutarli
3135 1707 3229 1750 un

661 1801 829 1878 iota,
878 1808 950 1861 et
997 1800 1127 1862 che
1178 1797 1361 1859 cossi
1410 1816 1535 1858 era
1582 1804 1768 1858 stata
1815 1795 1884 1856 la
1933 1802 2168 1856 mente
2219 1803 2291 1857 et
2338 1795 2748 1858 conclusion
2815 1796 2904 1856 de
2971 1795 3136 1857 tutti
3182 1795 3231 1856 11

662 1907 826 1968 stati
875 1908 963 1968 de
1012 1903 1355 1986 limperiO.
1452 1901 1529 1964 Io
1578 1901 1651 1963 di
1698 1911 1952 1982 questo
2002 1921 2093 1964 ne
2125 1900 2504 1964 demandai
2551 1911 2702 1964 atto
2751 1901 3112 1964 autentico
3161 1902 3230 1964 al

664 2017 916 2077 doctor
964 2009 1308 2093 Spieghel
1359 2031 1561 2072 como
1612 2009 1891 2071 notario
1943 2018 2012 2070 et
2062 2005 2468 2071 Secretario
2519 2010 2920 2091 imperiale,
2980 2019 3053 2072 et
3107 2008 3232 2089 gia

664 2118 989 2183 Palentia
1036 2120 1078 2181 1’
1101 2118 1331 2180 havea
1380 2117 1812 2179 demandato
1863 2114 2146 2177 nomine
2196 2114 2541 2178 Caesaris,
2637 2115 2770 2178 Poi
2819 2116 3025 2179 usciti
3072 2116 3232 2178 fora

665 2243 1057 2289 trovammo
1106 2234 1290 2287 tutto
1340 2225 1387 2286 il
1436 2225 1697 2286 mondo
1748 2225 1880 2285 che
1931 2232 2336 2306 expectava
2383 2231 2636 2303 questa
2682 2227 3072 2287 benedetta
3126 2245 3229 2287 re·

664 2333 1036 2412 solutione,
1086 2331 1353 2412 perche
1400 2331 1517 2412 gia
1566 2331 1832 2412 passim
1881 2350 1957 2392 se
2007 2329 2393 2410 divulgava
2439 2350 2572 2411 pei·
2620 2332 2781 2394 tutti
2829 2332 3062 2413 questi
3109 2351 3227 2412 pa·

665 2441 766 2503 esi
828 2440 959 2500 che
1012 2436 1276 2500 Caesar
1336 2437 1546 2500 melio
1610 2436 1994 2500 informato
2064 2439 2153 2499 de
2215 2439 2281 2501 le
2330 2457 2494 2500 cose
2545 2437 2634 2500 de
2681 2438 2950 2501 Luther
2996 2442 3232 2502 havea

661 2557 1000 2609 revocato
1060 2545 1107 2606 il
1172 2546 1508 2606 mandato
1560 2554 1630 2605 et
1678 2565 1804 2606 era
1851 2543 2036 2606 assai
2099 2554 2494 2626 apparente
2544 2565 2837 2627 apres-so
2909 2546 2954 2609 il
3008 2550 3228 2629 vulgo

663 2653 927 2736 perche
976 2671 1179 2714 como
1228 2651 1464 2714 scrissi
1512 2671 1643 2732 per
1692 2651 1828 2714 mie
1868 2651 2109 2714 ultime
2159 2652 2276 2732 gia
2328 2653 2368 2714 1'
2402 2651 2785 2734 impressor
2832 2656 3066 2716 havea
3113 2676 3225 2717 00-

664 2759 994 2822 minciato
1044 2755 1113 2820 la
1144 2757 1375 2839 prima
1422 2757 1670 2838 forma,
1720 2760 2008 2838 quando
2043 2759 2118 2820 fu
2154 2761 2578 2822 comandato
2621 2781 2762 2822 non
2798 2765 3230 2842 procedesse

662 2867 778 2949 piu
832 2864 1093 2948 avanti,
1145 2867 1380 2929 donde
1430 2866 1477 2929 li
1528 2866 1920 2929 Lutherani
1969 2888 2058 2931 ne
2107 2867 2346 2932 fecero
2397 2867 2641 2947 iubilo,
2689 2869 2736 2931 il
2787 2872 2952 2951 qual
3001 2872 3230 2952 perho

662 2996 846 3058 poco
898 2974 1073 3036 duro
1123 2995 1253 3056 per
1302 2976 1475 3055 lor0,
1508 2974 1757 3040 ‘intesa
1807 2978 1938 3038 che
1987 2978 2307 3038 hebbero
2359 2990 2610 3057 questa
2659 2986 2864 3039 santa
2899 2978 3229 3040 conchiu-

662 3084 881 3146 sione.
978 3079 1232 3144 Subito
1282 3081 1357 3143 fu
1406 3081 1777 3162 divulgata
1827 3092 2077 3164 questa
2124 3084 2312 3145 sama
2345 3103 2477 3163 per
2507 3094 2688 3145 tutta
2723 3096 2972 3164 questa
3013 3096 3232 3164 terra,

662 3210 795 3252 con
846 3190 1119 3271 grande
1168 3190 1562 3269 allegrezza
1610 3190 1702 3252 de
1750 3189 1935 3269 tutti,
1985 3190 2292 3269 hispani,
2352 3189 2502 3251 itali
2553 3200 2624 3253 et
2671 3194 2853 3253 assai
2901 3193 3234 3273 germani

664 3306 733 3357 et
803 3296 986 3357 assai
1037 3295 1361 3357 tristezza
1427 3296 1569 3357 deli
1632 3296 2022 3376 lutherani,
2099 3296 2144 3357 li
2195 3296 2386 3377 quali
2434 3317 2574 3377 qua
2641 3307 2712 3359 et
2759 3299 2828 3361 la
2876 3297 3235 3362 facevano

663 3401 1141 3465 conventiculi
1191 3411 1261 3462 et
1309 3402 1574 3463 susurri
1626 3403 1863 3465 donde
1911 3414 2118 3483 parte
2165 3424 2296 3484 per
2342 3406 2774 3486 allegrezza,
2841 3416 3046 3487 parte
3096 3427 3238 3488 per

664 3520 850 3572 tema
898 3512 1030 3571 che
1080 3512 1234 3570 loro
1286 3530 1425 3571 non
1478 3520 1896 3573 trovasseno
1947 3513 2247 3592 qualche
2297 3511 2549 3573 intrico
2614 3514 2856 3593 (ancor
2903 3515 3033 3574 che
3085 3534 3234 3577 non

663 3618 745 3679 sii
794 3616 911 3698 piu
962 3615 1280 3696 periculo
1332 3618 1420 3679 de
1470 3618 1605 3699 010)
1654 3617 1791 3682 mai
1841 3618 2042 3699 quasi
2089 3620 2182 3681 ho
2231 3619 2538 3681 dormito
2587 3622 2654 3681 la
2684 3628 2882 3682 notte
2915 3632 3236 3703 passam,

662 3733 735 3787 et
784 3732 1035 3805 questa
1100 3744 1307 3785 mane
1365 3723 1431 3785 in
1500 3724 1807 3787 dilucolo
1867 3724 2079 3787 andai
2129 3726 2194 3786 al
2245 3744 2419 3806 gran
2475 3726 2878 3788 cancellieri
2928 3729 3059 3789 che
3110 3748 3233 3791 ve-

664 3852 871 3894 nesse
935 3850 977 3892 a
1039 3829 1151 3891 far
1216 3851 1349 3910 por
1400 3832 1467 3893 la
1515 3851 1724 3893 mano
1776 3852 1818 3892 a
1868 3831 2128 3893 Cesare
2179 3832 2296 3893 alli
2347 3833 2660 3895 mandati
2709 3843 2784 3894 ut
2833 3844 2938 3896 est
2987 3836 3235 3915 moris,

664 3941 850 4003 dove
922 3960 1052 4021 per
1118 3940 1307 4001 bona
1370 3950 1563 4000 sorte
1630 3939 1859 4001 trovai
1910 3940 2106 4001 detto
2157 3940 2562 4003 cancellieri
2609 3940 2676 4001 in
2728 3942 2902 4003 letto
2953 3962 3110 4003 cum
3161 3946 3237 4006 la

663 4048 991 4130 podagra
1038 4048 1169 4107 che
1220 4046 1267 4106 11
1315 4047 1405 4107 ha
1456 4046 1802 4108 comincio
1854 4056 2104 4127 questa
2155 4058 2384 4119 notte;
2435 4050 2493 4110 si
2542 4050 2671 4110 che
2715 4048 2788 4110 fu
2825 4051 3237 4113 necessario

664 4174 828 4217 usar
877 4154 916 4215 l'
944 4173 1121 4233 opra
1170 4154 1259 4214 de
1294 4153 1601 4215 Palenza
1650 4156 1781 4216 che
1829 4154 2162 4217 referisse
2205 4156 2274 4216 la
2326 4175 2494 4217 cosa
2525 4176 2566 4215 a
2599 4154 2880 4219 Cesare.
2975 4156 3236 4237 Neque

664 4263 797 4323 hoc
846 4261 1019 4323 satis
1066 4259 1233 4340 fuit,
1298 4262 1561 4342 perche
1620 4262 1695 4323 fu
1745 4262 2149 4325 necessario
2199 4264 2423 4324 andar
2486 4265 2554 4324 al
2601 4263 2755 4325 R¹¹¹⁰
2803 4264 3236 4343 Maguntino

663 4370 795 4428 che
846 4388 1150 4449 ponesse
1201 4369 1427 4449 primo
1479 4370 1545 4429 la
1594 4388 1825 4450 man0‚
1875 4370 2137 4449 perche
2183 4369 2364 4433 cossi
2397 4371 2433 4433 ὲ
2465 4371 2505 4432 1’
2537 4370 2786 4433 ordine
2819 4371 3062 4434 avanti
3095 4374 3236 4435 che

665 4472 882 4535 Cesar
931 4475 1376 4539 sottoscriva.
1472 4477 1789 4541 Tandem
1838 4476 2036 4540 finito
2085 4478 2134 4540 11
2165 4498 2446 4540 sermon
2485 4490 2554 4541 et
2587 4480 2654 4540 la
2679 4480 2955 4560 grande
2987 4478 3236 4543 Messa

663 4580 729 4642 io
779 4602 889 4642 me
938 4584 1301 4663 presentai
1349 4606 1391 4646 a
1440 4583 1687 4665 Cesar,
1740 4584 1798 4646 ’11
1858 4588 2021 4666 qual
2072 4586 2494 4648 sorridendo
2541 4585 2635 4648 mi
2684 4586 2873 4649 disse
2919 4586 2990 4648 in
3039 4586 3234 4649 fran-

664 4706 859 4749 cese:
928 4685 1092 4750 Scio
1161 4693 1298 4753 ben
1372 4694 1505 4754 che
1554 4713 1694 4754 non
1747 4692 2079 4772 dormite,
2147 4702 2218 4755 et
2279 4692 2448 4775 pilio
2507 4713 2663 4755 cum
2710 4713 2892 4774 gran
2938 4693 3234 4775 piacere

664 4804 735 4855 et
783 4796 1030 4875 alegro
1080 4799 1273 4859 volto
1324 4799 1371 4860 li
1421 4800 1754 4877 mandati,
1807 4784 1996 4863 et‘in
2045 4801 2280 4882 megio
2330 4803 2400 4863 la
2442 4800 2697 4863 Chiesa
2745 4800 2816 4863 in
2863 4804 3235 4882 presentia

664 4902 755 4963 de
806 4900 851 4961 li
902 4900 1045 4963 R¹¹¹³
1098 4903 1519 4985 Maguntino
1570 4915 1641 4968 et
1686 4905 2106 4970 Sedunense
2148 4916 2219 4969 et
2251 4907 2632 4970 assaissimi
2669 4917 2739 4970 et
2771 4908 3031 4989 grandi
3049 4908 3230 4973 {simi
