3575 5775
1612 563 2104 620 0-<3482{>—0

579 710 651 773 S.
702 708 807 772 St*
851 708 1639 792 prudentissimamente
1692 708 2007 772 discorre
2059 730 2148 772 ne
2196 712 2264 772 la
2311 711 2594 792 prefata
2659 711 3144 794 instructione,

577 819 648 880 la
695 819 905 898 quale
955 816 1173 879 lascio
1222 821 1340 898 qul
1389 818 1456 879 al
1506 816 1789 880 Barone
1839 818 2208 896 accioche,
2259 839 2460 882 come
2510 819 2597 882 V.
2649 817 2721 882 S.
2771 820 3022 900 scrive,
3073 825 3142 884 el

576 945 655 987 se
723 945 812 987 ne
877 923 1254 1007 prevaglia
1322 923 1773 1005 bisognando
1846 945 1981 988 con
2054 935 2306 1007 questa
2371 926 2652 989 Maesta
2725 937 2799 990 et
2846 926 3142 1008 Signori

578 1052 713 1094 con
760 1031 809 1094 li
857 1029 1047 1113 quali
1092 1031 1247 1094 fara
1294 1031 1337 1094 1’
1374 1031 1633 1112 offici0,
1682 1052 1798 1094 ma
1843 1053 2028 1114 poco
2077 1033 2137 1095 si
2183 1054 2278 1114 po
2329 1054 2580 1116 sperat
2628 1035 2720 1098 da
2767 1035 2924 1099 essi.

757 1156 866 1219 Ex
914 1156 1107 1220 Alba
1154 1155 1396 1239 Regia
1444 1155 1701 1219 XVIII
1746 1157 1936 1235 Junii
1983 1157 2384 1222 MDXXV.

1658 1399 1884 1410 mam
1907 1399 2068 1410 was-uu·

1780 1705 1931 1769 224.

1234 1820 1463 1922 Episo.
1522 1821 1916 1902 Tridentin.
1974 1820 2320 1901 Clementi
2373 1821 2530 1900 VII.

1412 1967 1610 2041 (Epist.
1648 1969 1820 2041 prino.
1857 1964 2129 2041 11125021.
2166 1968 2295 2041 m.)

1588 2091 1691 2150 (22.
1732 2090 1883 2154 Junii
1931 2087 2105 2156 1525.)

750 2223 1170 2287 Beatissime
1224 2225 1438 2286 Pater
1486 2231 1559 2285 et
1608 2221 1912 2284 Domine
1963 2222 2499 2303 colendissime,
2557 2233 2722 2304 post
2769 2226 3144 2286 beatorum

569 2332 831 2413 pedum
882 2333 1123 2395 oscula
1170 2330 1602 2394 humilimam
1651 2331 2340 2393 commendationem
2408 2339 2480 2394 et
2529 2330 2891 2393 servitutis
2938 2351 3144 2394 meae

572 2439 1025 2502 oblationem.
2085 2501 2091 2506 .

752 2545 981 2625 Quum
1030 2543 1292 2607 Vestra
1340 2543 1712 2608 Beatitudo
1763 2543 1979 2606 dubio
2029 2546 2278 2625 procul
2329 2543 2420 2607 sit
2467 2565 2508 2606 a
2557 2543 2858 2607 diversis
2904 2547 3143 2608 admo-

572 2652 720 2715 nita
756 2653 847 2714 de
882 2650 1502 2734 progressionibus
1527 2651 1909 2714 furentium
1936 2651 2356 2714 rusticorum
2377 2650 2829 2732 Germaniae,
2853 2661 2922 2714 et
2947 2654 3145 2734 quod

550 2761 848 2824 illorum
900 2759 1135 2822 rabies
1182 2759 1412 2822 indies
1463 2767 1798 2837 extensa,
1863 2758 2072 2821 modo
2121 2761 2338 2839 hanc,
2387 2760 2598 2822 modo
2648 2757 2839 2822 illam
2913 2759 3144 2838 regio—

578 2889 739 2932 nem
788 2876 1246 2950 pervagatur,
1276 2866 1507 2947 nihil,
1558 2865 1678 2928 ubi
1726 2865 2005 2929 saevire
2055 2866 2311 2949 coepit,
2361 2865 2732 2948 intactum,
2783 2867 2955 2930 nihil
3001 2888 3145 2930 non

574 2976 1126 3040 contaminatum
1178 2994 1335 3038 esse
1384 2973 1660 3054 sinens,
1721 2984 1791 3035 et
1855 2972 2044 3035 idem
2095 2985 2456 3055 postremo
2505 2994 2644 3037 non
2695 2974 2866 3037 nihil
2915 2974 3144 3039 visum

571 3082 791 3147 fuisse
837 3083 911 3145 in
956 3084 1093 3145 hac
1139 3081 1410 3163 patria,
1466 3091 1545 3143 ut
1606 3100 1832 3161 usque
1889 3080 1960 3143 in
2009 3080 2408 3163 presentia,
2474 3102 2682 3144 nemo
2730 3081 2956 3163 possit
3007 3084 3144 3145 sibi

574 3191 989 3274 promittere
1039 3191 1129 3253 de
1178 3188 1769 3253 commotionibus
1797 3188 1971 3266 istis,
2024 3208 2230 3270 quem
2266 3188 2535 3252 exitum
2568 3187 2710 3252 sint
2741 3190 3146 3271 sortiturae,

577 3298 790 3362 etiam
836 3300 1029 3380 quod
1077 3300 1166 3360 de
1230 3296 1373 3360 illis
1434 3296 1946 3378 componendis
2006 3295 2270 3379 iugiter
2325 3317 2548 3380 opera
2607 3308 2934 3367 navetur:
2997 3317 3144 3359 non

579 3404 827 3487 putavi
896 3405 1059 3467 ideo
1129 3404 1289 3467 fore
1358 3402 1877 3483 necessarium,
1954 3403 2146 3484 quod
2211 3402 2545 3467 Vestram
2617 3404 3144 3467 Beatitudinem

582 3513 831 3576 horum
881 3512 1187 3576 omnium
1234 3511 1427 3574 haud
1474 3510 1798 3591 ignaram
1846 3530 1986 3592 ego
2035 3510 2356 3591 pluribus
2403 3512 2893 3593 obtunderem,
2943 3532 3144 3595 prae-

583 3621 789 3702 cipue
838 3620 1028 3701 quod
1076 3619 1136 3681 si
1183 3618 1463 3701 singula
1513 3617 1770 3681 vellem
1817 3637 2226 3698 recensere,
2291 3617 2493 3682 citius
2559 3638 2672 3681 me
2734 3629 3012 3700 tempus
3073 3630 3150 3681 et

582 3737 780 3791 carta
828 3725 1185 3807 deficeret,
1235 3742 1446 3808 quam
1495 3724 1732 3787 omnia
1794 3724 2036 3787 verbis
2097 3725 2438 3807 consequi
2499 3745 2819 3807 possem,
2885 3726 3012 3789 sed
3073 3736 3152 3789 et

584 3834 929 3898 eiusmodi
980 3842 1239 3914 essent,
1291 3854 1427 3915 que
1475 3833 1736 3896 Vestra
1784 3832 2145 3896 Sanctitas
2192 3831 2293 3897 sic
2339 3832 2702 3897 teterrima
2733 3843 2805 3897 et
2838 3835 3148 3916 nephan-

585 3942 871 4005 dissima
937 3942 1183 4005 audire
1244 3943 1866 4023 perhorresceret;
1938 3960 2184 4003 verum
2267 3941 2594 4022 equidem
2656 3941 2792 4004 hoc
2867 3940 3148 4005 silentio

585 4051 1182 4133 praetereundum
1231 4047 1513 4111 minime
1561 4046 1754 4128 duxi,
1826 4066 2232 4129 quanquam
2280 4068 2412 4111 nec
2458 4049 2596 4111 hoc
2659 4047 2887 4131 ipsam
2933 4050 3152 4130 plane

586 4160 834 4239 lateat,
900 4158 1091 4239 quod
1159 4176 1367 4220 omne
1423 4155 1715 4217 istorum
1765 4153 2109 4234 studium,
2159 4174 2329 4217 cura
2393 4165 2463 4217 et
2529 4164 2826 4219 conatus
2883 4167 3022 4236 est,
3071 4168 3152 4218 ut

588 4284 906 4347 quosque
954 4264 1174 4328 sacris
1222 4262 1572 4343 initiatos,
1636 4270 1707 4325 et
1758 4262 1988 4344 ipsam
2054 4261 2361 4344 denique
2425 4262 2980 4325 ecclesiasticam
3049 4262 3152 4325 di·

591 4370 935 4453 gnitatem
974 4372 1260 4434 deleant
1308 4380 1379 4432 et
1413 4378 1757 4451 evertant,
1809 4378 1882 4431 et
1913 4367 2146 4449 siquid
2175 4368 2628 4451 reliquiarum
2677 4369 2864 4433 illius
2911 4389 3151 4451 super-

590 4476 825 4557 fuerit,
870 4477 943 4538 id
993 4486 1211 4539 totum
1262 4477 1576 4558 pendeat
1622 4478 1714 4539 ab
1762 4475 2076 4558 ipsorum
2124 4496 2356 4556 manu,
2406 4478 2520 4539 vel
2572 4476 2904 4558 alioquin,
2939 4476 3154 4558 siqui

590 4584 1069 4667 praelatorum
1132 4585 1569 4646 contendunt
1632 4603 1708 4646 se
1770 4592 1844 4645 et
1890 4603 2018 4645 sua
2063 4582 2278 4664 tueri,
2327 4582 2466 4646 illis
2513 4602 2806 4647 necesse
2853 4582 2942 4647 sit
2988 4602 3150 4646 con·

595 4690 902 4754 ditiones
950 4691 1391 4771 turpissimas
1440 4699 1840 4773 acceptare,
1891 4699 1962 4753 et
1995 4689 2238 4753 auditu
2279 4688 2828 4772 indignissimaS,
2853 4690 2925 4753 id
2959 4693 3156 4772 quod

592 4798 953 4883 plerisque
1001 4818 1130 4879 per
1188 4796 1645 4861 Germaniam
1692 4797 1832 4860 iam
1882 4797 2267 4879 contigisse
2314 4806 2584 4861 certum
2631 4807 2760 4862 est.
2834 4796 2988 4880 Ego
3036 4818 3156 4860 au·

592 4916 735 4969 tem
780 4924 913 4988 per
956 4906 1095 4968 hoc
1144 4914 1421 4986 tempus
1470 4924 1610 4987 quo
1677 4904 1917 4988 coepit
1969 4905 2148 4967 haee
2210 4906 2411 4968 labes
2468 4924 2870 4989 erumpere,
2930 4914 3002 4968 et
3057 4906 3154 4969 ad
