3575 5775
1308 572 1805 632 0-433218>-0

287 720 712 806 principibus
765 740 898 803 pro
945 720 1132 785 virili
1177 740 1339 786 mea
1383 742 1653 786 summo
1704 720 1939 787 studio
1990 726 2345 807 conabor,
2414 733 2492 787 ut
2552 725 2841 789 tandem

289 830 408 891 hec
449 830 606 892 lues
639 838 794 891 toto
838 830 1149 910 pellatur
1181 830 1272 893 ab
1305 832 1502 895 orbe.
1577 827 1957 894 Coeterum
1986 831 2079 893 ad
2110 833 2244 894 hoc
2278 832 2641 915 negotium
2674 830 2843 896 Cae-

288 934 448 997 saris
495 944 568 998 et
599 934 966 999 Catholice
997 932 1396 1017 Majestatis
1441 937 1829 1000 auctoritas
1875 939 2393 1019 propemodum
2437 939 2845 1003 necessaria

289 1052 412 1123 est,
482 1062 696 1124 quam
745 1038 1100 1105 Sanctitas
1150 1042 1412 1105 Vestra
1473 1044 1724 1106 sedulo
1789 1064 2083 1107 monere
2143 1044 2415 1108 hortari
2473 1045 2843 1128 impellere

288 1149 725 1230 animareque
773 1149 867 1213 ad
912 1150 1096 1212 hanc
1145 1156 1292 1213 tam
1337 1158 1658 1213 sanctam
1706 1172 1858 1214 rem
1906 1172 2045 1214 non
2097 1153 2427 1234 desistat,
2491 1162 2570 1216 ut
2616 1153 2841 1237 Impe-

287 1256 538 1319 ratorio
585 1274 880 1319 munere
943 1254 1016 1318 in
1069 1256 1442 1319 turbandis
1509 1257 2141 1341 opprimendisque
2200 1259 2591 1322 novitatum
2647 1271 2841 1324 auto-

287 1362 470 1426 ribus
530 1362 942 1445 defungat,'
980 1362 1103 1444 qui
1148 1380 1262 1425 me
1311 1362 1448 1425 sibi
1494 1364 1936 1445 potissimum
1985 1357 2279 1447 scopum
2326 1368 2594 1429 habent
2640 1388 2843 1431 exer-

288 1470 500 1533 cende
545 1468 838 1550 malitie,
887 1488 1032 1533 non
1079 1468 1364 1532 aliunde
1411 1468 1680 1533 inducti
1732 1490 1942 1553 quam
1995 1468 2261 1535 invidia
2310 1472 2843 1557 cupiditateque

289 1576 582 1640 habendi
631 1596 719 1639 ea
765 1594 902 1658 que
941 1575 1552 1659 Archiepiscopus
1587 1576 2239 1660 Magdeburgensis
2286 1578 2647 1661 possideo,
2703 1600 2845 1663 qua

290 1680 538 1746 diocesi
582 1681 726 1746 illis
757 1680 1058 1745 vicinior
1087 1700 1270 1757 sum;
1321 1702 1619 1767 quorum
1653 1693 1731 1746 ut
1769 1684 2134 1766 improbos
2177 1694 2475 1749 conatus
2507 1688 2843 1768 prudenti

289 1790 564 1853 consilio
649 1788 1010 1853 vincerem
1080 1788 1592 1853 Reverendum
1667 1810 1754 1853 ac
1840 1789 2393 1854 Illustrissimum
2462 1793 2841 1857 Dominum

288 1898 620 1977 Joannern
647 1897 1028 1960 Albertum
1061 1896 1470 1961 Patruelem
1501 1916 1736 1961 meum
1770 1896 1845 1960 in
1886 1897 2369 1961 coadiutorem
2418 1898 2490 1961 in
2526 1899 2844 1963 Ecclesia

289 2002 877 2087 Magdeburgensi
956 2004 1308 2087 assumpsi
1386 2024 1478 2069 ne
1543 2007 1674 2068 sub
1739 2004 1986 2069 mortis
2056 2024 2213 2067 mee
2278 2013 2559 2089 tempus
2626 2008 2844 2090 (quod

290 2112 480 2177 avide
527 2112 942 2195 expectant)
988 2110 1399 2174 invadende
1449 2113 2010 2194 occupandeque
2058 2111 2383 2175 Diocesis
2414 2112 2843 2195 Magdebur-

292 2219 513 2301 gensis
542 2218 825 2283 occasio
859 2218 1036 2301 ipsis
1064 2226 1213 2281 tum
1244 2218 1492 2282 relicta
1527 2220 1838 2300 dataque
1868 2218 2250 2284 videretur.
2315 2220 2845 2286 Coadiutoriam

289 2325 463 2390 illam
505 2336 584 2389 ut
630 2346 764 2409 per
805 2326 1092 2388 lieteras
1149 2323 1468 2389 eiusdem
1517 2324 1861 2409 patruelis
1908 2325 2044 2388 mei
2112 2325 2371 2389 certior
2418 2348 2571 2391 sum
2618 2328 2848 2394 factus

299 2432 361 2494 in
413 2433 639 2515 primo
703 2431 929 2515 ipsius
977 2430 1418 2496 Consistorio
1479 2433 1795 2515 gratiose
1860 2441 1931 2496 et
1993 2434 2381 2497 clementer
2434 2436 2716 2499 admisit
2777 2445 2850 2501 et

295 2539 721 2603 confirmavit
782 2559 924 2621 quo
975 2560 1116 2602 non
1181 2548 1327 2601 tam
1388 2537 1618 2621 ipsum
1680 2540 2077 2622 patruelem
2124 2558 2390 2620 meum,
2461 2558 2673 2623 quatn
2736 2563 2847 2605 me

293 2644 502 2727 ipsum
547 2667 632 2711 ac
663 2646 1064 2710 Ecclesiam
1113 2646 1560 2729 potissimum
1606 2666 1877 2710 summo
1925 2646 2276 2711 beneficio
2326 2646 2654 2712 affectam
2703 2650 2846 2713 exi·

296 2752 500 2835 stim0‚
532 2754 846 2835 novique
877 2752 1210 2819 beneficii
1242 2754 1691 2834 accessionis,
1726 2774 1837 2817 me
1869 2753 2099 2817 eidem
2126 2752 2509 2818 Sanctitati
2541 2754 2847 2819 Vestrae

300 2860 505 2945 magis
551 2860 942 2926 obnoxium
989 2881 1328 2945 agnosco,
1425 2859 1825 2943 Coeterum‚
1874 2880 2022 2944 orn,
2077 2861 2447 2926 beatitudo
2502 2872 2738 2926 vestra
2776 2862 2847 2926 in

298 2968 908 3051 compositionibus
969 2990 1053 3032 ac
1103 2978 1523 3034 annatarum
1576 2969 2001 3033 solutionum
2066 2979 2136 3033 et
2186 2969 2340 3033 aliis
2386 2969 2484 3034 ita
2530 2969 2848 3053 benigne

302 3079 674 3156 patruelem
721 3096 955 3140 meum
1002 3077 1214 3140 solita
1261 3076 1532 3160 pietate
1580 3086 1890 3141 tractare
1939 3076 2307 3158 dignetur,
2371 3084 2448 3138 ut
2495 3076 2850 3160 intelligat

301 3182 966 3247 commendationem
1011 3183 1196 3246 hanc
1247 3203 1476 3247 meam
1508 3204 1652 3247 non
1685 3203 1937 3266 parum
1970 3182 2291 3247 utilitatis
2341 3183 2475 3248 sibi
2508 3185 2847 3250 attulisse.

299 3287 610 3354 Feliciter
669 3311 756 3353 ac
819 3289 1211 3354 diutissime
1259 3292 1499 3355 valeat
1546 3289 1618 3356 S.
1669 3291 1758 3354 V.
1828 3292 1917 3354 ad
1967 3289 2347 3354 Christiani
2408 3291 2603 3354 orbis
2663 3298 2849 3354 tran-

302 3395 692 3476 quillitatem
755 3396 955 3460 cuius
1015 3396 1498 3461 Sanctissimis
1557 3397 1865 3481 pedibus
1926 3419 2038 3462 me
2086 3397 2603 3481 Ecclesiasque,
2654 3419 2851 3462 meas

303 3520 527 3566 omnes
569 3504 956 3568 humillime
1005 3505 1447 3569 commendo,

459 3609 686 3674 Hallis
735 3610 854 3674 die
903 3610 1088 3674 XIV
1134 3611 1456 3691 Januarii
1502 3612 1718 3676 Anno
1765 3611 2207 3676 MDXXIV.

811 3716 893 3782 E.
941 3717 1024 3782 B.
1074 3717 1248 3782 Vre.

1921 3807 2243 3858 Humillima
2278 3809 2531 3858 Creatura

1771 3895 2041 3958 Albona!
2080 3905 2238 3959 Card.
2275 3904 2635 3968 Mogunfinus.

1495 4205 1642 4272 143.

882 4310 1202 4392 Clemens
1255 4313 1414 4392 VIL
1473 4311 1876 4392 Mal-uhioni
1930 4311 2259 4394 Badensi.

1211 4449 1336 4520 (δι’.
1386 4449 1474 4509 ια
1519 4451 1747 4524 prino.
1809 4449 1948 4520 190.)

1271 4559 1385 4628 (17.
1426 4563 1644 4626 Januar.
1690 4566 1867 4626 1524.)

475 4679 745 4746 Dilecte
791 4681 914 4764 fili,
963 4685 1264 4748 salutem
1314 4693 1445 4749 etc.
1541 4685 1716 4749 Cum
1763 4705 1895 4769 pro
1942 4694 2189 4748 nostro
2246 4683 2483 4748 officio
2503 4735 2521 4767 ‚
2576 4675 2851 4769 proque

321 4799 393 4846 ea
433 4787 967 4871 benevolentia,
1034 4811 1174 4873 qua
1235 4791 1442 4854 istam
1513 4791 1969 4855 fortissimam
2016 4791 2396 4856 Nationem
2444 4811 2728 4874 semper
2780 4793 2853 4856 in

323 4890 673 4962 minoribus
720 4897 1084 4980 prosecuti
1131 4917 1392 4980 summ,
1461 4908 1532 4961 et
1579 4919 1764 4960 nunc
1812 4905 2115 4980 paterne
2161 4899 2686 4982 prosequimur,
2755 4897 2851 4961 di-

367 5014 512 5070 ssum,
532 5018 814 5062 nommant·
831 5021 1110 5064 numeram.
2462 5005 2531 5059 21
