3575 5775
1358 583 1657 643 0-43547
1737 584 1856 639 ἔνο

326 738 565 803 collati
612 746 812 803 sunt:
863 735 1080 801 occisi
1130 744 1290 799 sunt
1338 754 1643 817 vespere
1694 743 1767 797 et
1815 754 2020 795 mane
2067 744 2234 796 ante
2285 732 2646 817 oppidum,
2695 744 2768 799 et
2813 736 2886 799 in

328 856 565 909 monte
616 842 713 907 S‘¹
770 842 1069 925 Georgii
1116 862 1312 921 3900.

501 951 1063 1035 Vigesimanona
1109 948 1299 1029 Junii
1346 947 1560 1011 vertit
1610 945 2000 1009 exercitum
2063 968 2314 1011 versus
2375 947 2439 1011 N
2445 958 2677 1011 eustat
2721 949 2888 1011 'Am-

326 1061 515 1139 hart,
566 1058 693 1123 ubi
750 1059 999 1121 decem
1062 1055 1478 1128 decollavit;
1548 1053 1872 1137 perrexit
1934 1054 2193 1117 deinde
2255 1074 2506 1117 versus
2553 1054 2889 1119 Wissem·

324 1169 656 1249 burgum.
2535 1238 2540 1243 .
2929 1229 2934 1235 ·

504 1272 903 1336 Frobenius
951 1278 1187 1332 autern
1238 1270 1326 1331 de
1375 1266 1647 1330 Hutten
1696 1266 1787 1329 ad
1835 1267 2282 1348 Moguntiam
2331 1289 2486 1332 cum
2553 1269 2892 1352 equitatu,

327 1391 394 1441 et
426 1360 1889 1462 Episcopo¹Argentinensilocumtenente
1938 1396 2014 1437 se
2063 1376 2388 1457 contulit,
2450 1397 2613 1440 nam
2675 1387 2744 1439 et
2792 1377 2893 1439 illi

328 1490 405 1548 26
458 1486 737 1568 Aprilis
783 1487 1314 1549 rebellaverant
1364 1491 1435 1545 et
1482 1482 1820 1545 articulos
1869 1484 2213 1565 quosdam
2263 1494 2744 1565 extorserant,
2807 1504 2892 1547 ac

326 1592 808 1656 Rinckaviam
858 1594 950 1654 ad
997 1589 1418 1654 seditionem
1466 1589 1913 1669 impulerant.
2009 1590 2098 1652 Pa
2143 1589 2334 1670 Junii
2382 1591 2683 1675 ingressi
2733 1602 2893 1653 sunt

327 1698 795 1781 Moguntiam,
843 1697 1034 1780 capti
1084 1707 1246 1759 sunt
1294 1696 1856 1778 sexagintaduo;
1910 1707 2164 1777 postea
2231 1697 2606 1761 exiverunt
2671 1699 2890 1761 unde-

326 1806 505 1870 cima
553 1807 721 1886 Juhi
771 1808 861 1869 ad
910 1804 1391 1867 Rinckaviam
1441 1814 1513 1865 et
1561 1799 1896 1866 decollati
1943 1802 2231 1867 fuerunt
2281 1826 2363 1884 54
2397 1814 2468 1867 et
2496 1806 2894 1888 privilegiis

327 1924 393 1974 et
456 1913 675 1976 armis
737 1912 952 1992 exuti,
1020 1932 1105 1974 ac
1176 1930 1436 1992 magna
1504 1909 1811 1992 pecunia
1882 1911 2198 1974 mulctati
2279 1922 2348 1974 et
2419 1932 2654 1975 arcem
2725 1911 2893 1976 iussi

328 2020 687 2083 edificare.

508 2126 761 2207 Algoii
814 2126 1248 2189 rebellantes
1295 2124 1652 2206 Episcopo
1704 2124 2170 2205 Augustensi,
2233 2126 2534 2188 Prelatis
2584 2136 2654 2190 et
2703 2127 2890 2189 nobi-

332 2234 536 2314 libus,
594 2252 811 2314 saepe
864 2230 1102 2294 minati
1154 2242 1315 2293 sunt
1363 2230 1824 2312 irruptionem
1887 2230 1957 2292 in
2007 2230 2387 2296 Bavariam
2451 2255 2580 2316 per
2628 2234 2895 2299 lacum:

331 2343 531 2422 plura
586 2341 800 2403 etiam
844 2338 1273 2402 monasteria
1326 2337 1771 2419 diripuerunt
1820 2348 1892 2401 et
1939 2338 2428 2421 incenderunt,
2460 2340 2777 2404 similiter
2827 2352 2897 2405 et

330 2468 531 2511 arces
585 2446 925 2509 nobilium
976 2457 1045 2508 et
1093 2449 1593 2527 praelatorum,
1646 2446 1834 2508 unde
1885 2445 2121 2508 Duces
2169 2447 2520 2511 Bavariae
2555 2448 2897 2531 compulsi

330 2567 497 2617 sunt
590 2556 863 2617 habere
932 2551 1323 2615 exercitum
1394 2551 1824 2614 collimitium
1899 2551 2017 2633 qui
2087 2553 2390 2616 rusticos
2458 2554 2898 2637 reprimeret,

333 2661 665 2744 abigeret
710 2680 1001 2742 pecora,
1050 2678 1279 2741 pagos
1324 2657 1769 2720 incenderet:
1823 2658 2125 2739 sparsim
2172 2660 2389 2723 occisi
2435 2670 2598 2725 sunt
2647 2664 2796 2725 600.

510 2768 797 2830 Positus
847 2777 954 2829 est
1003 2776 1073 2828 et
1119 2764 1516 2846 Diepoldus
1566 2766 1654 2826 de
1704 2764 1905 2829 Stein
1955 2786 2112 2829 cum
2161 2768 2497 2829 trecentis
2546 2768 2902 2849 equitibus

334 2885 401 2938 et
451 2874 648 2939 mille
698 2872 1058 2956 peditibus
1118 2872 1187 2936 in
1238 2870 1750 2954 Wissenhorn,
1823 2883 1899 2935 ut
1960 2874 2408 2937 insolentiam
2478 2876 2900 2940 rusticorum

333 2982 747 3064 impediret,
814 2981 932 3063 qui
1000 2980 1403 3043 successive
1460 2981 1702 3061 plures
1765 2980 2069 3043 rusticos
2140 2979 2418 3045 occidit.
2533 2981 2760 3046 Villas
2829 2983 2900 3046 in

342 3092 525 3153 valle
580 3090 736 3151 Rot
782 3098 853 3151 et
902 3089 1127 3150 [lerae
1174 3086 1491 3149 incendit
1546 3107 1628 3149 ac
1680 3087 2152 3150 Baltzhausen
2213 3099 2284 3151 et
2344 3087 2898 3152 Seinetzhausen

337 3217 489 3260 cum
542 3197 869 3278 pluribus
900 3195 1055 3258 aliis
1100 3195 1167 3257 in
1205 3195 1614 3268 Mindeltal;
1665 3197 2050 3257 creduntur
2096 3195 2395 3278 sparsim
2443 3196 2658 3258 occisi
2717 3217 2902 3276 1500.

512 3303 778 3366 Missus
826 3303 957 3366 fuit
1019 3325 1092 3380 14
1142 3301 1329 3381 Junii
1402 3304 1489 3365 ad
1548 3301 1911 3383 Meminge
1983 3303 2076 3364 ad
2140 3304 2731 3385 compescendam
2798 3325 2902 3366 re-

336 3410 719 3474 bellionem
768 3409 1002 3492 plebis
1048 3417 1297 3472 contra
1343 3417 1699 3486 senatum,
1768 3410 1888 3471 ubi
1955 3409 2248 3491 antiqua
2313 3430 2514 3473 sacra
2573 3411 2902 3492 restituit,

338 3527 481 3580 tres
530 3517 939 3597 decollavit,
988 3515 1143 3578 aliis
1176 3515 1603 3596 primoribus
1648 3517 2060 3578 rebellionis
2109 3527 2180 3580 et
2228 3518 2679 3599 predicatore
2727 3519 2902 3599 fuga

340 3624 636 3708 elapsiS,
697 3623 816 3705 qui
878 3621 1181 3686 rusticos
1245 3632 1315 3685 et
1398 3623 1703 3704 Algoios
1778 3623 2202 3686 comitarunt
2271 3627 2360 3688 ad
2432 3626 2900 3688 obsidendum

341 3731 683 3813 oppidum
732 3743 801 3793 et
852 3739 1201 3793 venerunt
1267 3750 1439 3809 9000
1504 3731 1958 3800 rusticor-unu
2011 3732 2136 3794 sed
2185 3733 2481 3814 egregie
2532 3733 2904 3797 defensum

343 3847 449 3901 est
492 3859 627 3920 per
675 3839 1107 3920 Diepoldum
1156 3846 1405 3900 contra
1452 3841 1739 3920 plebem
1787 3847 1858 3900 et
1890 3838 2210 3902 rusticos,
2270 3840 2637 3903 intellecto
2669 3851 2902 3900 autem

347 3947 663 4008 adventu
711 3945 903 4025 ligae
952 3945 1319 4008 solverunt
1366 3944 1810 4008 obsidionem
1861 3945 2090 4008 XXV
2140 3946 2296 4026 Jun.

520 4053 915 4115 Rebellant
960 4051 1204 4115 rustici
1258 4071 1335 4113 22
1386 4051 1659 4132 Aprilis
1708 4052 2069 4134 Episcopo
2127 4053 2540 4116 Eistettensi
2607 4063 2678 4115 et
2747 4053 2904 4116 aliis

346 4158 755 4236 collimitiis,
825 4169 1179 4240 occupant
1255 4167 1563 4222 castrum
1624 4158 1949 4241 Messing
2011 4171 2082 4222 et
2148 4160 2488 4240 oppidum
2555 4159 2902 4241 Greding.

348 4276 423 4345 ρ’
466 4265 641 4329 Maii
690 4265 1100 4348 supervenit
1148 4263 1552 4328 Fridericus
1602 4265 1715 4328 Fr.
1765 4265 2073 4328 Palatini
2138 4273 2208 4328 et
2275 4265 2629 4348 equitatus
2677 4268 2904 4330 Bava—

348 4371 553 4436 ricuS.
624 4371 837 4435 Unde
887 4371 1126 4434 rustici
1176 4371 1427 4434 timore
1479 4372 1735 4454 dilapsi
1782 4382 1947 4435 sunt
1995 4384 2065 4436 et
2111 4375 2202 4434 ad
2250 4373 2552 4454 gratiam
2602 4383 2672 4436 et
2720 4375 2905 4438 iusti-

350 4477 513 4541 tiam
563 4478 858 4560 recepti,
909 4477 1243 4542 decollati
1311 4489 1473 4541 sunt
1530 4479 1908 4542 tresdecim
1977 4481 2291 4542 secunda
2357 4479 2546 4546 Maii.
2664 4481 2907 4546 Tertia

352 4596 602 4664 postea
648 4584 1073 4666 Ingolstadii
1120 4587 1361 4666 plures
1410 4586 1621 4668 capti.
1716 4585 2016 4649 Bohemi
2063 4587 2344 4668 pedites
2408 4589 2650 4668 plures
2706 4590 2905 4651 rusti-

354 4712 469 4754 cos
516 4702 681 4756 ante
732 4692 1091 4774 cognitam
1140 4713 1391 4774 pacem
1440 4694 1854 4757 occiderunt
1911 4715 2051 4774 150.

526 4797 809 4862 Subditi
832 4799 1271 4863 Marchionis
1295 4800 1966 4882 Brandeburgensis
1994 4810 2064 4864 et
2089 4801 2418 4864 comitum
2446 4803 2535 4864 de
2564 4802 2904 4883 Ottingen

360 4909 700 4970 rebellant
746 4904 819 4968 in
855 4905 1145 4986 Rhetia,
1195 4908 1320 4969 sed
1369 4910 1657 4970 sedatur
1708 4919 1777 4970 et
1827 4907 2304 4972 dissimulatur
2351 4909 2671 4972 rebellio.
2767 4909 2903 4972 De-

2485 5031 2588 5092 35*
