3575 5775
1440 580 1898 638 ‹KB-25&

565 731 804 813 Dopoi
836 729 1084 811 giunto
1121 751 1164 791 a
1197 728 1531 791 Wormes
1581 728 1683 791 sei
1733 750 1774 790 o
1825 736 2006 789 sette
2056 726 2309 808 giorni,
2358 724 2645 788 retorno
2686 744 2951 787 messer

383 838 706 903 Antonio
757 838 1112 901 Casulano
1181 837 1248 900 el
1316 838 1480 917 qual
1547 837 1616 899 io
1687 839 1925 898 havea
1974 835 2308 899 mandato
2382 854 2423 895 a
2470 833 2767 895 Treveri
2816 852 2949 894 con

377 950 642 1010 lettere
687 947 801 1009 del
836 946 1081 1017 Rev¹¹2⁰
1112 945 1434 1023 elettore‚
1485 952 1558 1006 et
1603 944 1815 1025 porto
1864 941 2272 1005 authentico
2306 943 2730 1003 documento
2762 940 2952 1003 della

378 1058 628 1117 buona
677 1053 1100 1115 executione
1147 1051 1328 1113 satta
1377 1052 1450 1113 in
1500 1052 1738 1132 quella
1785 1049 2210 1129 universita,
2276 1068 2475 1111 come
2540 1069 2581 1109 a
2632 1046 2947 1125 Colonia,

383 1182 523 1224 con
553 1164 796 1224 buona
844 1158 1306 1222 observantia
1357 1160 1446 1220 de
1496 1158 1691 1229 tutti;
1745 1168 1817 1221 et
1864 1154 2129 1239 perche
2178 1157 2227 1220 il
2277 1156 2473 1218 detto
2507 1154 2949 1217 Treverense

380 1271 480 1332 ha
528 1268 576 1331 li
626 1267 782 1329 suoi
830 1265 1284 1348 suffraganei
1334 1267 1449 1328 nel
1498 1286 1715 1347 paese
1766 1264 1837 1327 di
1887 1265 2186 1341 Lorena,
2239 1264 2307 1326 io
2356 1263 2405 1325 li
2454 1261 2668 1324 donai
2714 1262 2947 1342 aequi-

383 1378 674 1443 valente
726 1372 930 1456 copie
982 1373 1172 1435 della
1218 1374 1434 1451 bulla,
1483 1375 1694 1453 quale
1743 1372 1838 1433 lui
1870 1391 2234 1453 promesse
2266 1371 2602 1434 mandare
2662 1369 2949 1431 omnino

383 1496 458 1545 et
507 1502 762 1545 curare
819 1482 1111 1561 reliqua.
1221 1480 1376 1543 Ben
1448 1480 1542 1542 mi
1605 1479 1904 1543 consilio
1972 1480 2106 1542 che
2156 1479 2547 1559 guardasse
2616 1498 2816 1541 come
2884 1482 2949 1537 io

381 1592 697 1653 andasse
729 1608 862 1671 per
909 1588 1204 1668 camin0,
1255 1588 1520 1668 perche
1569 1588 1861 1649 auribus
1909 1586 2053 1648 suis
2102 1587 2333 1648 havea
2378 1586 2577 1647 udito
2637 1586 2729 1646 da
2774 1584 2947 1646 Hut-

381 1709 556 1759 teno
606 1698 740 1759 che
788 1715 1090 1759 cercava
1137 1694 1343 1757 farmi
1394 1714 1571 1775 gran
1624 1694 2075 1776 despiacere,
2141 1693 2259 1755 dal
2325 1695 2455 1755 che
2521 1692 2950 1755 sforzerome

382 1805 751 1885 guardare
799 1824 932 1866 con
981 1805 1050 1864 10
1101 1802 1346 1866 adiuto
1399 1802 1470 1865 di
1515 1800 1674 1865 Dio.

573 1910 726 1973 IIor
773 1932 816 1973 a
868 1909 1200 1973 >Wormes
1249 1930 1388 1973 non
1440 1932 1517 1971 so
1583 1928 1712 1991 per
1761 1911 1893 1971 che
1943 1930 2157 1971 causa
2204 1928 2377 1989 pare
2427 1910 2559 1971 che
2622 1907 2705 1970 sii
2768 1915 2951 1969 stato

381 2021 732 2100 alquanto
796 2017 1211 2080 obnubilato
1271 2017 1321 2079 il
1371 2029 1616 2081 nostro
1665 2037 1919 2079 sereno
1970 2028 2041 2077 et
2089 2017 2453 2078 retardato
2502 2035 2594 2077 un
2644 2034 2828 2096 poco
2888 2014 2955 2075 el

380 2124 602 2187 felice
655 2144 862 2187 curso
913 2124 984 2186 di
1030 2134 1276 2187 nostra
1323 2122 1785 2206 navigatione
1832 2123 1903 2185 in
1956 2134 2207 2205 questo
2257 2124 2489 2186 modo,

577 2232 832 2295 Havea
881 2232 1260 2313 impetrato
1312 2234 1414 2313 (ut
1461 2230 1911 2313 scripseram)
1960 2251 2004 2293 a
2042 2228 2362 2293 Lovanio
2412 2231 2504 2291 da
2554 2229 2813 2293 Cesare
2862 2250 2953 2290 un

381 2341 730 2403 mandato
778 2358 910 2421 per
957 2338 1117 2401 tutti
1165 2338 1318 2401 suoi
1366 2338 1690 2419 dominii,
1749 2352 1939 2401 terre
2002 2347 2073 2401 et
2120 2337 2324 2419 regni
2375 2347 2623 2400 contra
2684 2338 2731 2398 li
2792 2336 2955 2399 libri

383 2447 464 2508 di
513 2446 627 2508 fra
657 2444 920 2508 Martin
953 2446 1221 2509 Luther
1270 2456 1340 2507 et
1387 2446 1459 2508 di
1507 2446 1668 2508 tutti
1717 2446 1879 2507 altri
1912 2447 2042 2508 che
2076 2447 2463 2509 havessero
2497 2444 2739 2507 scritto
2774 2446 2954 2507 male

383 2554 464 2616 di
516 2552 602 2615 N.
653 2553 725 2615 S.
774 2574 837 2615 0.
891 2554 1080 2615 della
1127 2552 1396 2616 Sancta
1444 2552 1694 2635 Sede‚.
1734 2555 1900 2635 qual
1949 2555 2284 2617 mandato
2350 2555 2443 2615 ho
2507 2572 2785 2633 sempre
2835 2572 2949 2632 ap-

383 2680 647 2743 presso
695 2660 766 2721 di
815 2680 946 2723 me.
1053 2661 1146 2723 Al
1203 2669 1539 2742 presente
1587 2660 1983 2723 instavamo
2031 2680 2163 2743 per
2206 2663 2430 2723 haver
2478 2680 2569 2721 un
2620 2661 2953 2721 mandato

385 2770 530 2829 sub
579 2767 831 2849 poenis
873 2767 1104 2830 Banni
1153 2768 1536 2848 imperialis
1585 2768 1711 2849 (sic
1758 2770 2145 2849 loquuntur
2190 2766 2329 2849 isti)
2378 2787 2509 2848 per
2554 2772 2779 2830 totum
2827 2766 2953 2828 Im-

383 2874 672 2958 perium
736 2887 805 2938 et
866 2874 1272 2938 universam
1323 2873 1809 2955 Germaniam,
1867 2875 2132 2957 perche
2196 2887 2361 2938 ante
2425 2874 2952 2938 coronationem

384 2983 464 3044 in
519 2981 954 3064 Aquisgrani
1023 2983 1280 3046 dicono
1345 2985 1476 3046 che
1527 3003 1668 3046 non
1719 2983 1774 3045 si
1825 2993 2044 3065 potea
2089 2982 2201 3044 far
2266 2983 2338 3044 in
2396 2984 2492 3045 tal
2540 2981 2807 3061 forma,
2888 2984 2955 3043 la

388 3091 608 3172 quale
657 3093 961 3153 sarebbe
1009 3092 1229 3154 molto
1280 3089 1597 3172 proficua
1645 3092 1785 3153 imo
1838 3091 2240 3153 necessaria
2303 3101 2373 3152 et
2424 3099 2673 3152 contra
2716 3107 2953 3170 perso-

389 3217 560 3260 nam
607 3196 828 3278 ipsius
863 3197 1156 3260 Lutheri
1196 3206 1268 3261 et
1301 3208 1548 3260 contra
1596 3198 2061 3279 impressores
2104 3199 2308 3279 juxta
2354 3196 2652 3261 formam
2685 3194 2953 3260 decreti

387 3303 935 3378 Lateranensis;
1001 3324 1112 3368 ma
1163 3317 1497 3387 questoro
1547 3327 1781 3369 vanno
1832 3304 2424 3368 summussitando
2484 3315 2555 3368 et
2614 3303 2951 3386 tergiver-

389 3411 623 3474 sando
687 3421 759 3473 et
806 3411 1060 3475 dicono
1125 3413 1256 3475 che
1307 3433 1448 3474 non
1513 3413 1570 3476 si
1619 3414 1815 3494 possi
1879 3413 2033 3476 fare
2100 3413 2251 3476 sine
2309 3415 2568 3493 magno
2618 3412 2956 3493 scandalp

392 3527 652 3580 contra
698 3519 1052 3583 hominem
1104 3519 1537 3583 Germanum
1601 3522 2144 3583 condemnatum
2203 3520 2273 3582 in
2339 3520 2530 3583 dicta
2577 3539 2827 3598 causa,
2887 3527 2957 3580 et

391 3628 529 3688 che
579 3629 886 3689 sarebbe
935 3630 1124 3689 bono
1173 3627 1406 3691 udirlo
1455 3631 1586 3690 che
1623 3628 1716 3690 lui
1752 3627 2036 3691 venisse
2086 3629 2227 3690 alla
2276 3627 2485 3706 dieta,
2534 3625 2813 3688 benche
2863 3625 2955 3687 di-

391 3753 578 3795 cono
631 3735 761 3796 che
809 3755 952 3796 non
999 3734 1388 3797 intendano
1425 3736 1583 3796 chel
1613 3735 1881 3815 veng·hi
1915 3755 1991 3798 se
2036 3756 2175 3797 non
2210 3755 2340 3817 per
2386 3733 2767 3812 revocarsi‚
2818 3733 2956 3795 imo

391 3843 531 3903 che
581 3840 838 3903 dicono
887 3841 1010 3923 gia
1056 3844 1428 3923 pensando
1494 3844 1634 3905 ben
1684 3843 1840 3904 fare
1892 3844 2155 3905 havere
2215 3843 2459 3904 scritto
2519 3842 2586 3904 al
2634 3843 2837 3903 Duca
2887 3839 2957 3900 di

391 3947 720 4010 Saxonia
782 3952 912 4012 che
978 3951 1048 4013 lo
1099 3971 1422 4013 menasse
1489 3970 1654 4012 seco
1723 3949 1877 4030 qui;
1943 3949 2103 4012 altri
2162 3948 2459 4013 diceano
2526 3950 2657 4011 che
2719 3951 2957 4009 buono

392 4075 522 4118 era
569 4054 732 4118 farli
780 4057 1238 4120 commandar
1287 4059 1418 4121 che
1465 4058 1564 4120 lui
1593 4067 2041 4121 rettrattasse
2077 4079 2163 4121 ea
2194 4078 2379 4139 quae
2412 4068 2577 4119 sunt
2622 4055 2957 4116 damnata

389 4184 434 4225 a
486 4162 807 4226 conciliis
853 4165 1314 4247 generalibus
1365 4173 1435 4228 et
1483 4163 2031 4246 imperatoribus
2088 4177 2160 4228 et
2216 4164 2365 4228 cosi
2411 4183 2585 4245 pare
2633 4163 2766 4224 che
2814 4181 2956 4224 non

389 4272 852 4334 vorrebbeno
902 4271 1056 4334 fare
1105 4273 1361 4334 alcuna
1407 4271 1766 4336 mentione
1830 4271 1918 4334 ne
1991 4275 2104 4335 del
2174 4270 2539 4335 Pontefice
2617 4270 2957 4331 moderno

389 4376 484 4438 ne
535 4376 658 4439 dili
708 4377 976 4458 antiqui
1025 4386 1097 4441 et
1142 4381 1370 4442 lassat
1415 4380 1632 4461 quelli
1680 4379 1883 4461 punti
1932 4381 2021 4441 de
2056 4379 2422 4442 Potestate
2458 4379 2703 4459 Papae
2747 4377 2955 4439 indis-

385 4483 604 4547 cussi.
700 4483 762 4547 O
806 4485 1212 4548 ribaldaria.
1323 4485 1557 4549 Hasse
1610 4488 1762 4549 loro
1812 4487 2119 4568 risposto
2168 4488 2301 4549 che
2348 4506 2490 4548 non
2541 4505 2618 4548 se
2667 4484 2958 4546 intende

385 4592 834 4655 condemner
893 4593 964 4656 in
1033 4594 1224 4656 dicta
1291 4613 1504 4658 causa
1570 4597 1857 4675 quando
1913 4595 1963 4657 li
2010 4596 2163 4657 suoi
2209 4593 2436 4657 scritti
2479 4612 2611 4676 per
2656 4593 2755 4654 lui
2802 4612 2957 4674 par·

385 4701 562 4761 lano
627 4707 698 4760 et
743 4719 877 4780 pur
923 4710 1222 4782 troppo,
1287 4711 1359 4762 et
1425 4701 1557 4763 che
1607 4701 1801 4764 molti
1866 4701 2131 4781 antiqui
2200 4701 2497 4764 heretici
2558 4719 2734 4764 sono
2793 4699 2958 4760 stati

388 4807 542 4868 cosi
601 4807 1058 4870 condemnati
1127 4806 1301 4870 dani
1351 4805 1620 4870 Summi
1672 4806 2023 4887 Pontifici,
2088 4805 2207 4869 alli
2272 4807 2463 4888 quali
2512 4816 2750 4890 spetta
2804 4807 2949 4868 tale

389 4912 836 4978 discussione
885 4924 958 4977 et
1005 4915 1066 4978 a'
1115 4913 1419 4996 principi
1469 4916 1538 4976 la
1586 4914 2011 4977 executione
2076 4916 2397 4977 seculare
2446 4917 2732 4996 quando
2781 4933 2955 4978 sono
