3575 5775
1324 567 1819 626 0-43195spw

309 721 370 775 et
413 712 530 776 tali
577 711 870 794 inganni
921 713 1466 794 descopersemo
1518 715 1649 776 che
1699 713 1821 796 piu
1872 714 1943 776 di
1978 735 2070 778 un
2120 735 2254 797 par
2290 715 2381 778 de
2423 716 2617 778 volte
2658 714 2852 778 dubi-

308 829 595 884 tassemo
659 820 791 882 che
858 820 927 883 la
974 839 1144 882 cosa
1192 821 1496 884 andasse
1560 820 1633 883 in
1680 819 1917 901 ruina,
1990 822 2255 904 perche
2314 843 2438 884 era
2485 842 2854 886 commune

310 925 578 1010 opinion
629 928 762 989 che
811 926 860 989 li
903 926 1293 992 Lutherani
1341 929 1644 991 voleano
1698 928 1811 992 far
1858 929 1928 990 in
1977 931 2075 993 tal
2124 949 2377 994 exarne
2426 931 2557 993 che
2588 930 2857 993 Luther

307 1053 664 1096 revocasse
713 1033 964 1096 alcune
1014 1054 1180 1096 cose
1229 1035 1360 1096 che
1407 1036 1905 1100 scandalizano
1955 1046 2312 1118 questorO,
2362 1057 2475 1100 ma
2505 1038 2620 1099 del
2654 1037 2858 1118 Papa

307 1142 428 1202 che
473 1150 649 1202 tutto
700 1149 1032 1203 restasse'
1075 1141 1144 1203 in
1195 1141 1428 1222 piede.
1523 1141 1732 1227 Quod
1781 1143 1840 1206 si
1888 1141 2265 1206 accidisset
2310 1146 2615 1207 sarebbe
2669 1153 2856 1206 stato

309 1267 432 1330 per
488 1246 904 1310 reconciliat
968 1247 1009 1310 l'
1039 1247 1273 1310 animo
1336 1249 1452 1311 del
1501 1250 1771 1331 populo
1836 1249 1926 1311 ad
1976 1270 2135 1312 esso
2186 1250 2485 1331 Luther,
2558 1253 2627 1313 el
2690 1251 2858 1332 qual

307 1374 422 1416 era
477 1353 592 1436 gia
653 1375 792 1416 non
843 1374 1072 1438 pocco
1121 1354 1528 1421 abalienato
1580 1357 1673 1418 da
1719 1355 1852 1434 lui,
1918 1356 2176 1437 perche
2227 1361 2371 1420 cosi
2418 1357 2855 1440 impudente-

307 1471 526 1524 mente
572 1462 613 1525 l'
641 1462 874 1524 havea
922 1471 1188 1542 negato
1238 1461 1286 1525 il
1315 1461 1635 1526 Concilio
1685 1463 1776 1524 de
1814 1461 2247 1544 Constantia,
2298 1473 2369 1526 et
2415 1485 2491 1528 se
2538 1466 2857 1529 hal-ebbe

308 1576 611 1648 prestata
659 1589 905 1632 menor
956 1569 1368 1632 obedientia
1415 1571 1530 1633 ala
1560 1570 1919 1633 sententia
1957 1571 2030 1632 di
2061 1571 2299 1636 Cesar.
2378 1572 2468 1636 Et
2498 1572 2568 1636 in
2604 1583 2857 1654 questo

309 1695 438 1736 non
481 1695 556 1738 se
605 1677 959 1758 potrebbe
1008 1675 1160 1738 dire
1210 1675 1256 1739 li
1307 1676 1452 1738 doli
1502 1685 1573 1738 et
1619 1676 1855 1740 fraudi
1906 1679 2040 1740 che
2082 1677 2201 1741 noi
2249 1677 2320 1742 di
2368 1681 2547 1742 hora
2577 1679 2649 1744 in
2682 1682 2861 1743 hora

307 1782 786 1864 descop'riamo
852 1783 940 1846 ne
1003 1785 1356 1846 haveamo
1417 1785 1600 1846 altra
1661 1783 2148 1848 consolatione
2210 1806 2253 1849 o
2316 1807 2661 1867 speranza
2728 1789 2858 1849 che

308 1889 365 1951 in
410 1891 476 1952 la
523 1889 736 1952 solita
782 1889 1182 1953 constantia
1229 1891 1320 1953 de
1353 1889 1570 1954 Cesar
1619 1899 1691 1954 et
1737 1889 1809 1954 in
1859 1912 2055 1956 esser
2094 1900 2281 1956 stata
2312 1894 2649 1956 mandata
2696 1916 2737 1955 a
2772 1892 2857 1958 N.

307 1995 370 2058 S.
425 1998 495 2059 la
553 2018 686 2059 sua
734 1995 1251 2059 deliberatione
1315 1997 1454 2060 alla
1518 1999 1686 2078 qual
1743 1998 2063 2061 horamai
2124 2002 2429 2064 sarebbe
2478 2019 2657 2082 gran
2707 2020 2859 2064 ver·

307 2123 531 2186 gogna
581 2103 1100 2166 contravenire.

467 2211 556 2273 Et
603 2231 823 2274 ancor
870 2210 941 2274 in
1009 2219 1260 2292 questo
1310 2210 1449 2273 Dio
1499 2211 1561 2272 ci
1609 2211 1853 2274 adiuto
1901 2212 2169 2294 perche
2216 2213 2277 2275 a'
2311 2214 2381 2276 dl
2438 2214 2738 2277 XXIIIl
2787 2214 2860 2277 di

309 2329 540 2398 questo
605 2317 676 2380 in
743 2327 904 2382 ortu
951 2316 1122 2380 solis
1185 2317 1254 2380 in
1307 2338 1474 2380 casa
1535 2319 1652 2380 del
1699 2319 2145 2382 Treverense
2210 2318 2490 2383 nomine
2552 2321 2863 2384 omnium

310 2424 676 2488 electorum
739 2424 799 2487 si
845 2425 1218 2515 adunorno
1281 2445 1439 2488 cum
1502 2426 1710 2488 decto
1760 2426 2204 2490 Treverense
2266 2426 2308 2490 l'
2340 2428 2599 2491 elettor
2644 2429 2859 2490 Bran-

309 2531 670 2613 demburg,
735 2531 778 2593 l’
807 2531 1147 2616 episcopo
1196 2532 1287 2594 de
1335 2533 1665 2612 Augusta
1713 2542 1786 2594 et
1834 2533 2313 2614 Brandeburg
2362 2533 2643 2598 nomine
2690 2535 2859 2598 alio-

307 2657 446 2701 rum
491 2637 902 2720 Principum
949 2636 1644 2712 Ecclesiasticorum;
1695 2640 1864 2702 Dux
1914 2639 2271 2722 Georgius
2302 2637 2520 2721 Saxo,
2572 2651 2644 2705 et
2674 2641 2857 2704 Mar-

308 2745 452 2808 chio
498 2745 851 2810 Badensis
913 2745 1193 2809 nornine
1243 2745 1654 2827 Principum
1711 2748 2089 2828 laicorum,
2161 2758 2231 2810 et
2292 2747 2528 2812 alcuni
2575 2748 2859 2813 nomine

309 2850 690 2935 civitatum,
765 2863 837 2916 et
897 2872 1056 2917 curn
1117 2852 1511 2917 introdutto
1561 2853 1873 2917 Martino
1924 2853 2223 2936 Luther,
2298 2856 2364 2919 el
2426 2856 2590 2937 qual
2640 2854 2861 2939 dopoi

311 2961 504 3023 molte
571 2958 1055 3025 adhortationi
1114 2960 1344 3024 fatteli
1409 2960 1530 3024 dal
1579 2961 1977 3024 Cancellier
2024 2962 2353 3025 Badense
2419 2983 2550 3046 per
2616 2962 2739 3045 piu
2788 2964 2862 3026 di

311 3068 409 3129 un’
435 3070 611 3131 hora
643 3066 928 3159 nomine
953 3066 1259 3150 Imperii,
1311 3076 1383 3131 et
1425 3067 1677 3131 dettoli
1708 3067 2007 3149 pericoli
2055 3071 2187 3131 che
2217 3068 2859 3133 necessariamente

311 3173 348 3235 I’
374 3195 488 3237 era
535 3196 665 3257 per
702 3174 1021 3239 incorrer
1057 3176 1161 3238 sel
1203 3174 1553 3256 persistea
1586 3174 1966 3253 obstinate,
2016 3177 2304 3238 tandem
2342 3196 2639 3256 respose
2670 3196 2860 3239 reso-

312 3280 874 3344 lutissimamente
941 3284 1070 3345 che
1121 3280 1221 3344 lui
1267 3302 1407 3343 non
1456 3283 1946 3344 revocarebbe
1994 3301 2131 3362 pur
2178 3302 2269 3343 un
2321 3280 2607 3346 minimo
2656 3282 2859 3365 apice

313 3384 374 3447 di
433 3388 582 3451 suoi
632 3388 891 3469 scritti,
960 3388 1224 3471 perche
1292 3390 1360 3451 el
1425 3390 1724 3451 iarebbe
1794 3396 2043 3451 contra
2110 3391 2179 3451 la
2224 3388 2679 3453 conscientia.
2776 3388 2859 3453 In

313 3503 542 3573 questa
589 3494 1150 3577 congregatione
1201 3494 1274 3556 di
1323 3515 1538 3575 sopra
1586 3494 1807 3575 detta,
1858 3514 2057 3557 corne
2104 3495 2196 3557 ha
2244 3493 2537 3559 referito
2588 3498 2654 3560 el
2694 3498 2861 3560 Tre·

314 3618 591 3666 verense
639 3602 698 3665 si
746 3612 1138 3685 portorono
1187 3604 1326 3665 ben
1377 3602 1540 3665 tutti
1590 3602 1638 3665 li
1689 3601 2024 3684 Principi,
2077 3610 2147 3663 et
2196 3602 2385 3682 quod
2432 3601 2567 3666 fuit
2614 3604 2862 3667 mirum

315 3708 368 3767 el
413 3708 609 3773 Duca
659 3709 978 3791 Georgio
1029 3709 1358 3790 Saxone,
1430 3709 1496 3771 el
1560 3710 1726 3791 qual
1783 3728 1915 3790 per
1961 3708 2205 3770 avanti
2267 3710 2485 3772 molte
2534 3711 2727 3774 volte
2790 3711 2862 3773 in

316 3812 556 3879 diversi
603 3817 910 3899 colloqui
956 3819 1191 3880 havea
1235 3819 1517 3897 parlato
1569 3825 2050 3879 stranamente
2098 3825 2348 3879 contra
2398 3818 2461 3879 el
2512 3820 2701 3880 clero
2716 3866 2733 3897 ,
2791 3828 2864 3881 et

317 3940 430 3985 con
460 3927 763 4005 qualche
797 3946 938 3988 non
985 3946 1209 4008 pocco
1241 3925 1580 3987 scandalo
1618 3925 1808 3987 della
1840 3922 2309 4001 confessione,
2342 3935 2574 3986 tamen
2608 3926 2675 3985 al
2708 3944 2859 4005 pre·

317 4042 496 4094 sente
543 4030 702 4095 fece
751 4031 1135 4095 bonissirno
1185 4030 1445 4095 officio,
1538 4031 1623 4094 El
1673 4030 2072 4093 Cancellier
2120 4032 2209 4092 de
2250 4030 2501 4093 Baden
2550 4050 2862 4113 propose

319 4138 513 4201 molto
562 4140 1190 4220 prudentemente,
1251 4149 1322 4201 et
1370 4139 1463 4200 da
1510 4140 1748 4201 buono
1800 4138 2153 4200 catholico
2204 4146 2275 4200 et
2322 4136 2625 4201 servitor
2672 4139 2865 4201 della

322 4240 489 4308 Sede
555 4245 1011 4327 Apostolica,
1085 4254 1156 4308 et
1227 4247 1431 4327 parlo
1481 4245 1871 4324 Alemano,
1942 4244 2027 4307 ne
2099 4245 2381 4307 volsero
2450 4243 2497 4306 li
2547 4243 2864 4327 Principi

323 4351 434 4415 che
477 4352 520 4416 l'
547 4351 812 4417 official
860 4353 1305 4415 Treverense
1371 4353 1436 4415 el
1485 4353 1651 4433 qual
1701 4351 1821 4414 alli
1870 4349 1941 4413 di
1988 4350 2257 4435 passati
2305 4371 2382 4413 se
2431 4352 2661 4415 havea
2707 4371 2862 4435 por-

323 4465 450 4523 tato
491 4480 620 4542 per
671 4460 788 4523 noi
837 4459 984 4523 cosi
1035 4460 1366 4541 egregie,
1428 4458 1918 4521 intervenesse
1967 4458 2061 4520 ad
2108 4460 2206 4519 tal
2257 4457 2644 4539 consegliO.
2734 4457 2863 4520 Poi

325 4566 538 4643 partiti
587 4567 764 4631 detti
811 4566 1162 4647 Principi,
1224 4566 1296 4628 in
1345 4567 1583 4647 quella
1643 4567 1823 4627 hora
1870 4563 2255 4628 medesima
2303 4564 2650 4627 l'Elettor
2696 4565 2863 4628 Tre·

327 4688 596 4739 verense
644 4674 920 4739 chiamo
950 4673 1263 4736 Martino
1311 4674 1384 4736 in
1434 4693 1561 4736 sua
1605 4693 1907 4753 camera,
1958 4684 2524 4755 accompagnato
2556 4674 2731 4753 pero
2772 4671 2865 4733 da

331 4778 428 4842 doi
479 4782 784 4863 Dottori,
856 4802 1070 4845 senza
1131 4782 1182 4844 li
1244 4779 1438 4865 quali
1506 4781 1704 4843 detto
1751 4780 2063 4843 Martino
2126 4778 2264 4841 mai
2327 4780 2489 4841 vole
2550 4778 2773 4841 andar
2822 4797 2863 4840 o

331 4889 542 4965 pai-lar
589 4910 789 4953 corne
835 4890 939 4953 sel
989 4888 1182 4953 fusse
1230 4888 1304 4952 in
1353 4890 1507 4952 loro
1555 4889 1857 4969 tuttella,
1907 4895 1979 4949 et
2024 4885 2100 4949 fu
2146 4897 2482 4968 presente
2531 4885 2572 4947 l'
2603 4882 2864 4947 official

2394 4988 2399 4993 ’
2438 4989 2546 5043 13*
