3575 5775
1353 583 1815 641 Ο-ῧὸὂῶ-’ῦ

315 733 562 815 inclyta
607 731 1034 795 Germaniae
1100 742 1267 795 tuae
1329 732 1616 795 natione
1679 742 1971 794 auctore
2021 732 2330 812 quodam
2377 730 2685 794 Martino
2736 731 2867 793 Lu-

317 842 498 903 thero
549 838 876 903 seminati
934 846 1005 901 et
1053 838 1121 902 in
1172 839 1370 902 libris
1419 839 1781 921 impressis
1825 837 2111 920 publice
2141 837 2492 919 divulgati
2546 838 2868 918 fuissent,

317 968 386 1009 ac
427 946 747 1010 nonnulli
797 946 916 1009 alii
963 949 1056 1008 ab
1092 945 1345 1009 eodem
1377 946 1690 1008 Martino
1726 944 2090 1008 seditionis
2124 945 2494 1007 materiam
2528 957 2871 1027 querente

315 1054 573 1117 seducti
634 1052 1034 1135 hujusmodi
1095 1054 1456 1117 erroribus
1521 1053 2005 1133 adhesissem,
2072 1052 2287 1133 hique
2346 1053 2527 1115 alios
2582 1054 2873 1134 insuper

315 1161 433 1243 ipsi
484 1161 1052 1241 excogitassent;
1103 1160 1276 1235 Nos,
1326 1180 1623 1242 quorum
1674 1160 2038 1242 proprium
2087 1160 2398 1222 officium
2448 1170 2557 1222 est
2594 1160 2872 1222 vineam

317 1268 586 1331 Domini
647 1268 1050 1349 hujusmodi
1098 1266 1442 1349 vepribus
1486 1267 1560 1329 in
1610 1287 1696 1329 ea
1742 1266 2197 1329 nascentibus
2236 1286 2570 1350 purgare,
2620 1288 2704 1330 ac
2736 1267 2876 1329 Dei

317 1376 667 1438 Ecclesiae
730 1374 1071 1438 unitatem
1132 1383 1472 1456 quantum
1534 1375 1603 1437 in
1674 1373 1880 1436 nobis
1953 1383 2060 1436 est
2130 1385 2521 1455 praeeunte
2594 1393 2878 1456 semper

318 1482 607 1545 Domino
669 1500 1098 1545 conservare
1159 1502 1244 1544 ac
1292 1482 1630 1562 periculis
1678 1493 1750 1543 et
1798 1480 2311 1544 offensionibus
2357 1482 2731 1563 presertim
2780 1483 2875 1544 la-

315 1590 438 1651 tius
489 1600 560 1651 et
605 1589 676 1651 in
725 1588 1193 1670 complurium
1243 1589 1744 1651 detrimentum
1791 1588 2247 1651 manantibus
2296 1588 2614 1669 obviare,
2662 1608 2740 1650 re
2777 1588 2874 1649 di-

315 1696 762 1777 ligentissime
808 1696 1008 1777 prius
1053 1715 1213 1758 cum
1261 1695 1558 1758 consilio
1608 1696 1951 1775 discussa,
2002 1697 2091 1758 de
2137 1695 2437 1758 fratrum
2478 1705 2878 1758 nostrorum

319 1803 660 1867 sententia
710 1822 989 1866 errores
1035 1803 1233 1884 ipsos
1279 1802 1538 1884 partim
1571 1803 1795 1866 falsos
1828 1822 1911 1864 ac
1944 1803 2367 1885 haeretiCOS,
2415 1803 2673 1886 partim
2707 1821 2879 1864 vero

316 1930 354 1972 a
397 1910 780 1973 christiana
827 1909 1096 1991 pietate
1145 1894 1566 1974 aberrantes
1624 1922 1696 1973 et
1743 1921 1979 1973 rectas
2028 1912 2353 1973 ledentes
2403 1908 2880 1973 conscientias

317 2017 683 2081 iudicando
733 2016 1247 2098 damnavimuS,
1297 2039 1380 2080 ac
1415 2018 1727 2099 ejusdem
1761 2017 2051 2080 Martini
2084 2017 2303 2079 libros
2336 2016 2563 2079 dictos
2597 2036 2880 2081 errores

331 2126 450 2187 sed
501 2125 790 2206 aliquod
841 2145 1084 2187 eorum
1134 2125 1205 2187 in
1256 2146 1331 2188 se
1382 2126 1846 2188 continentes,
1934 2125 2157 2206 Igitur
2205 2124 2559 2204 comburi,
2607 2124 2884 2205 ipsique

315 2232 612 2296 Martino
679 2241 758 2295 ut
818 2237 911 2296 ab
974 2233 1164 2296 omni
1225 2232 1714 2314 predicatione
1780 2242 1851 2295 et
1916 2230 2397 2315 disputatione
2465 2222 2879 2311 abstineret,

321 2360 396 2402 ac
442 2340 628 2403 infra
677 2348 948 2403 certum
997 2350 1165 2403 tunc
1215 2359 1635 2421 expressum
1669 2340 2044 2402 terminum
2078 2339 2299 2402 libros
2333 2341 2425 2402 ab
2459 2358 2618 2402 sese
2650 2339 2885 2401 editos

320 2450 796 2527 combureret,
861 2467 1282 2529 erroresque
1346 2446 1418 2509 in
1467 2447 1675 2509 dictis
1721 2447 1923 2510 libris
1972 2457 2347 2510 contentos
2392 2456 2768 2510 revocaret
2816 2455 2888 2508 et

319 2554 404 2614 de
452 2553 906 2617 revocatione
952 2555 1114 2635 ipsa
1159 2575 1292 2617 nos
1343 2553 1686 2617 certiores
1733 2553 2029 2635 faceret,
2079 2555 2192 2616 vel
2240 2554 2396 2635 ipse
2446 2556 2539 2616 ad
2586 2574 2719 2616 nos
2753 2556 2885 2617 sub
2958 2570 2973 2581 ·

319 2658 455 2721 fide
515 2670 761 2723 nostra
823 2660 912 2723 de
981 2662 1185 2723 salvo
1253 2661 1613 2724 conductu
1674 2662 1738 2724 ei
1803 2682 1845 2723 a
1905 2660 2135 2723 nobis.
2176 2680 2519 2723 concesso
2587 2662 2885 2741 veniret,

321 2767 762 2848 precepimus
810 2776 1024 2849 atque
1073 2768 1585 2831 mandavimus.
1681 2768 1959 2849 Quibus
2007 2768 2359 2831 mandatis
2405 2769 2665 2831 nostris
2730 2788 2889 2831 cum

321 2895 564 2955 parere
611 2875 674 2937 is
720 2876 1264 2958 contempsisset
1310 2896 1393 2939 ac
1442 2876 1512 2938 in
1561 2876 1744 2939 falsa
1783 2897 1913 2940 sua
1956 2876 2311 2939 sententia
2354 2875 2685 2958 pertinax
2734 2870 2889 2939 esse

324 3002 524 3062 quam
571 2981 834 3045 saniori
883 2983 1181 3046 consilio
1231 2987 1732 3064 obtemperare
1796 2983 2191 3063 maluisset,
2256 2983 2409 3048 Nos
2474 2982 2705 3066 ipsum
2770 3004 2888 3066 pa-

325 3089 564 3152 tientia
623 3099 868 3153 nostra
936 3093 1348 3153 abutentem
1421 3110 1809 3172 omnesque
1879 3089 1980 3151 illi
2052 3091 2527 3152 adhaerentes
2598 3091 2889 3173 ejusque

325 3195 628 3260 fautores
697 3206 770 3260 et
834 3207 1323 3281 receptatores
1371 3207 1708 3278 tanquam
1759 3197 2077 3260 notor-ios
2126 3207 2198 3260 et
2244 3198 2653 3279 pertinaces
2692 3199 2889 3262 here-

327 3303 498 3366 ticos
555 3303 776 3366 fuisse
841 3313 913 3367 et
973 3326 1131 3368 esse
1177 3325 1310 3387 per
1357 3306 1704 3387 quasdam
1753 3305 2027 3367 litteras
2077 3304 2636 3385 declaravimus,
2700 3315 2770 3368 et
2817 3315 2893 3367 ut

330 3409 664 3491 premissa
711 3413 805 3474 ad
851 3411 1076 3493 ipsius
1121 3411 1413 3475 Martini
1460 3425 1532 3475 et
1580 3413 1875 3474 aliorum
1927 3411 2261 3475 noticiam
2308 3412 2688 3494 pervenire
2736 3433 2893 3494 pos-

334 3526 484 3578 sent
527 3518 800 3581 litteras
850 3530 1132 3582 nostras
1177 3518 1250 3582 in
1299 3521 1487 3582 alma
1532 3521 1710 3581 urbe
1759 3529 2005 3582 nostra
2054 3519 2268 3582 certis
2316 3519 2386 3580 in
2435 3520 2611 3582 locis
2668 3520 2893 3601 publi-

333 3623 472 3686 cari
513 3624 830 3706 fecimuS,
883 3637 955 3688 et
1000 3647 1133 3709 per
1181 3625 1634 3690 Germaniam
1686 3645 1969 3708 quoque
2005 3647 2142 3708 ope
2178 3635 2249 3690 et
2282 3625 2549 3689 auxilio
2584 3627 2895 3708 ejusdem

335 3733 760 3796 celsitudinis
827 3741 992 3796 tuae
1052 3734 1406 3815 publicari
1467 3735 1995 3815 mandavimuS,
2063 3744 2437 3816 sperantes
2504 3734 2692 3815 quod
2742 3734 2895 3816 ipse

335 3837 666 3903 Martinus
713 3841 919 3920 hujus
970 3839 1282 3904 Sanctae
1333 3839 1545 3905 Sedis
1591 3841 1944 3904 mandatis
1994 3841 2288 3904 obedire
2335 3862 2420 3904 ac
2475 3841 2622 3923 ejus
2672 3842 2896 3903 deter-

340 3943 684 4010 minationi
737 3949 827 4010 de
862 3945 1130 4011 Sacrae
1161 3948 1606 4032 Theologiae
1653 3948 2155 4031 magistrorum
2204 3957 2275 4010 et
2312 3948 2489 4028 juris
2533 3947 2898 4029 utriusque

337 4053 805 4131 professorum
856 4053 1379 4118 consultatione
1429 4064 1500 4117 et
1549 4057 1937 4118 eorundem
1986 4055 2283 4117 fratrum
2331 4053 2633 4116 consilio
2685 4063 2757 4117 et
2794 4076 2897 4117 as—

339 4179 531 4224 sensu
601 4162 842 4225 factae
907 4161 1446 4243 acquiescerent
1492 4161 1566 4224 in
1615 4163 1726 4224 his
1775 4182 1914 4244 que
1964 4182 2105 4225 non
2155 4163 2381 4224 solum
2428 4181 2471 4223 a
2520 4161 2727 4224 nobis
2775 4163 2901 4224 sed

343 4277 410 4326 et
446 4280 653 4332 antea
703 4268 911 4332 nobis
959 4270 1261 4332 necdum
1311 4267 1803 4351 opinantibuS,
1864 4270 1952 4332 de
2004 4269 2285 4351 majoris
2333 4269 2561 4350 partis
2612 4271 2901 4332 decreto

346 4391 390 4432 a
425 4374 772 4458 magistris
805 4374 1345 4439 universitatum
1381 4376 1845 4440 Lovaniensis
1894 4387 1965 4439 et
1995 4375 2439 4438 Coloniensis
2489 4396 2621 4459 pro
2667 4377 2899 4439 ortho-

349 4480 520 4546 doxe
566 4483 730 4547 fidei
779 4484 1088 4547 veritate
1139 4487 1634 4548 conservanda
1681 4486 2020 4547 damnata
2066 4483 2378 4565 fuerunt,
2429 4504 2573 4546 non
2606 4483 2740 4546 sibi
2772 4483 2905 4546 soli

354 4601 761 4671 arroganter*
798 4591 926 4654 sed
973 4592 1441 4674 plurimorum
1489 4591 1883 4655 sententiae
1934 4592 2229 4654 credere
2282 4601 2352 4654 et
2393 4592 2591 4674 ipsos
2626 4610 2904 4653 errores

355 4712 668 4761 revocare
735 4710 807 4762 et
871 4701 962 4762 ad
1026 4708 1342 4762 nostrum
1407 4709 1478 4761 et
1537 4699 1761 4781 ipsius
1826 4698 2193 4761 Ecclesiae
2256 4699 2602 4779 gremium
2668 4697 2903 4760 redire

361 4803 616 4868 tandem
663 4805 968 4868 animum
1017 4804 1416 4878 induceret;
1479 4826 1707 4889 nuper
1753 4816 1991 4868 autern
2042 4827 2133 4868 ex
2179 4805 2458 4869 Nuncio
2508 4815 2751 4868 nostro
2807 4804 2903 4866 in-

363 4907 736 4975 telleximus
785 4913 1086 4976 eandem
1136 4913 1626 4976 celsitudinem
1678 4923 1869 4976 tuam
1920 4911 2229 4976 officium
2286 4913 2619 4976 advocati
2666 4913 2905 4975 Eccle-

2518 5017 2585 5074 3*
