<?xml version="1.0" encoding="UTF-8"?>
<!DOCTYPE html PUBLIC "-//W3C//DTD XHTML 1.0 Transitional//EN"
    "http://www.w3.org/TR/xhtml1/DTD/xhtml1-transitional.dtd">
<html xmlns="http://www.w3.org/1999/xhtml" xml:lang="en" lang="en">
 <head>
  <title>
</title>
<meta http-equiv="Content-Type" content="text/html;charset=utf-8" />
  <meta name='ocr-system' content='tesseract 3.04.00' />
  <meta name='ocr-capabilities' content='ocr_page ocr_carea ocr_par ocr_line ocrx_word'/>
</head>
<body>
  <div class='ocr_page' id='page_1' title='image "./monumentareform02vatigoog_0056.png"; bbox 0 0 3575 5775; ppageno 0'>
   <div class='ocr_carea' id='block_1_1' title="bbox 1717 532 2175 591">
    <p class='ocr_par' dir='ltr' id='par_1_1' title="bbox 1717 532 2175 591">
     <span class='ocr_line' id='line_1_1' title="bbox 1717 532 2175 591; baseline -0.009 0"><span class='ocrx_word' id='word_1_1' title='bbox 1717 532 2175 591; x_wconf 49' lang='lat'>04:210&amp;</span> 
     </span>
    </p>
   </div>
   <div class='ocr_carea' id='block_1_2' title="bbox 666 682 3249 2992">
    <p class='ocr_par' dir='ltr' id='par_1_2' title="bbox 666 682 3240 1517">
     <span class='ocr_line' id='line_1_2' title="bbox 669 682 3233 767; baseline 0 -20"><span class='ocrx_word' id='word_1_2' title='bbox 669 706 929 767; x_wconf 64' lang='lat' dir='ltr'>casque</span> <span class='ocrx_word' id='word_1_3' title='bbox 995 685 1098 747; x_wconf 89' lang='lat' dir='ltr'>sui</span> <span class='ocrx_word' id='word_1_4' title='bbox 1164 704 1342 765; x_wconf 87' lang='lat' dir='ltr'>quos</span> <span class='ocrx_word' id='word_1_5' title='bbox 1404 682 1726 765; x_wconf 80' lang='lat' dir='ltr'>possitiS,</span> <span class='ocrx_word' id='word_1_6' title='bbox 1794 682 2045 764; x_wconf 80' lang='lat' dir='ltr'>vigore</span> <span class='ocrx_word' id='word_1_7' title='bbox 2096 682 2453 745; x_wconf 81' lang='lat' dir='ltr'><strong>facultatis</strong></span> <span class='ocrx_word' id='word_1_8' title='bbox 2502 685 3233 767; x_wconf 82' lang='lat' dir='ltr'>inquisitionis&#39;vobis</span> 
     </span>
     <span class='ocr_line' id='line_1_3' title="bbox 667 790 3235 875; baseline -0 -20"><span class='ocrx_word' id='word_1_9' title='bbox 667 794 1040 855; x_wconf 82' lang='lat' dir='ltr'>commisse</span> <span class='ocrx_word' id='word_1_10' title='bbox 1089 790 1496 873; x_wconf 85' lang='lat' dir='ltr'>specialiter</span> <span class='ocrx_word' id='word_1_11' title='bbox 1529 790 1895 853; x_wconf 87' lang='lat' dir='ltr'>nominare</span> <span class='ocrx_word' id='word_1_12' title='bbox 1931 800 2001 852; x_wconf 88' lang='lat' dir='ltr'>et</span> <span class='ocrx_word' id='word_1_13' title='bbox 2036 792 2423 871; x_wconf 87' lang='lat' dir='ltr'>declarare,</span> <span class='ocrx_word' id='word_1_14' title='bbox 2461 803 2537 854; x_wconf 91' lang='lat' dir='ltr'>ut</span> <span class='ocrx_word' id='word_1_15' title='bbox 2567 794 2895 858; x_wconf 88' lang='lat' dir='ltr'>similiter</span> <span class='ocrx_word' id='word_1_16' title='bbox 2938 793 3235 875; x_wconf 88' lang='lat' dir='ltr'>punian-</span> 
     </span>
     <span class='ocr_line' id='line_1_4' title="bbox 666 896 3239 981; baseline -0.001 -19"><span class='ocrx_word' id='word_1_17' title='bbox 666 911 779 962; x_wconf 90' lang='lat' dir='ltr'>tur</span> <span class='ocrx_word' id='word_1_18' title='bbox 815 901 928 961; x_wconf 89' lang='lat' dir='ltr'>vel</span> <span class='ocrx_word' id='word_1_19' title='bbox 960 902 1206 961; x_wconf 85' lang='lat' dir='ltr'>saltem</span> <span class='ocrx_word' id='word_1_20' title='bbox 1243 900 1696 980; x_wconf 86' lang='lat' dir='ltr'>expellantur</span> <span class='ocrx_word' id='word_1_21' title='bbox 1729 918 1821 961; x_wconf 81' lang='lat' dir='ltr'>ex</span> <span class='ocrx_word' id='word_1_22' title='bbox 1854 906 2003 960; x_wconf 89' lang='lat' dir='ltr'>tota</span> <span class='ocrx_word' id='word_1_23' title='bbox 2032 896 2418 961; x_wconf 79' lang='lat' dir='ltr'>Germania</span> <span class='ocrx_word' id='word_1_24' title='bbox 2467 910 2675 981; x_wconf 90' lang='lat' dir='ltr'>prout</span> <span class='ocrx_word' id='word_1_25' title='bbox 2718 900 3239 963; x_wconf 80' lang='lat' dir='ltr'>conducibilius</span> 
     </span>
     <span class='ocr_line' id='line_1_5' title="bbox 671 1006 3237 1089; baseline -0.001 -20"><span class='ocrx_word' id='word_1_26' title='bbox 671 1006 1184 1087; x_wconf 79' lang='lat' dir='ltr'>existimabitiS‚</span> <span class='ocrx_word' id='word_1_27' title='bbox 1235 1006 1552 1069; x_wconf 87' lang='lat' dir='ltr'>similiter</span> <span class='ocrx_word' id='word_1_28' title='bbox 1601 1006 2061 1088; x_wconf 88' lang='lat' dir='ltr'>procedendo</span> <span class='ocrx_word' id='word_1_29' title='bbox 2113 1014 2185 1068; x_wconf 91' lang='lat' dir='ltr'>ut</span> <span class='ocrx_word' id='word_1_30' title='bbox 2234 1006 2438 1068; x_wconf 84' lang='lat' dir='ltr'>vobis</span> <span class='ocrx_word' id='word_1_31' title='bbox 2486 1006 2843 1071; x_wconf 89' lang='lat' dir='ltr'>videbitur</span> <span class='ocrx_word' id='word_1_32' title='bbox 2884 1008 3237 1089; x_wconf 83' lang='lat' dir='ltr'>expedire</span> 
     </span>
     <span class='ocr_line' id='line_1_6' title="bbox 670 1112 3240 1195; baseline -0.001 -18"><span class='ocrx_word' id='word_1_33' title='bbox 670 1125 917 1177; x_wconf 88' lang='lat' dir='ltr'>contra</span> <span class='ocrx_word' id='word_1_34' title='bbox 951 1114 1451 1176; x_wconf 77' lang='lat' dir='ltr'>universitates</span> <span class='ocrx_word' id='word_1_35' title='bbox 1483 1124 1553 1175; x_wconf 88' lang='lat' dir='ltr'>et</span> <span class='ocrx_word' id='word_1_36' title='bbox 1585 1112 1895 1192; x_wconf 85' lang='lat' dir='ltr'>collegia</span> <span class='ocrx_word' id='word_1_37' title='bbox 1929 1133 2415 1193; x_wconf 88' lang='lat' dir='ltr'>quaecumque</span> <span class='ocrx_word' id='word_1_38' title='bbox 2446 1115 2843 1195; x_wconf 88' lang='lat' dir='ltr'>hujusmodi</span> <span class='ocrx_word' id='word_1_39' title='bbox 2875 1116 3240 1177; x_wconf 85' lang='lat' dir='ltr'>erroribus</span> 
     </span>
     <span class='ocr_line' id='line_1_7' title="bbox 671 1219 3237 1302; baseline -0 -18"><span class='ocrx_word' id='word_1_40' title='bbox 671 1221 1016 1299; x_wconf 86' lang='lat' dir='ltr'>faventia,</span> <span class='ocrx_word' id='word_1_41' title='bbox 1085 1220 1493 1302; x_wconf 79' lang='lat' dir='ltr'>specialiter</span> <span class='ocrx_word' id='word_1_42' title='bbox 1553 1219 1989 1282; x_wconf 86' lang='lat' dir='ltr'>declarando</span> <span class='ocrx_word' id='word_1_43' title='bbox 2056 1241 2141 1281; x_wconf 88' lang='lat' dir='ltr'>ea</span> <span class='ocrx_word' id='word_1_44' title='bbox 2188 1220 2521 1283; x_wconf 85' lang='lat' dir='ltr'>incidisse</span> <span class='ocrx_word' id='word_1_45' title='bbox 2571 1221 2640 1282; x_wconf 86' lang='lat' dir='ltr'>in</span> <span class='ocrx_word' id='word_1_46' title='bbox 2690 1242 2917 1302; x_wconf 86' lang='lat' dir='ltr'>penas</span> <span class='ocrx_word' id='word_1_47' title='bbox 2974 1223 3237 1284; x_wconf 87' lang='lat' dir='ltr'>bullae.</span> 
     </span>
     <span class='ocr_line' id='line_1_8' title="bbox 672 1327 3239 1411; baseline -0.001 -20"><span class='ocrx_word' id='word_1_48' title='bbox 672 1330 1118 1392; x_wconf 88' lang='lat' dir='ltr'>Moderanda</span> <span class='ocrx_word' id='word_1_49' title='bbox 1167 1338 1400 1391; x_wconf 89' lang='lat' dir='ltr'>tamen</span> <span class='ocrx_word' id='word_1_50' title='bbox 1449 1330 1628 1389; x_wconf 86' lang='lat' dir='ltr'>haec</span> <span class='ocrx_word' id='word_1_51' title='bbox 1678 1328 1914 1389; x_wconf 90' lang='lat' dir='ltr'>omnia</span> <span class='ocrx_word' id='word_1_52' title='bbox 1964 1327 2167 1389; x_wconf 80' lang='lat' dir='ltr'>vobis</span> <span class='ocrx_word' id='word_1_53' title='bbox 2216 1348 2347 1409; x_wconf 91' lang='lat' dir='ltr'>per</span> <span class='ocrx_word' id='word_1_54' title='bbox 2388 1330 2699 1391; x_wconf 85' lang='lat' dir='ltr'>locorum</span> <span class='ocrx_word' id='word_1_55' title='bbox 2737 1341 2807 1392; x_wconf 88' lang='lat' dir='ltr'>et</span> <span class='ocrx_word' id='word_1_56' title='bbox 2836 1341 3239 1411; x_wconf 87' lang='lat' dir='ltr'>temporum</span> 
     </span>
     <span class='ocr_line' id='line_1_9' title="bbox 673 1435 1475 1517; baseline -0.001 -18"><span class='ocrx_word' id='word_1_57' title='bbox 673 1435 946 1499; x_wconf 85' lang='lat' dir='ltr'>ratione</span> <span class='ocrx_word' id='word_1_58' title='bbox 996 1435 1475 1517; x_wconf 64' lang='lat' dir='ltr'>relinquimus</span> 
     </span>
    </p>

    <p class='ocr_par' dir='ltr' id='par_1_3' title="bbox 673 1542 3249 2375">
     <span class='ocr_line' id='line_1_10' title="bbox 853 1542 3243 1625; baseline -0 -20"><span class='ocrx_word' id='word_1_59' title='bbox 853 1544 1049 1623; x_wconf 86' lang='lat' dir='ltr'>Item,</span> <span class='ocrx_word' id='word_1_60' title='bbox 1101 1563 1256 1604; x_wconf 88' lang='lat' dir='ltr'>cum</span> <span class='ocrx_word' id='word_1_61' title='bbox 1307 1542 1759 1604; x_wconf 88' lang='lat' dir='ltr'>didicerimus</span> <span class='ocrx_word' id='word_1_62' title='bbox 1807 1563 1938 1624; x_wconf 88' lang='lat' dir='ltr'>per</span> <span class='ocrx_word' id='word_1_63' title='bbox 1986 1544 2585 1625; x_wconf 78' lang='lat' dir='ltr'>chalcographOS,</span> <span class='ocrx_word' id='word_1_64' title='bbox 2637 1544 2856 1605; x_wconf 87' lang='lat' dir='ltr'>libros</span> <span class='ocrx_word' id='word_1_65' title='bbox 2906 1542 3243 1605; x_wconf 89' lang='lat' dir='ltr'>seminari</span> 
     </span>
     <span class='ocr_line' id='line_1_11' title="bbox 673 1626 3241 1731; baseline -0.001 -18"><span class='ocrx_word' id='word_1_66' title='bbox 673 1652 986 1714; x_wconf 88' lang='lat' dir='ltr'>famosos</span> <span class='ocrx_word' id='word_1_67' title='bbox 1036 1662 1106 1711; x_wconf 89' lang='lat' dir='ltr'>et</span> <span class='ocrx_word' id='word_1_68' title='bbox 1157 1650 1548 1730; x_wconf 78' lang='lat' dir='ltr'>injurioso5‚</span> <span class='ocrx_word' id='word_1_69' title='bbox 1598 1670 1681 1711; x_wconf 90' lang='lat' dir='ltr'>ae</span> <span class='ocrx_word' id='word_1_70' title='bbox 1732 1626 2433 1731; x_wconf 41' lang='lat' dir='ltr'>haereseos⁸plenos</span> <span class='ocrx_word' id='word_1_71' title='bbox 2484 1652 2659 1714; x_wconf 86' lang='lat' dir='ltr'>ideo.</span> <span class='ocrx_word' id='word_1_72' title='bbox 2698 1652 3013 1713; x_wconf 89' lang='lat' dir='ltr'>locorum</span> <span class='ocrx_word' id='word_1_73' title='bbox 3056 1650 3241 1712; x_wconf 85' lang='lat' dir='ltr'>ordi-</span> 
     </span>
     <span class='ocr_line' id='line_1_12' title="bbox 673 1756 3245 1840; baseline -0 -21"><span class='ocrx_word' id='word_1_74' title='bbox 673 1758 890 1820; x_wconf 88' lang='lat' dir='ltr'>nariis</span> <span class='ocrx_word' id='word_1_75' title='bbox 961 1758 1227 1819; x_wconf 86' lang='lat' dir='ltr'>bullam</span> <span class='ocrx_word' id='word_1_76' title='bbox 1295 1756 1818 1820; x_wconf 81' lang='lat' dir='ltr'>constitutionis</span> <span class='ocrx_word' id='word_1_77' title='bbox 1886 1758 2388 1820; x_wconf 89' lang='lat' dir='ltr'>Lateranensis</span> <span class='ocrx_word' id='word_1_78' title='bbox 2456 1758 2754 1821; x_wconf 90' lang='lat' dir='ltr'>Concilii</span> <span class='ocrx_word' id='word_1_79' title='bbox 2822 1778 3035 1840; x_wconf 88' lang='lat' dir='ltr'>super</span> <span class='ocrx_word' id='word_1_80' title='bbox 3100 1759 3245 1820; x_wconf 88' lang='lat' dir='ltr'>hoc</span> 
     </span>
     <span class='ocr_line' id='line_1_13' title="bbox 675 1864 3247 1946; baseline 0 -21"><span class='ocrx_word' id='word_1_81' title='bbox 675 1864 1064 1943; x_wconf 76' lang='lat' dir='ltr'>insinueti5‚</span> <span class='ocrx_word' id='word_1_82' title='bbox 1133 1864 1234 1927; x_wconf 90' lang='lat' dir='ltr'>eis</span> <span class='ocrx_word' id='word_1_83' title='bbox 1296 1885 1386 1926; x_wconf 87' lang='lat' dir='ltr'>ex</span> <span class='ocrx_word' id='word_1_84' title='bbox 1449 1864 1946 1927; x_wconf 87' lang='lat' dir='ltr'>commissione</span> <span class='ocrx_word' id='word_1_85' title='bbox 2013 1866 2220 1927; x_wconf 88' lang='lat' dir='ltr'>vobis</span> <span class='ocrx_word' id='word_1_86' title='bbox 2286 1865 2479 1928; x_wconf 81' lang='lat' dir='ltr'>facta</span> <span class='ocrx_word' id='word_1_87' title='bbox 2534 1886 2577 1927; x_wconf 83' lang='lat' dir='ltr'>a</span> <span class='ocrx_word' id='word_1_88' title='bbox 2625 1866 2795 1927; x_wconf 88' lang='lat' dir='ltr'>sede</span> <span class='ocrx_word' id='word_1_89' title='bbox 2844 1864 3247 1946; x_wconf 83' lang='lat' dir='ltr'>apostolica</span> 
     </span>
     <span class='ocr_line' id='line_1_14' title="bbox 678 1972 3246 2053; baseline -0 -19"><span class='ocrx_word' id='word_1_90' title='bbox 678 1972 1129 2053; x_wconf 71' lang='lat' dir='ltr'>injungentes</span> <span class='ocrx_word' id='word_1_91' title='bbox 1193 1980 1268 2034; x_wconf 91' lang='lat' dir='ltr'>ut</span> <span class='ocrx_word' id='word_1_92' title='bbox 1330 1992 1484 2035; x_wconf 86' lang='lat' dir='ltr'>eam</span> <span class='ocrx_word' id='word_1_93' title='bbox 1548 1982 1992 2053; x_wconf 86' lang='lat' dir='ltr'>exequantur</span> <span class='ocrx_word' id='word_1_94' title='bbox 2062 1982 2132 2035; x_wconf 90' lang='lat' dir='ltr'>et</span> <span class='ocrx_word' id='word_1_95' title='bbox 2196 1974 2400 2035; x_wconf 89' lang='lat' dir='ltr'>vobis</span> <span class='ocrx_word' id='word_1_96' title='bbox 2458 1972 2723 2035; x_wconf 86' lang='lat' dir='ltr'>auxilio</span> <span class='ocrx_word' id='word_1_97' title='bbox 2774 1974 2951 2051; x_wconf 87' lang='lat' dir='ltr'>sint,</span> <span class='ocrx_word' id='word_1_98' title='bbox 3020 1972 3246 2033; x_wconf 92' lang='lat' dir='ltr'>libros</span> 
     </span>
     <span class='ocr_line' id='line_1_15' title="bbox 681 2078 3249 2161; baseline -0 -20"><span class='ocrx_word' id='word_1_99' title='bbox 681 2079 1076 2142; x_wconf 88' lang='lat' dir='ltr'>Hussiticos</span> <span class='ocrx_word' id='word_1_100' title='bbox 1125 2080 1508 2161; x_wconf 85' lang='lat' dir='ltr'>impressos</span> <span class='ocrx_word' id='word_1_101' title='bbox 1557 2080 2042 2157; x_wconf 89' lang='lat' dir='ltr'>comburendi,</span> <span class='ocrx_word' id='word_1_102' title='bbox 2094 2092 2165 2143; x_wconf 89' lang='lat' dir='ltr'>et</span> <span class='ocrx_word' id='word_1_103' title='bbox 2211 2081 2409 2159; x_wconf 82' lang='lat' dir='ltr'>alios,</span> <span class='ocrx_word' id='word_1_104' title='bbox 2460 2081 2764 2161; x_wconf 84' lang='lat' dir='ltr'>scriptos</span> <span class='ocrx_word' id='word_1_105' title='bbox 2798 2090 3047 2142; x_wconf 87' lang='lat' dir='ltr'>contra</span> <span class='ocrx_word' id='word_1_106' title='bbox 3076 2078 3249 2141; x_wconf 83' lang='lat' dir='ltr'>fidei</span> 
     </span>
     <span class='ocr_line' id='line_1_16' title="bbox 679 2186 3249 2269; baseline -0 -21"><span class='ocrx_word' id='word_1_107' title='bbox 679 2186 1049 2249; x_wconf 84' lang='lat' dir='ltr'>veritatem</span> <span class='ocrx_word' id='word_1_108' title='bbox 1099 2208 1182 2250; x_wconf 91' lang='lat' dir='ltr'>ac</span> <span class='ocrx_word' id='word_1_109' title='bbox 1231 2186 1422 2250; x_wconf 89' lang='lat' dir='ltr'>sedis</span> <span class='ocrx_word' id='word_1_110' title='bbox 1493 2188 1931 2269; x_wconf 85' lang='lat' dir='ltr'>apostolicae</span> <span class='ocrx_word' id='word_1_111' title='bbox 2004 2187 2458 2269; x_wconf 87' lang='lat' dir='ltr'>dignitatem,</span> <span class='ocrx_word' id='word_1_112' title='bbox 2528 2189 2707 2251; x_wconf 89' lang='lat' dir='ltr'>sicut</span> <span class='ocrx_word' id='word_1_113' title='bbox 2772 2198 2879 2249; x_wconf 88' lang='lat' dir='ltr'>est</span> <span class='ocrx_word' id='word_1_114' title='bbox 2950 2186 3249 2248; x_wconf 86' lang='lat' dir='ltr'>Hutteni</span> 
     </span>
     <span class='ocr_line' id='line_1_17' title="bbox 680 2293 3094 2375; baseline -0.001 -19"><span class='ocrx_word' id='word_1_115' title='bbox 680 2294 982 2375; x_wconf 85' lang='lat' dir='ltr'>epistola</span> <span class='ocrx_word' id='word_1_116' title='bbox 1031 2294 1310 2375; x_wconf 84' lang='lat' dir='ltr'>prefixa</span> <span class='ocrx_word' id='word_1_117' title='bbox 1357 2294 1538 2357; x_wconf 90' lang='lat' dir='ltr'>libro</span> <span class='ocrx_word' id='word_1_118' title='bbox 1590 2296 1953 2375; x_wconf 86' lang='lat' dir='ltr'>cujusdam</span> <span class='ocrx_word' id='word_1_119' title='bbox 2000 2295 2399 2373; x_wconf 85' lang='lat' dir='ltr'>scismatici,</span> <span class='ocrx_word' id='word_1_120' title='bbox 2449 2296 2653 2357; x_wconf 87' lang='lat' dir='ltr'>Trias</span> <span class='ocrx_word' id='word_1_121' title='bbox 2703 2306 2774 2356; x_wconf 91' lang='lat' dir='ltr'>et</span> <span class='ocrx_word' id='word_1_122' title='bbox 2822 2293 3094 2356; x_wconf 90' lang='lat' dir='ltr'>similia.</span> 
     </span>
    </p>

    <p class='ocr_par' dir='ltr' id='par_1_4' title="bbox 679 2400 3249 2697">
     <span class='ocr_line' id='line_1_18' title="bbox 861 2400 3249 2482; baseline -0.001 -19"><span class='ocrx_word' id='word_1_123' title='bbox 861 2402 1052 2463; x_wconf 89' lang='lat' dir='ltr'>Idem</span> <span class='ocrx_word' id='word_1_124' title='bbox 1113 2402 1232 2464; x_wconf 92' lang='lat' dir='ltr'>ubi</span> <span class='ocrx_word' id='word_1_125' title='bbox 1285 2402 1568 2464; x_wconf 86' lang='lat' dir='ltr'>nuntius</span> <span class='ocrx_word' id='word_1_126' title='bbox 1632 2412 1875 2465; x_wconf 89' lang='lat' dir='ltr'>noster</span> <span class='ocrx_word' id='word_1_127' title='bbox 1936 2402 2090 2482; x_wconf 85' lang='lat' dir='ltr'>erit,</span> <span class='ocrx_word' id='word_1_128' title='bbox 2154 2402 2387 2463; x_wconf 88' lang='lat' dir='ltr'>omnia</span> <span class='ocrx_word' id='word_1_129' title='bbox 2457 2400 2838 2481; x_wconf 75' lang='lat' dir='ltr'>vobisper</span> <span class='ocrx_word' id='word_1_130' title='bbox 2886 2421 3014 2462; x_wconf 89' lang='lat' dir='ltr'>nos</span> <span class='ocrx_word' id='word_1_131' title='bbox 3062 2420 3249 2461; x_wconf 91' lang='lat' dir='ltr'>com-</span> 
     </span>
     <span class='ocr_line' id='line_1_19' title="bbox 681 2508 3217 2585; baseline -0.002 -13"><span class='ocrx_word' id='word_1_132' title='bbox 681 2510 892 2572; x_wconf 85' lang='lat' dir='ltr'>missa</span> <span class='ocrx_word' id='word_1_133' title='bbox 941 2508 1570 2585; x_wconf 77' lang='lat' dir='ltr'>communicabitiS,</span> <span class='ocrx_word' id='word_1_134' title='bbox 1623 2520 1694 2571; x_wconf 85' lang='lat' dir='ltr'>et</span> <span class='ocrx_word' id='word_1_135' title='bbox 1743 2530 1829 2571; x_wconf 85' lang='lat' dir='ltr'>ea</span> <span class='ocrx_word' id='word_1_136' title='bbox 1878 2509 2229 2571; x_wconf 89' lang='lat' dir='ltr'>communi</span> <span class='ocrx_word' id='word_1_137' title='bbox 2277 2508 2572 2571; x_wconf 86' lang='lat' dir='ltr'>consilio</span> <span class='ocrx_word' id='word_1_138' title='bbox 2624 2520 2695 2571; x_wconf 89' lang='lat' dir='ltr'>et</span> <span class='ocrx_word' id='word_1_139' title='bbox 2742 2528 3090 2571; x_wconf 85' lang='lat' dir='ltr'>consensu</span> <span class='ocrx_word' id='word_1_140' title='bbox 3126 2528 3217 2569; x_wconf 86' lang='lat' dir='ltr'>ex</span> 
     </span>
     <span class='ocr_line' id='line_1_20' title="bbox 679 2616 1006 2697; baseline 0 -20"><span class='ocrx_word' id='word_1_141' title='bbox 679 2616 1006 2697; x_wconf 83' lang='lat' dir='ltr'>pedietis.</span> 
     </span>
    </p>

    <p class='ocr_par' dir='ltr' id='par_1_5' title="bbox 684 2722 3247 2895">
     <span class='ocr_line' id='line_1_21' title="bbox 863 2722 3247 2805; baseline 0 -20"><span class='ocrx_word' id='word_1_142' title='bbox 863 2723 1177 2805; x_wconf 81' lang='lat' dir='ltr'>Reliqua</span> <span class='ocrx_word' id='word_1_143' title='bbox 1240 2726 1572 2805; x_wconf 83' lang='lat' dir='ltr'>suppleat</span> <span class='ocrx_word' id='word_1_144' title='bbox 1637 2724 2029 2787; x_wconf 87' lang='lat' dir='ltr'>Prudentia</span> <span class='ocrx_word' id='word_1_145' title='bbox 2096 2736 2367 2801; x_wconf 87' lang='lat' dir='ltr'>vestra,</span> <span class='ocrx_word' id='word_1_146' title='bbox 2437 2724 2506 2785; x_wconf 90' lang='lat' dir='ltr'>in</span> <span class='ocrx_word' id='word_1_147' title='bbox 2576 2744 2714 2803; x_wconf 89' lang='lat' dir='ltr'>qua</span> <span class='ocrx_word' id='word_1_148' title='bbox 2784 2724 2937 2783; x_wconf 68' lang='lat' dir='ltr'>S¹¹¹¹¹⁸</span> <span class='ocrx_word' id='word_1_149' title='bbox 3010 2724 3093 2784; x_wconf 88' lang='grc' dir='ltr'>Ι).</span> <span class='ocrx_word' id='word_1_150' title='bbox 3164 2722 3247 2785; x_wconf 83' lang='lat' dir='ltr'>N.</span> 
     </span>
     <span class='ocr_line' id='line_1_22' title="bbox 684 2830 996 2895; baseline 0 -1"><span class='ocrx_word' id='word_1_151' title='bbox 684 2830 996 2895; x_wconf 68' lang='lat' dir='ltr'>confidst.</span> 
     </span>
    </p>

    <p class='ocr_par' dir='ltr' id='par_1_6' title="bbox 2796 2919 3177 2992">
     <span class='ocr_line' id='line_1_23' title="bbox 2796 2919 3177 2992; baseline -0.008 -10"><span class='ocrx_word' id='word_1_152' title='bbox 2796 2919 3177 2992; x_wconf 62' lang='lat' dir='ltr'>masalma.</span> 
     </span>
    </p>
   </div>
   <div class='ocr_carea' id='block_1_3' title="bbox 1938 3195 1998 3258">
    <p class='ocr_par' dir='ltr' id='par_1_7' title="bbox 1938 3195 1998 3258">
     <span class='ocr_line' id='line_1_24' title="bbox 1938 3195 1998 3258; baseline 0.017 -1"><span class='ocrx_word' id='word_1_153' title='bbox 1938 3195 1998 3258; x_wconf 84' lang='lat'>5.</span> 
     </span>
    </p>
   </div>
   <div class='ocr_carea' id='block_1_4' title="bbox 909 3316 3023 3398">
    <p class='ocr_par' dir='ltr' id='par_1_8' title="bbox 909 3316 3023 3398">
     <span class='ocr_line' id='line_1_25' title="bbox 909 3316 3023 3398; baseline -0.001 -2"><span class='ocrx_word' id='word_1_154' title='bbox 909 3316 1153 3396; x_wconf 86' lang='lat' dir='ltr'>Julius</span> <span class='ocrx_word' id='word_1_155' title='bbox 1211 3318 1292 3396; x_wconf 88' lang='lat' dir='ltr'>de</span> <span class='ocrx_word' id='word_1_156' title='bbox 1351 3318 1642 3398; x_wconf 81' lang='lat' dir='ltr'>Medicis</span> <span class='ocrx_word' id='word_1_157' title='bbox 1699 3317 2345 3398; x_wconf 80' lang='lat' dir='ltr'>vicecancellarius</span> <span class='ocrx_word' id='word_1_158' title='bbox 2401 3317 2586 3397; x_wconf 82' lang='lat' dir='ltr'>Hier.</span> <span class='ocrx_word' id='word_1_159' title='bbox 2647 3317 3023 3396; x_wconf 78' lang='lat' dir='ltr'>Alcandrc.</span> 
     </span>
    </p>
   </div>
   <div class='ocr_carea' id='block_1_5' title="bbox 1354 3455 2582 3636">
    <p class='ocr_par' dir='ltr' id='par_1_9' title="bbox 1354 3455 2582 3636">
     <span class='ocr_line' id='line_1_26' title="bbox 1354 3455 2582 3526; baseline -0.005 -6"><span class='ocrx_word' id='word_1_160' title='bbox 1354 3456 1638 3520; x_wconf 72' lang='lat' dir='ltr'>(Nunoiat.</span> <span class='ocrx_word' id='word_1_161' title='bbox 1676 3457 2002 3516; x_wconf 73' lang='lat' dir='ltr'>Germaniae</span> <span class='ocrx_word' id='word_1_162' title='bbox 2038 3455 2145 3514; x_wconf 81' lang='lat' dir='ltr'>vol.</span> <span class='ocrx_word' id='word_1_163' title='bbox 2184 3455 2244 3515; x_wconf 72' lang='lat'>1..</span> <span class='ocrx_word' id='word_1_164' title='bbox 2282 3455 2371 3514; x_wconf 79' lang='lat' dir='ltr'>fol.</span> <span class='ocrx_word' id='word_1_165' title='bbox 2408 3457 2501 3513; x_wconf 67' lang='lat'>4-</span> <span class='ocrx_word' id='word_1_166' title='bbox 2512 3455 2582 3526; x_wconf 84' lang='lat'>5.)</span> 
     </span>
     <span class='ocr_line' id='line_1_27' title="bbox 1601 3567 2346 3636; baseline 0.001 -19"><span class='ocrx_word' id='word_1_167' title='bbox 1601 3573 1698 3630; x_wconf 78' lang='lat' dir='ltr'>(Ex</span> <span class='ocrx_word' id='word_1_168' title='bbox 1736 3571 1865 3618; x_wconf 85' lang='lat' dir='ltr'>urbe</span> <span class='ocrx_word' id='word_1_169' title='bbox 1904 3582 1947 3628; x_wconf 86' lang='lat'>3.</span> <span class='ocrx_word' id='word_1_170' title='bbox 1997 3572 2122 3619; x_wconf 89' lang='lat' dir='ltr'>Dec.</span> <span class='ocrx_word' id='word_1_171' title='bbox 2172 3567 2346 3636; x_wconf 82' lang='lat'>1520.)</span> 
     </span>
    </p>
   </div>
   <div class='ocr_carea' id='block_1_6' title="bbox 1015 3685 2593 3766">
    <p class='ocr_par' dir='ltr' id='par_1_10' title="bbox 1015 3685 2593 3766">
     <span class='ocr_line' id='line_1_28' title="bbox 1015 3685 2593 3766; baseline -0.002 -18"><span class='ocrx_word' id='word_1_172' title='bbox 1015 3685 1451 3748; x_wconf 86' lang='lat' dir='ltr'>Reverende</span> <span class='ocrx_word' id='word_1_173' title='bbox 1503 3687 1716 3748; x_wconf 87' lang='lat' dir='ltr'>Pater</span> <span class='ocrx_word' id='word_1_174' title='bbox 1766 3687 1989 3748; x_wconf 86' lang='lat' dir='ltr'>amice</span> <span class='ocrx_word' id='word_1_175' title='bbox 2039 3686 2131 3748; x_wconf 90' lang='lat' dir='ltr'>mi</span> <span class='ocrx_word' id='word_1_176' title='bbox 2180 3685 2593 3766; x_wconf 83' lang='lat' dir='ltr'>praecipue!</span> 
     </span>
    </p>
   </div>
   <div class='ocr_carea' id='block_1_7' title="bbox 699 3795 3269 4950">
    <p class='ocr_par' dir='ltr' id='par_1_11' title="bbox 699 3795 3269 4950">
     <span class='ocr_line' id='line_1_29' title="bbox 877 3795 3258 3884; baseline -0.002 -22"><span class='ocrx_word' id='word_1_177' title='bbox 877 3802 973 3864; x_wconf 83' lang='lat' dir='ltr'>Le</span> <span class='ocrx_word' id='word_1_178' title='bbox 1006 3803 1259 3864; x_wconf 87' lang='lat' dir='ltr'>lettere</span> <span class='ocrx_word' id='word_1_179' title='bbox 1293 3812 1533 3865; x_wconf 88' lang='lat' dir='ltr'>vostre</span> <span class='ocrx_word' id='word_1_180' title='bbox 1583 3804 1672 3865; x_wconf 91' lang='lat' dir='ltr'>de</span> <span class='ocrx_word' id='word_1_181' title='bbox 1723 3802 1819 3864; x_wconf 89' lang='lat' dir='ltr'>X.</span> <span class='ocrx_word' id='word_1_182' title='bbox 1873 3805 1989 3864; x_wconf 80' lang='lat' dir='ltr'>del</span> <span class='ocrx_word' id='word_1_183' title='bbox 2039 3813 2328 3884; x_wconf 87' lang='lat' dir='ltr'>passato</span> <span class='ocrx_word' id='word_1_184' title='bbox 2378 3821 2419 3862; x_wconf 92' lang='lat' dir='ltr'>a</span> <span class='ocrx_word' id='word_1_185' title='bbox 2454 3801 2712 3862; x_wconf 87' lang='lat' dir='ltr'>Nostro</span> <span class='ocrx_word' id='word_1_186' title='bbox 2742 3795 3049 3880; x_wconf 77' lang='lat' dir='ltr'>Signore</span> <span class='ocrx_word' id='word_1_187' title='bbox 3099 3807 3169 3858; x_wconf 89' lang='lat' dir='ltr'>et</span> <span class='ocrx_word' id='word_1_188' title='bbox 3216 3817 3258 3856; x_wconf 89' lang='lat' dir='ltr'>a</span> 
     </span>
     <span class='ocr_line' id='line_1_30' title="bbox 699 3905 3257 3991; baseline -0.003 -19"><span class='ocrx_word' id='word_1_189' title='bbox 699 3910 814 3972; x_wconf 88' lang='lat' dir='ltr'>noi</span> <span class='ocrx_word' id='word_1_190' title='bbox 881 3912 1118 3972; x_wconf 89' lang='lat' dir='ltr'>hanno</span> <span class='ocrx_word' id='word_1_191' title='bbox 1185 3921 1469 3990; x_wconf 89' lang='lat' dir='ltr'>portato</span> <span class='ocrx_word' id='word_1_192' title='bbox 1518 3931 1786 3974; x_wconf 90' lang='lat' dir='ltr'>summo</span> <span class='ocrx_word' id='word_1_193' title='bbox 1837 3911 2144 3991; x_wconf 87' lang='lat' dir='ltr'>piacere‚</span> <span class='ocrx_word' id='word_1_194' title='bbox 2213 3910 2345 3971; x_wconf 88' lang='lat' dir='ltr'>che</span> <span class='ocrx_word' id='word_1_195' title='bbox 2394 3927 2523 3989; x_wconf 90' lang='lat' dir='ltr'>per</span> <span class='ocrx_word' id='word_1_196' title='bbox 2574 3909 2807 3988; x_wconf 90' lang='lat' dir='ltr'>quelle</span> <span class='ocrx_word' id='word_1_197' title='bbox 2855 3905 2914 3968; x_wconf 88' lang='lat' dir='ltr'>si</span> <span class='ocrx_word' id='word_1_198' title='bbox 2962 3905 3001 3966; x_wconf 74' lang='lat' dir='ltr'>e</span> <span class='ocrx_word' id='word_1_199' title='bbox 3050 3923 3257 3966; x_wconf 90' lang='lat' dir='ltr'>cono·</span> 
     </span>
     <span class='ocr_line' id='line_1_31' title="bbox 699 4009 3261 4098; baseline -0.004 -18"><span class='ocrx_word' id='word_1_200' title='bbox 699 4019 925 4080; x_wconf 84' lang='lat' dir='ltr'>sciuto</span> <span class='ocrx_word' id='word_1_201' title='bbox 990 4027 1254 4098; x_wconf 87' lang='lat' dir='ltr'>quanta</span> <span class='ocrx_word' id='word_1_202' title='bbox 1319 4017 1422 4079; x_wconf 85' lang='lat' dir='ltr'>sia</span> <span class='ocrx_word' id='word_1_203' title='bbox 1471 4028 1657 4079; x_wconf 89' lang='lat' dir='ltr'>stata</span> <span class='ocrx_word' id='word_1_204' title='bbox 1711 4019 1750 4080; x_wconf 90' lang='lat' dir='ltr'>l&#39;</span> <span class='ocrx_word' id='word_1_205' title='bbox 1781 4017 2225 4080; x_wconf 87' lang='lat' dir='ltr'>osservantia</span> <span class='ocrx_word' id='word_1_206' title='bbox 2274 4025 2344 4076; x_wconf 87' lang='lat' dir='ltr'>et</span> <span class='ocrx_word' id='word_1_207' title='bbox 2391 4015 2557 4078; x_wconf 89' lang='lat' dir='ltr'>fede</span> <span class='ocrx_word' id='word_1_208' title='bbox 2605 4015 2677 4075; x_wconf 91' lang='lat' dir='ltr'>di</span> <span class='ocrx_word' id='word_1_209' title='bbox 2728 4012 2905 4076; x_wconf 89' lang='lat' dir='ltr'>tanti</span> <span class='ocrx_word' id='word_1_210' title='bbox 2956 4009 3261 4093; x_wconf 85' lang='lat' dir='ltr'>Segnori</span> 
     </span>
     <span class='ocr_line' id='line_1_32' title="bbox 702 4120 3259 4206; baseline -0.004 -18"><span class='ocrx_word' id='word_1_211' title='bbox 702 4137 771 4188; x_wconf 90' lang='lat' dir='ltr'>et</span> <span class='ocrx_word' id='word_1_212' title='bbox 836 4126 906 4187; x_wconf 90' lang='lat' dir='ltr'>di</span> <span class='ocrx_word' id='word_1_213' title='bbox 967 4134 1151 4188; x_wconf 89' lang='lat' dir='ltr'>tutta</span> <span class='ocrx_word' id='word_1_214' title='bbox 1216 4126 1454 4205; x_wconf 89' lang='lat' dir='ltr'>quella</span> <span class='ocrx_word' id='word_1_215' title='bbox 1503 4125 1807 4188; x_wconf 82' lang='lat' dir='ltr'>Natione</span> <span class='ocrx_word' id='word_1_216' title='bbox 1872 4123 2408 4206; x_wconf 84' lang='lat' dir='ltr'>religiosissima</span> <span class='ocrx_word' id='word_1_217' title='bbox 2456 4143 2663 4184; x_wconf 87' lang='lat' dir='ltr'>verso</span> <span class='ocrx_word' id='word_1_218' title='bbox 2714 4123 2783 4182; x_wconf 89' lang='lat' dir='ltr'>la</span> <span class='ocrx_word' id='word_1_219' title='bbox 2832 4120 3019 4182; x_wconf 79' lang='lat' dir='ltr'>Sede</span> <span class='ocrx_word' id='word_1_220' title='bbox 3072 4120 3259 4199; x_wconf 83' lang='lat' dir='ltr'>Apo—</span> 
     </span>
     <span class='ocr_line' id='line_1_33' title="bbox 701 4225 3263 4315; baseline -0.004 -20"><span class='ocrx_word' id='word_1_221' title='bbox 701 4233 951 4295; x_wconf 85' lang='lat' dir='ltr'>stolica</span> <span class='ocrx_word' id='word_1_222' title='bbox 1015 4243 1264 4294; x_wconf 89' lang='lat' dir='ltr'>contra</span> <span class='ocrx_word' id='word_1_223' title='bbox 1330 4234 1493 4315; x_wconf 90' lang='lat' dir='ltr'>quel</span> <span class='ocrx_word' id='word_1_224' title='bbox 1557 4253 1745 4295; x_wconf 90' lang='lat' dir='ltr'>novo</span> <span class='ocrx_word' id='word_1_225' title='bbox 1801 4231 2010 4312; x_wconf 82' lang='lat' dir='ltr'>Ario,</span> <span class='ocrx_word' id='word_1_226' title='bbox 2081 4252 2254 4293; x_wconf 84' lang='lat' dir='ltr'>over</span> <span class='ocrx_word' id='word_1_227' title='bbox 2316 4231 2680 4292; x_wconf 88' lang='lat' dir='ltr'>Maumeth</span> <span class='ocrx_word' id='word_1_228' title='bbox 2735 4230 2865 4290; x_wconf 91' lang='lat' dir='ltr'>che</span> <span class='ocrx_word' id='word_1_229' title='bbox 2927 4225 3129 4288; x_wconf 91' lang='lat' dir='ltr'>Iddio</span> <span class='ocrx_word' id='word_1_230' title='bbox 3197 4228 3263 4287; x_wconf 92' lang='lat' dir='ltr'>lo</span> 
     </span>
     <span class='ocr_line' id='line_1_34' title="bbox 703 4332 3265 4420; baseline -0.003 -19"><span class='ocrx_word' id='word_1_231' title='bbox 703 4339 977 4401; x_wconf 87' lang='lat' dir='ltr'>riduchi</span> <span class='ocrx_word' id='word_1_232' title='bbox 1040 4361 1081 4402; x_wconf 87' lang='lat' dir='ltr'>a</span> <span class='ocrx_word' id='word_1_233' title='bbox 1144 4341 1394 4404; x_wconf 74' lang='lat' dir='ltr'>sanita.</span> <span class='ocrx_word' id='word_1_234' title='bbox 1515 4339 1778 4404; x_wconf 89' lang='lat' dir='ltr'>Nostro</span> <span class='ocrx_word' id='word_1_235' title='bbox 1844 4339 2150 4420; x_wconf 83' lang='lat' dir='ltr'>Signore</span> <span class='ocrx_word' id='word_1_236' title='bbox 2216 4349 2414 4400; x_wconf 88' lang='lat' dir='ltr'>certo</span> <span class='ocrx_word' id='word_1_237' title='bbox 2478 4336 2895 4399; x_wconf 87' lang='lat' dir='ltr'>commenda</span> <span class='ocrx_word' id='word_1_238' title='bbox 2966 4334 3151 4395; x_wconf 89' lang='lat' dir='ltr'>assai</span> <span class='ocrx_word' id='word_1_239' title='bbox 3216 4332 3265 4394; x_wconf 93' lang='lat' dir='ltr'>il</span> 
     </span>
     <span class='ocr_line' id='line_1_35' title="bbox 704 4439 3265 4528; baseline -0.003 -20"><span class='ocrx_word' id='word_1_240' title='bbox 704 4447 936 4509; x_wconf 87' lang='lat' dir='ltr'>studio</span> <span class='ocrx_word' id='word_1_241' title='bbox 1003 4458 1074 4510; x_wconf 94' lang='lat' dir='ltr'>et</span> <span class='ocrx_word' id='word_1_242' title='bbox 1136 4448 1301 4512; x_wconf 90' lang='lat' dir='ltr'>fede</span> <span class='ocrx_word' id='word_1_243' title='bbox 1363 4460 1641 4528; x_wconf 85' lang='lat' dir='ltr'>vostra,</span> <span class='ocrx_word' id='word_1_244' title='bbox 1711 4461 1780 4510; x_wconf 93' lang='lat' dir='ltr'>et</span> <span class='ocrx_word' id='word_1_245' title='bbox 1845 4447 1910 4508; x_wconf 89' lang='lat' dir='ltr'>in</span> <span class='ocrx_word' id='word_1_246' title='bbox 1964 4458 2219 4528; x_wconf 87' lang='lat' dir='ltr'>questa</span> <span class='ocrx_word' id='word_1_247' title='bbox 2265 4465 2433 4508; x_wconf 87' lang='lat' dir='ltr'>cosa</span> <span class='ocrx_word' id='word_1_248' title='bbox 2479 4451 2670 4505; x_wconf 87' lang='lat' dir='ltr'>resta</span> <span class='ocrx_word' id='word_1_249' title='bbox 2717 4441 2811 4504; x_wconf 87' lang='lat' dir='ltr'>fin</span> <span class='ocrx_word' id='word_1_250' title='bbox 2862 4441 2979 4522; x_wconf 92' lang='lat' dir='ltr'>qui</span> <span class='ocrx_word' id='word_1_251' title='bbox 3032 4441 3099 4502; x_wconf 90' lang='lat' dir='ltr'>di</span> <span class='ocrx_word' id='word_1_252' title='bbox 3148 4439 3265 4501; x_wconf 91' lang='lat' dir='ltr'>voi</span> 
     </span>
     <span class='ocr_line' id='line_1_36' title="bbox 706 4545 3261 4639; baseline -0.005 -21"><span class='ocrx_word' id='word_1_253' title='bbox 706 4555 1134 4619; x_wconf 85' lang='lat' dir='ltr'>soddisfatto</span> <span class='ocrx_word' id='word_1_254' title='bbox 1185 4578 1225 4617; x_wconf 90' lang='lat' dir='ltr'>a</span> <span class='ocrx_word' id='word_1_255' title='bbox 1273 4556 1509 4639; x_wconf 84' lang='lat' dir='ltr'>pien0,</span> <span class='ocrx_word' id='word_1_256' title='bbox 1560 4557 1692 4620; x_wconf 91' lang='lat' dir='ltr'>che</span> <span class='ocrx_word' id='word_1_257' title='bbox 1743 4556 1863 4618; x_wconf 90' lang='lat' dir='ltr'>noi</span> <span class='ocrx_word' id='word_1_258' title='bbox 1911 4576 1999 4617; x_wconf 91' lang='lat' dir='ltr'>ne</span> <span class='ocrx_word' id='word_1_259' title='bbox 2050 4555 2348 4618; x_wconf 85' lang='lat' dir='ltr'>sentimo</span> <span class='ocrx_word' id='word_1_260' title='bbox 2400 4572 2579 4633; x_wconf 83' lang='lat' dir='ltr'>gran</span> <span class='ocrx_word' id='word_1_261' title='bbox 2620 4559 2986 4616; x_wconf 83' lang='lat' dir='ltr'>contento:</span> <span class='ocrx_word' id='word_1_262' title='bbox 3040 4545 3261 4628; x_wconf 85' lang='lat' dir='ltr'>segui-</span> 
     </span>
     <span class='ocr_line' id='line_1_37' title="bbox 707 4654 3268 4744; baseline -0.003 -21"><span class='ocrx_word' id='word_1_263' title='bbox 707 4673 852 4725; x_wconf 89' lang='lat' dir='ltr'>tate</span> <span class='ocrx_word' id='word_1_264' title='bbox 918 4683 1050 4726; x_wconf 90' lang='lat' dir='ltr'>con</span> <span class='ocrx_word' id='word_1_265' title='bbox 1111 4664 1493 4743; x_wconf 86' lang='lat' dir='ltr'>prudentia</span> <span class='ocrx_word' id='word_1_266' title='bbox 1557 4675 1627 4728; x_wconf 87' lang='lat' dir='ltr'>et</span> <span class='ocrx_word' id='word_1_267' title='bbox 1689 4663 2072 4744; x_wconf 87' lang='lat' dir='ltr'>modestia,</span> <span class='ocrx_word' id='word_1_268' title='bbox 2140 4658 2719 4743; x_wconf 85' lang='lat' dir='ltr'>persuadendovi</span> <span class='ocrx_word' id='word_1_269' title='bbox 2778 4659 2908 4720; x_wconf 92' lang='lat' dir='ltr'>che</span> <span class='ocrx_word' id='word_1_270' title='bbox 2971 4655 3044 4717; x_wconf 90' lang='lat' dir='ltr'>in</span> <span class='ocrx_word' id='word_1_271' title='bbox 3095 4654 3268 4717; x_wconf 90' lang='lat' dir='ltr'>Celo</span> 
     </span>
     <span class='ocr_line' id='line_1_38' title="bbox 709 4761 3269 4836; baseline -0.004 -3"><span class='ocrx_word' id='word_1_272' title='bbox 709 4781 780 4833; x_wconf 87' lang='lat' dir='ltr'>et</span> <span class='ocrx_word' id='word_1_273' title='bbox 827 4770 896 4832; x_wconf 94' lang='lat' dir='ltr'>in</span> <span class='ocrx_word' id='word_1_274' title='bbox 948 4781 1138 4834; x_wconf 90' lang='lat' dir='ltr'>terra</span> <span class='ocrx_word' id='word_1_275' title='bbox 1187 4783 1419 4835; x_wconf 83' lang='lat' dir='ltr'>sarete</span> <span class='ocrx_word' id='word_1_276' title='bbox 1467 4782 1940 4836; x_wconf 80' lang='lat' dir='ltr'>remunerato,</span> <span class='ocrx_word' id='word_1_277' title='bbox 1990 4769 2261 4833; x_wconf 87' lang='lat' dir='ltr'>Danari</span> <span class='ocrx_word' id='word_1_278' title='bbox 2290 4768 2360 4830; x_wconf 85' lang='lat' dir='ltr'>vi</span> <span class='ocrx_word' id='word_1_279' title='bbox 2393 4787 2699 4829; x_wconf 88' lang='lat' dir='ltr'>saranno</span> <span class='ocrx_word' id='word_1_280' title='bbox 2731 4763 3005 4828; x_wconf 90' lang='lat' dir='ltr'>rimessi</span> <span class='ocrx_word' id='word_1_281' title='bbox 3036 4761 3269 4825; x_wconf 90' lang='lat' dir='ltr'>subito</span> 
     </span>
     <span class='ocr_line' id='line_1_39' title="bbox 709 4871 3267 4950; baseline -0.005 -7"><span class='ocrx_word' id='word_1_282' title='bbox 709 4891 780 4942; x_wconf 88' lang='lat' dir='ltr'>et</span> <span class='ocrx_word' id='word_1_283' title='bbox 827 4900 968 4946; x_wconf 89' lang='lat' dir='ltr'>non</span> <span class='ocrx_word' id='word_1_284' title='bbox 1021 4883 1340 4946; x_wconf 89' lang='lat' dir='ltr'>dubitate</span> <span class='ocrx_word' id='word_1_285' title='bbox 1388 4883 1459 4943; x_wconf 89' lang='lat' dir='ltr'>vi</span> <span class='ocrx_word' id='word_1_286' title='bbox 1508 4881 1567 4943; x_wconf 91' lang='lat' dir='ltr'>si</span> <span class='ocrx_word' id='word_1_287' title='bbox 1615 4880 1791 4943; x_wconf 89' lang='lat' dir='ltr'>lasci</span> <span class='ocrx_word' id='word_1_288' title='bbox 1839 4899 2169 4942; x_wconf 88' lang='lat' dir='ltr'>mancare</span> <span class='ocrx_word' id='word_1_289' title='bbox 2218 4897 2388 4940; x_wconf 90' lang='lat' dir='ltr'>cosa</span> <span class='ocrx_word' id='word_1_290' title='bbox 2430 4871 2833 4937; x_wconf 87' lang='lat' dir='ltr'>necessaria</span> <span class='ocrx_word' id='word_1_291' title='bbox 2866 4890 3039 4936; x_wconf 88' lang='lat' dir='ltr'>over</span> <span class='ocrx_word' id='word_1_292' title='bbox 3073 4889 3267 4950; x_wconf 90' lang='lat' dir='ltr'>espe-</span> 
     </span>
    </p>
   </div>
  </div>
 </body>
</html>
