3575 5775
1761 563 2219 621 0-<376C>-0

701 711 933 775 sessor
995 720 1065 774 et
1121 711 1318 775 molti
1369 711 1528 774 altri
1578 709 1869 794 Signori
1918 711 2175 775 dicono
2226 713 2359 775 che
2408 711 2605 774 molti
2656 709 2968 793 Principi
3019 720 3091 774 et
3136 711 3271 772 No·

701 819 856 898 bili,
925 820 1058 882 che
1107 819 1345 883 avanti
1392 839 1533 882 non
1583 821 1912 882 haveano
1961 821 2137 883 letto
2184 819 2233 882 li
2283 819 2507 882 errori
2556 818 2626 881 di
2676 819 2945 882 Luther
2994 818 3065 881 in
3112 817 3274 898 fide,

703 947 818 989 ma
886 929 1111 989 solum
1178 929 1244 990 le
1293 948 1417 989 sue
1464 927 1909 1008 blasphemie
1974 935 2226 996 contra
2273 925 2693 989 Pontificem
2743 935 2814 988 et
2860 927 3159 1004 clerum,
3208 935 3279 988 et

702 1054 833 1116 per
893 1053 1265 1097 commune
1315 1054 1556 1097 errore
1607 1035 1671 1095 d'
1706 1034 1867 1097 altri
1918 1053 2137 1097 erano
2186 1032 2639 1115 perfidissimi
2689 1033 3099 1112 Lutherani‚
3156 1033 3274 1094 do·

703 1141 824 1224 poi
887 1142 1018 1204 che
1081 1142 1334 1205 udirno
1399 1143 1464 1204 le
1519 1141 1799 1204 heresie
1846 1143 1981 1204 che
2026 1141 2235 1204 furno
2284 1150 2673 1204 monstrate
2722 1161 2961 1203 coram
3010 1139 3275 1202 Cesare

704 1257 774 1310 et
821 1249 1130 1330 Imperio
1189 1249 1357 1312 nelli
1421 1250 1580 1311 libri
1627 1249 1902 1331 proprii
1952 1248 2141 1328 suoi,
2210 1247 2266 1309 si
2317 1267 2493 1311 sono
2544 1248 2661 1312 del
2707 1257 2892 1310 tutto
2940 1246 3275 1310 cambiati

704 1367 775 1418 et
823 1355 982 1418 fatti
1033 1354 1438 1420 orthodoxi.
1475 1357 1614 1418 Del
1663 1357 1796 1418 che
1832 1357 1969 1417 Dio
2019 1377 2099 1418 sa
2146 1357 2216 1418 lo
2266 1355 2397 1417 che
2448 1375 2536 1418 ne
2587 1355 2645 1418 8.
2724 1355 2801 1417 Io
2848 1356 2989 1416 ben
3038 1352 3275 1416 vorrei

703 1465 834 1526 che
885 1483 1026 1526 non
1075 1463 1133 1527 si
1181 1464 1375 1526 fusse
1429 1474 1790 1546 propost0,
1842 1484 1957 1525 ma
2004 1464 2135 1526 che
2172 1462 2434 1526 Cesare
2484 1462 2548 1524 ci
2596 1463 2901 1524 havesse
2932 1480 3275 1523 concesso

699 1571 750 1633 il
798 1571 1132 1633 mandato
1179 1571 1383 1634 iuxta
1429 1569 1957 1634 conclusionem
2008 1579 2289 1651 captam
2341 1569 2455 1632 die
2507 1568 2803 1631 XXIX.
2854 1566 3277 1630 Decembris

701 1677 1026 1758 proxime
1089 1678 1470 1759 preteritO,
1537 1679 1608 1740 la
1669 1679 1838 1759 qual
1884 1677 2025 1740 Dio
2081 1676 2382 1758 perdoni
2430 1698 2473 1738 a
2520 1676 2635 1738 chi
2684 1679 2917 1740 havea
2966 1677 3036 1737 la
3084 1695 3273 1754 cura,

704 1793 776 1846 et
831 1805 962 1866 per
1022 1805 1150 1847 sua
1209 1783 1550 1863 timidita,
1618 1784 1695 1846 fu
1745 1785 1955 1865 colpa
2004 1786 2137 1846 che
2186 1804 2327 1846 non
2376 1783 2571 1846 fusse
2618 1782 2855 1845 statim
2906 1781 3273 1862 exequita;

703 1894 840 1953 ben
895 1891 934 1953 ὲ
980 1911 1154 1954 vero
1170 1940 1187 1971 ,
1254 1893 1386 1954 che
1436 1911 1512 1954 se
1562 1891 1619 1954 si
1667 1900 1959 1972 potesse
2005 1891 2269 1972 pigliar
2318 1893 2508 1952 buon
2554 1909 2767 1952 verso
2818 1889 3009 1969 dopo
3076 1896 3277 1950 tanta

703 1999 1183 2080 disputatione
1247 2009 1319 2062 et
1380 1999 1838 2062 conclusione
1886 1997 1957 2059 di
2006 1998 2239 2078 questi
2288 1996 2625 2078 Principi‚
2675 1998 2746 2058 la
2793 2015 2962 2058 cosa
3008 1995 3066 2057 si
3118 2015 3274 2076 por·

703 2109 1002 2170 tarebbe
1065 2107 1256 2169 mille
1318 2108 1512 2169 volte
1577 2106 1839 2186 meglio
1856 2155 1873 2186 ,
1942 2108 2075 2168 che
2138 2125 2279 2167 non
2340 2103 2401 2166 ci
2450 2105 2757 2166 sarebbe
2805 2104 2949 2166 ulla
3000 2113 3275 2166 contra-

703 2213 1000 2276 dittione
1049 2223 1120 2275 et
1165 2213 1288 2295 gia
1335 2233 1412 2276 se
1458 2215 1815 2296 potrebbe
1866 2213 1995 2294 dir,
2044 2214 2175 2274 che
2224 2213 2295 2273 la
2340 2212 2573 2294 hydra
2620 2209 3029 2272 Lutherana
3077 2209 3275 2272 fusse

701 2320 984 2402 penitus
1035 2319 1328 2401 extima,
1378 2321 1568 2402 quod
1617 2321 1815 2384 Deus
1861 2319 2097 2384 faciat.

881 2427 966 2489 El
1000 2427 1556 2510 saltzburgense
1607 2430 1825 2510 dopoi
1873 2438 2113 2491 nostre
2164 2430 2381 2490 molte
2427 2423 2885 2504 instruttioni,
2934 2425 3029 2486 ha
3062 2443 3279 2505 preso

701 2554 831 2615 per
879 2534 1334 2598 conclusione
1383 2534 1731 2598 reformat
1779 2536 1845 2597 el
1895 2537 2187 2598 decreto
2222 2533 2294 2596 di
2325 2543 2515 2597 sorte
2552 2534 2685 2594 che
2718 2551 2859 2594 non
2895 2531 2951 2592 si
2986 2541 3278 2611 potesse

702 2642 1097 2705 rechiamar
1158 2643 1250 2705 ne
1313 2645 1403 2705 da
1453 2642 1807 2724 Principi,
1876 2644 1961 2705 ne
2030 2643 2124 2704 da
2188 2641 2435 2722 populi
2486 2651 2557 2704 et
2604 2648 2841 2702 tamen
2890 2638 2949 2700 si
2994 2636 3279 2700 facesse

701 2749 744 2810 1’
771 2749 1016 2812 effetto
1066 2752 1197 2813 che
1247 2749 1364 2812 noi
1413 2748 1883 2830 desideramO,
1934 2751 1992 2812 si
2041 2749 2383 2832 possibile
2432 2748 2591 2818 erit:
2644 2756 2715 2809 et
2749 2744 2896 2808 cosi
2926 2745 3078 2808 heri
3112 2765 3279 2808 sero

699 2857 776 2923 fu
835 2857 1016 2921 fatto
1081 2859 1146 2921 el
1212 2859 1505 2922 decreto
1571 2856 1640 2921 in
1693 2858 2078 2939 Alemano,
2149 2859 2213 2920 el
2282 2857 2448 2939 qual
2509 2855 2602 2918 mi
2652 2855 2967 2917 monstro
3018 2862 3280 2934 questa

701 2987 907 3029 mane
955 2967 1027 3030 in
1077 2967 1409 3048 diluculo,
1460 2975 1532 3029 et
1579 2967 1744 3028 dete
1793 2968 1863 3029 la
1910 2986 2079 3029 cura
2127 2988 2169 3027 a
2218 2964 2561 3047 Spieghel
2611 2966 2681 3026 lo
2730 2962 3007 3025 facesse
3054 2960 3129 3023 in
3178 2961 3279 3023 la-

699 3075 849 3136 tino
901 3084 970 3137 et
1021 3094 1129 3135 me
1179 3074 1247 3136 lo
1297 3074 1856 3137 communicasse
1904 3084 2285 3155 antequam
2334 3074 2426 3134 ab
2475 3071 2716 3151 aliquo
2766 3069 3282 3149 deputatorum

699 3180 1096 3252 videretur3
1165 3182 1356 3262 quod
1419 3191 1655 3243 tamen
1712 3201 1855 3243 non
1906 3180 2038 3243 fuit
2085 3179 2384 3260 factum,
2446 3176 2607 3239 anci
2656 3178 2749 3239 da
2796 3174 3047 3237 XXII.
3098 3176 3282 3238 hore

699 3287 792 3349 fin
843 3288 884 3349 a
932 3288 1156 3369 quest'
1193 3290 1372 3351 hora
1432 3290 1746 3351 secunda
1802 3296 1873 3350 et
1920 3286 2210 3368 meggia
2258 3285 2329 3347 di
2376 3292 2575 3348 notte
2624 3284 2673 3345 li
2723 3280 3046 3363 deputati
3096 3302 3283 3344 sono

701 3396 864 3456 stati
911 3394 984 3457 in
1032 3416 1200 3457 casa
1248 3416 1381 3459 con
1431 3396 1833 3458 sedunense
1882 3414 2098 3475 sopra
2146 3403 2398 3475 questa
2448 3412 2635 3471 cosa,
2686 3390 2803 3453 del
2850 3392 2982 3451 che
3016 3390 3283 3455 deman

701 3500 1064 3564 solicitaro
1113 3501 1442 3565 intender
1489 3512 1560 3564 et
1607 3502 1718 3564 far
1767 3504 1832 3563 el
1882 3510 2075 3564 resto
2124 3510 2393 3581 quanto
2440 3498 2671 3581 potro.

879 3610 1120 3671 Revmv
1187 3618 1258 3671 et
1323 3608 1512 3673 illme
1580 3610 1647 3671 in
1718 3611 1818 3671 tal
1885 3609 2095 3671 modo
2156 3626 2395 3670 vanno
2452 3607 2517 3668 18
2566 3624 2733 3667 cose
2784 3614 3025 3668 nostre
3072 3616 3282 3667 tanto

699 3716 992 3798 ancipiti
1053 3727 1128 3779 et
1182 3715 1356 3798 ogni
1401 3718 1471 3779 dl
1520 3716 1888 3797 variabili,
1957 3718 2088 3778 che
2139 3735 2278 3778 non
2328 3714 2367 3777 e
2414 3713 2707 3795 ingenio
2770 3713 3081 3775 humano
3140 3714 3283 3775 che

697 3824 891 3905 possi
941 3824 1248 3886 trovarci
1298 3844 1506 3886 verso
1555 3825 1831 3900 alcun0,
1884 3833 1955 3885 et
2001 3825 2069 3886 in
2118 3821 2445 3886 omnibus
2492 3841 2635 3884 non
2685 3820 2743 3883 si
2790 3820 2973 3881 vede
3009 3840 3087 3881 se
3131 3840 3281 3883 non

699 3931 994 3993 dilation
1046 3952 1086 3994 o
1136 3930 1397 4012 privati
1465 3930 1729 4011 affetti,
1800 3933 1931 3993 che
1986 3950 2065 3993 se
2114 3930 2335 3993 Cesar
2380 3949 2520 3991 non
2570 3927 2763 3990 fusse
2812 3924 2961 3990 cosi
3006 3928 3281 4005 buonO,

697 4050 930 4101 actum
995 4050 1204 4105 esset.
1300 4039 1404 4100 La
1465 4040 1676 4120 colpa
1725 4050 1795 4101 et
1846 4057 2095 4115 causa,
2158 4056 2378 4098 ancor
2426 4036 2557 4097 che
2606 4034 2689 4096 sii
2740 4031 3027 4095 difficile
3078 4054 3122 4095 a
3172 4056 3279 4096 sa-

697 4166 892 4227 pere,
926 4148 1310 4209 tuttavolta
1339 4146 1410 4207 in
1436 4147 1676 4208 buona
1704 4158 1910 4228 parte
1939 4147 2009 4207 la
2039 4142 2497 4223 comprendO,
2530 4160 2647 4203 ma
2682 4161 2821 4202 non
2853 4140 3080 4202 ausim
3106 4141 3279 4203 scri-

697 4254 868 4316 bere
913 4255 1139 4335 prima
1181 4256 1312 4317 che
1342 4252 1412 4315 io
1439 4252 1545 4315 sia
1572 4252 1780 4314 fuora
1826 4252 1895 4314 di
1927 4260 2179 4331 questa
2206 4250 2632 4329 Alemagna,
2684 4248 2921 4311 donde
2954 4246 3282 4311 scrivero

698 4380 864 4422 cose
928 4363 1058 4424 che
1109 4362 1246 4423 mai
1293 4362 1505 4423 homo
1555 4360 1614 4421 si
1663 4360 2015 4442 potrebbe
2063 4376 2329 4438 pensar
2376 4357 2505 4417 che
2537 4353 2685 4418 cosi
2720 4354 2995 4417 fussero
3032 4363 3105 4416 et
3138 4374 3281 4435 pur

698 4488 900 4539 sono;
951 4488 1064 4531 ma
1097 4469 1408 4531 scrivere
1456 4468 1547 4530 de
1595 4464 1714 4549 qui
1764 4466 1803 4528 e
1836 4465 2176 4546 pericolO,
2226 4463 2317 4525 ne
2359 4462 2535 4544 pero
2576 4481 2707 4542 per
2746 4461 2794 4523 il
2826 4460 2964 4523 mio
3000 4461 3281 4525 scriver

697 4575 753 4635 si
804 4578 1158 4657 potrebbe
1217 4576 1330 4638 far
1393 4578 1574 4639 altro
1643 4575 1731 4637 de
1797 4577 1867 4636 lo
1936 4573 2067 4634 che
2131 4571 2191 4633 si
2238 4570 2346 4648 fa,
2416 4570 2530 4631 del
2582 4570 2713 4631 che
2762 4567 2855 4630 mi
2902 4587 3180 4649 creppa
3227 4568 3281 4632 il

697 4702 862 4743 core
913 4681 1433 4746 considerando
1483 4684 1616 4745 che
1665 4682 1889 4745 siamo
1940 4677 2085 4743 cosi
2134 4676 2408 4740 trattati
2456 4696 2599 4737 non
2650 4676 2769 4737 noi
2817 4696 2932 4738 ma
2978 4673 3153 4754 Dio,
3204 4676 3281 4738 la

695 4788 862 4850 fede
927 4800 998 4851 et
1045 4789 1094 4850 il
1128 4786 1568 4855 SantissimO.
1642 4790 1795 4851 Ben
1844 4785 2168 4869 supplico
2210 4783 2295 4846 V.
2332 4782 2407 4846 S.
2456 4782 2611 4845 ΚΜ
2658 4784 2790 4844 che
2838 4780 3091 4863 tenghi
3140 4802 3283 4864 per

697 4904 892 4957 certo
955 4895 1000 4957 l'
1035 4895 1284 4959 ordine
1347 4898 1534 4959 delle
1600 4916 1766 4959 cose
1830 4913 2026 4958 esser
2090 4912 2291 4954 come
2354 4889 2427 4952 di
2490 4910 2705 4971 sopra
2758 4888 2797 4951 ὲ
2846 4887 3125 4961 scritt03
3200 4898 3281 4953 et
