3575 5775
1381 575 1876 633 (Ξ·-<ἷ3135ῑ3>-Ο

376 728 686 790 scandalo
737 728 866 788 che
915 727 1270 808 potrebbe
1321 723 1638 804 advenir,
1691 725 1823 786 che
1873 745 1950 787 se
1998 726 2565 806 provederebbe.
2645 723 2915 790 Ordino

375 837 562 899 etiam
612 837 744 897 che
801 833 1125 917 sequenti
1174 832 1288 893 die
1337 853 1447 894 me
1499 842 1823 896 trovasse
1870 834 2057 894 bene
2106 853 2316 895 mane
2366 834 2432 894 al
2468 829 2781 896 consel'io
2830 835 2918 894 de

376 943 756 1015 Alemania;
809 941 1000 1023 quod
1041 961 1083 1002 a
1115 961 1226 1002 me
1265 938 1534 1001 factum
1581 939 1736 1020 fuit,
1787 948 1857 1001 et
1891 938 2084 1020 quivi
2112 939 2526 1020 presidente
2560 939 2921 1002 Cardinali

375 1047 700 1112 Gur-censi
765 1048 964 1110 multi
1029 1045 1347 1128 episcopi
1413 1056 1482 1108 et
1547 1045 1931 1108 consiliarii
1980 1065 2111 1127 per
2156 1066 2297 1109 una
2346 1048 2523 1109 hora
2571 1057 2641 1110 et
2689 1049 2923 1130 megia

372 1157 430 1217 io
489 1156 623 1218 feei
688 1175 828 1218 uno
877 1155 1195 1218 discorso
1244 1155 1336 1216 de
1383 1153 1433 1215 li
1479 1153 1598 1234 piu
1650 1153 1857 1235 gravi
1907 1153 2132 1216 errori
2181 1153 2269 1216 de
2320 1163 2569 1234 questo
2619 1154 2921 1235 ribaldO,

373 1263 672 1344 excerpti
735 1263 828 1326 da
875 1271 1057 1326 tutte
1105 1282 1231 1325 sue
1281 1281 1534 1344 opere,
1599 1262 1664 1324 le
1715 1263 1925 1342 quale
1976 1260 2059 1341 (si
2105 1261 2265 1323 Deo
2312 1263 2573 1343 placet)
2623 1282 2754 1345 per
2801 1285 2919 1344 po-

370 1382 554 1433 terne
619 1372 880 1434 render
930 1390 1139 1432 rason
1192 1391 1235 1432 a
1283 1368 1394 1431 chi
1445 1389 1532 1431 ne
1581 1370 1820 1449 parla,
1887 1369 1955 1430 le
2004 1369 2096 1430 ho
2144 1370 2581 1448 tantevolte
2631 1371 2803 1432 lette
2855 1379 2925 1432 et

371 1479 630 1557 relette,
680 1497 902 1540 ancor
949 1479 1080 1542 che
1123 1475 1302 1539 siino
1351 1474 1844 1558 grandissime,
1896 1476 2025 1537 che
2059 1476 2126 1538 le
2157 1484 2376 1556 tengo
2426 1477 2629 1558 quasi
2670 1497 2923 1540 memo-

370 1585 543 1649 riter.
623 1585 714 1647 Et
761 1585 1070 1648 maxime
1119 1583 1169 1647 li
1217 1582 1447 1646 toccai
1496 1582 1713 1664 quelli
1759 1582 1964 1664 punti
2012 1585 2145 1644 che
2194 1603 2369 1647 sono
2416 1584 2535 1664 piu
2573 1584 2923 1646 abomine-

369 1693 498 1755 voli
557 1692 648 1754 ali
709 1692 900 1774 layci
950 1692 1214 1754 dottori
1263 1691 1610 1780 maritati,
1679 1691 1796 1771 qui
1847 1691 2240 1752 intererant
2289 1691 2605 1754 consilio.
2700 1690 2923 1754 Simil-

370 1810 584 1862 mente
646 1799 694 1862 li
745 1796 1010 1880 allegai
1057 1797 1256 1860 multi
1305 1797 1442 1860 loci
1492 1797 1827 1860 contrarii
1877 1797 2071 1860 tratti
2105 1798 2195 1859 da
2242 1798 2290 1859 li
2326 1799 2598 1880 antiqui
2648 1799 2927 1863 concilii

371 1915 432 1968 et
483 1907 745 1969 dottori
796 1904 979 1968 cossi
1028 1905 1227 1986 greci
1267 1925 1475 1974 ,come
1524 1905 1742 1986 latini,
1791 1905 1880 1968 ne
1929 1908 2256 1986 besogna
2298 1908 2573 1987 allegar
2620 1926 2755 1989 pur
2786 1928 2927 1969 una

367 2016 626 2094 parolla
696 2016 786 2075 de
836 2013 1191 2094 Theologi
1255 2013 1348 2074 da
1401 2031 1527 2090 700
1575 2011 1742 2074 anni
1789 2011 1860 2074 in
1912 2033 2087 2093 qua,
2154 2014 2415 2093 perche
2467 2013 2734 2076 Luther
2782 2035 2923 2077 non

368 2119 411 2180 li
465 2124 658 2202 vole,
723 2124 780 2182 sl
843 2122 975 2182 che
1043 2122 1281 2202 quello
1345 2131 1586 2201 tempo
1653 2121 1788 2188 che
1854 2120 1922 2181 io
1983 2139 2257 2200 povero
2320 2121 2413 2182 ho
2462 2142 2695 2184 messo
2744 2125 2924 2184 altre

365 2229 542 2290 volte
589 2229 658 2290 in
709 2227 872 2290 udir
920 2236 994 2290 et
1039 2229 1242 2308 leger
1288 2230 1359 2290 la
1409 2227 1720 2289 dottrina
1769 2227 1885 2289 del
1928 2227 2245 2289 Maestro
2297 2228 2387 2290 de
2436 2231 2503 2290 le
2552 2229 2924 2310 sententie,

365 2335 450 2395 de
479 2333 544 2396 S.
579 2336 938 2398 Thomaso
989 2355 1030 2397 0
1081 2335 1170 2396 (16
1219 2333 1561 2396 nominati
1608 2337 1935 2416 besogna
1984 2335 2075 2396 ad
2118 2336 2787 2416 contemplationem
2837 2339 2925 2398 de

361 2451 600 2521 questo
668 2443 873 2504 ladro
937 2443 1070 2504 che
1134 2441 1202 2504 io
1271 2441 1580 2503 confessi
1645 2443 1736 2504 ad
1786 2443 2117 2523 despetto
2166 2443 2305 2504 mio
2356 2444 2485 2505 che
2534 2444 2603 2505 io
2651 2445 2695 2506 1²
2731 2445 2925 2507 habii

361 2567 594 2628 perso;
645 2548 894 2611 vedasi
944 2559 1211 2629 quanto
1259 2569 1302 2609 a
1348 2549 1510 2610 tutti
1563 2549 1598 2610 ὁ
1650 2551 1973 2611 dannoso
2024 2559 2275 2630 questo
2325 2551 2701 2614 assassinO.

527 2655 619 2718 Et
681 2657 946 2738 perche
1009 2657 1060 2718 li
1109 2656 1496 2718 Lutherani
1559 2657 1627 2718 in
1689 2657 1736 2718 li
1804 2657 2081 2719 articuli
2130 2659 2219 2719 de
2264 2667 2622 2739 potestate
2672 2679 2925 2740 papae,

363 2763 447 2823 de
492 2761 936 2845 purgatori0‚
987 2765 1077 2824 de
1127 2762 1484 2845 suffragiis
1535 2767 1754 2826 molto
1806 2764 1862 2826 si
1912 2764 2229 2826 fundano
2280 2784 2495 2846 sopra
2542 2769 2612 2828 la
2646 2766 2927 2828 Chiesia

359 2888 587 2951 greca,
640 2872 710 2934 la
759 2873 926 2953 qual
976 2870 1236 2933 dicono
1283 2871 1618 2935 dissentir
1664 2871 1779 2935 dai
1830 2873 2047 2954 latini,
2097 2870 2187 2951 ic,
2237 2873 2420 2936 oltra
2469 2873 2517 2936 li
2552 2873 2728 2936 detti
2760 2876 2925 2937 alle·

358 2978 504 3057 gati
551 2979 640 3040 de
689 2978 889 3041 molti
938 2978 1324 3041 orthodoxi
1373 2979 1614 3060 graeci
1665 2979 1827 3041 tirai
1862 2980 1951 3042 de
1986 2981 2262 3042 manica
2294 2982 2362 3042 16
2398 2980 2701 3062 original
2734 2983 2931 3044 bolla

362 3086 468 3146 del
521 3085 838 3148 Concilio
890 3087 980 3147 de
1028 3085 1360 3166 Firenze,
1430 3084 1611 3147 cossi
1660 3086 1730 3147 in
1781 3104 1999 3167 greco
2052 3106 2251 3149 come
2300 3087 2370 3148 in
2421 3088 2673 3165 latin0,
2743 3089 2927 3150 dove

357 3193 847 3255 consentiente
899 3193 1338 3273 Imperatore
1387 3194 1664 3273 Joanne
1707 3194 2104 3275 Paleologo
2152 3205 2225 3256 et
2274 3194 2801 3277 subscribente,
2852 3196 2927 3257 fu

353 3298 526 3361 fatta
587 3300 656 3362 la
723 3299 1110 3362 concordia
1169 3301 1258 3361 de
1304 3300 1346 3362 l’
1389 3320 1531 3362 una
1579 3309 1649 3362 et
1698 3300 1738 3362 1¹
1775 3303 1959 3363 altra
2008 3302 2297 3364 natione
2346 3311 2419 3364 et
2464 3302 2811 3365 orientale
2860 3313 2930 3366 et

357 3407 798 3469 occidentale
864 3406 1187 3468 ecclesia.
1284 3406 1553 3487 Questa
1601 3407 1799 3470 bulla
1844 3410 2012 3470 hola
2059 3416 2340 3471 trovata
2395 3430 2487 3472 ne
2535 3410 2583 3471 li
2632 3410 2925 3473 archivii

357 3513 438 3573 de
485 3512 844 3593 VVormes‚
894 3513 962 3575 16
1011 3516 1176 3594 qual
1228 3532 1428 3575 come
1479 3514 1545 3575 el
1595 3514 1891 3576 consilio
1942 3516 2033 3576 de
2071 3516 2446 3580 Alemania
2496 3516 2681 3597 vide,
2730 3528 2924 3580 certe

351 3622 536 3684 resto
599 3624 888 3705 stupido
923 3611 1024 3685 'et
1088 3624 1304 3686 molto
1376 3622 1732 3686 satisfatto
1782 3635 2033 3688 contra
2084 3633 2335 3705 questo
2383 3625 2685 3688 ribaldo.
2780 3623 2927 3687 Sed

354 3748 482 3809 ego
531 3750 676 3793 non
729 3739 1110 3792 contentus
1155 3732 1290 3793 hoc
1339 3740 1634 3813 tantum,
1685 3735 1777 3794 ho
1828 3734 2101 3794 voltato
2151 3741 2335 3795 sotto
2387 3752 2601 3813 sopra
2648 3741 2829 3794 tutte
2860 3734 2927 3793 16

355 3836 634 3898 antiche
695 3836 988 3899 librarie
1053 3838 1142 3899 de
1202 3848 1452 3917 queste
1498 3847 1689 3901 terre
1740 3841 1927 3901 dove
1976 3840 2094 3901 noi
2140 3858 2437 3919 posamo
2486 3840 2787 3919 qualche
2836 3838 2928 3918 di,

355 3950 422 4003 et
465 3952 754 4007 trovato
810 3944 973 4006 libri
1022 3943 1210 4007 assai
1260 3944 1349 4006 de
1397 3944 1692 4007 historie
1742 3955 2110 4027 composte
2161 3955 2231 4007 et
2281 3946 2525 4008 scritte
2570 3948 2638 4008 al
2688 3956 2926 4026 tempo

354 4049 438 4111 de
484 4048 702 4112 Carlo
752 4050 1023 4131 Magno
1089 4060 1160 4113 et
1227 4052 1314 4113 de
1378 4052 1428 4114 li
1480 4050 1743 4114 Othoni
1812 4052 2259 4134 imperatori,
2324 4052 2510 4114 dove
2560 4072 2840 4133 sempre
2890 4052 2926 4114 ὲ

358 4156 715 4219 nominato
768 4156 816 4219 il
866 4157 1070 4239 Papa
1117 4158 1496 4220 Romanae
1546 4169 1616 4220 et
1663 4159 2089 4222 universalis
2136 4160 2501 4222 Ecclesiae
2552 4158 2923 4234 Pontifex;

353 4261 393 4324 il
439 4266 570 4327 che
618 4265 912 4345 quando
948 4275 1264 4327 monstro
1315 4286 1358 4327 a
1389 4275 1726 4346 questoro
1758 4268 2100 4347 prodotto
2135 4266 2292 4329 fora
2326 4268 2415 4328 (16
2448 4268 2603 4329 101·0
2635 4266 2926 4329 librarie

354 4369 416 4432 in
480 4373 666 4435 letre
733 4372 1070 4452 digitale,
1135 4382 1422 4435 restano
1489 4373 1764 4436 confusi
1816 4384 1888 4436 et
1930 4374 2140 4438 morti
2188 4396 2265 4437 se
2315 4374 2377 4437 ci
2425 4394 2601 4437 sono
2651 4374 2924 4457 nemici,

355 4488 420 4539 et
463 4498 540 4543 se
587 4479 805 4542 amici
854 4480 1364 4542 contentissimi
1414 4491 1485 4542 et
1511 4474 1752 4545 ’molto
1803 4481 2265 4545 corroborati.
2361 4482 2589 4544 Molto
2635 4484 2729 4545 ho
2780 4501 2925 4545 cer-

355 4596 503 4650 cato
567 4589 662 4649 de
727 4586 1164 4650 authoritate
1223 4587 1474 4650 summi
1525 4588 1891 4651 Pontificis
1940 4590 2128 4651 unde
2176 4589 2412 4651 omnia
2460 4590 2778 4672 pendere
2826 4589 2922 4650 vi-

357 4692 601 4756 dentur
663 4695 936 4775 perche
1001 4703 1254 4775 questo
1301 4694 1716 4758 Mahumeth
1781 4697 1850 4758 in
1920 4698 1987 4757 la
2052 4696 2467 4777 impiissima
2528 4717 2654 4759 sua
2704 4716 2925 4778 opera

357 4799 456 4861 De
516 4796 904 4885 captivitate
962 4801 1346 4886 babylom'ca
1405 4804 1496 4866 ha
1544 4805 1788 4868 scritto
1838 4806 2035 4867 nulla
2098 4825 2334 4869 essere
2384 4804 2786 4869 differentia
2834 4808 2923 4869 de

357 4906 598 4971 alcuno
668 4906 1099 4989 christiano,
1169 4918 1240 4970 et
1296 4912 1428 4971 che
1477 4911 1663 4971 dove
1711 4911 1757 4973 il
1811 4911 2012 4994 Papa
2060 4913 2227 4994 pole
2276 4912 2683 4995 dispensar,
2752 4914 2924 4995 ogni
