3575 5775
1749 533 1866 584 0-252
1945 535 2049 590 176
2126 533 2242 586 vro

893 677 1046 760 Que
1097 681 1261 741 dum
1325 679 1421 742 sic
1473 679 1726 744 fierent
1773 691 1846 742 et
1895 689 2312 764 agerentur,
2388 680 2741 745 Caesarea
2788 681 3014 746 Sacra
3060 683 3270 765 Maje-

714 797 860 850 stas
907 787 1142 850 subito
1170 788 1574 850 Electorum
1623 788 1929 852 omniurn
1963 809 2044 851 ac
2079 787 2397 869 aliorum,
2445 797 2586 852 tam
2638 789 3273 853 ecclesiasticorum

714 915 924 975 quam
955 895 1376 956 secularium
1415 894 1821 976 Principum
1872 905 1943 958 et
1971 894 2244 978 imperii
2287 896 2633 977 ordinum,
2684 918 2943 981 magno
2984 919 3274 961 numero

714 1001 1115 1082 astantium,
1143 1023 1272 1063 con
1296 1011 1526 1064 tracto
1553 1001 1933 1083 consi1i01),
1960 1022 2089 1084 per
2110 1014 2570 1066 memoratum
2591 1003 2939 1084 Joannem
2961 1005 3051 1068 de
3073 1005 3272 1084 Acie,

710 1108 1154 1191 perbenigne
1219 1108 1560 1190 imprimis
1637 1131 1796 1174 eum
1875 1119 1946 1172 et
2016 1110 2269 1173 leniter
2346 1088 2801 1175 comonefieri
2868 1111 3127 1191 voluit,
3201 1121 3277 1174 ut

712 1215 846 1279 sibi
917 1225 1084 1278 ante
1155 1216 1400 1278 oculos
1470 1227 1906 1298 preponeret
1980 1217 2315 1280 unitatem
2400 1226 2693 1281 sanctae
2780 1218 3128 1281 catholice
3204 1229 3277 1282 et

713 1323 1176 1405 Apostolicae
1235 1323 1638 1404 Ecclesiae,
1707 1344 2145 1388 communem
2209 1324 2600 1407 reipublice
2658 1325 3037 1389 christiane
3086 1335 3275 1388 tran·

711 1431 1130 1512 quillitatem
1164 1439 1233 1493 et
1263 1431 1594 1512 quietem,
1628 1441 1699 1494 et
1731 1452 1821 1493 ne
1856 1451 2064 1512 quam
2096 1433 2477 1514 suspicere,
2508 1432 2838 1496 venerari
2868 1443 2941 1496 et
2972 1435 3276 1496 adorare

709 1539 1008 1601 deberet
1055 1538 1380 1602 scindere
1409 1547 1729 1621 pararet;
1781 1538 2099 1621 nolitque
2130 1539 2451 1622 opinioni
2480 1561 2605 1602 sue
2635 1539 2919 1603 innixus
2954 1550 3024 1603 et
3053 1540 3276 1604 sacris

709 1645 962 1709 litteris
1016 1647 1106 1709 ad
1163 1663 1444 1709 sensum
1485 1667 1684 1709 suurn
1719 1646 2138 1727 deturbatiS,
2183 1647 2531 1710 doctrinis
2570 1647 2787 1710 variis
2840 1657 2911 1710 et
2956 1649 3275 1730 peregri·

711 1753 838 1833 niS‚
887 1753 1336 1836 propriisque
1371 1754 2003 1817 adinventionibus
2035 1754 2502 1834 inambulanS,
2554 1755 2954 1818 universam
2989 1755 3277 1836 religio·

711 1881 870 1924 nem
894 1860 1362 1924 Christianam
1400 1868 1747 1942 evertere,
1781 1863 2029 1924 orbem
2061 1861 2419 1924 concitare
2452 1871 2523 1923 et
2555 1860 2793 1925 infima
2828 1861 3115 1927 summis
3154 1863 3273 1924 mi·

710 1988 932 2048 scere,
981 1976 1228 2054 totque
1277 1967 1434 2049 pias
1481 1977 1756 2031 mentes
1806 1978 1876 2031 et
1924 1968 2193 2031 animas
2226 1970 2589 2047 seducere,
2641 1969 3277 2050 consideraretque

709 2085 882 2158 quot
910 2075 1049 2138 iam
1083 2074 1698 2138 inextricabilibus
1729 2075 1873 2138 suis
1905 2076 2267 2138 erroribus
2314 2076 2716 2160 involverit,
2766 2098 2945 2158 quos
2980 2075 3276 2139 difficile

709 2183 848 2246 imo
897 2183 1336 2264 impossibile
1385 2182 1520 2245 sibi
1569 2182 1660 2245 sit
1705 2202 1981 2245 rursum
2050 2183 2447 2265 explicare,
2516 2192 2688 2265 quot
2736 2193 3065 2266 preterea
3114 2204 3277 2246 cum

708 2291 1108 2353 indubitato
1159 2290 1390 2353 anime
1439 2310 1564 2352 sue
1611 2289 1932 2372 periculo
1969 2299 2040 2353 et
2066 2290 2441 2372 dispendio
2470 2290 2848 2353 miseriam
2880 2290 3277 2370 seduxerit,

709 2406 780 2459 et
826 2398 916 2460 ad
965 2397 1247 2460 inferna
1293 2377 1725 2478 premiserit5
1791 2397 2105 2478 velitque
2153 2407 2540 2480 propterea
2589 2396 3008 2479 resipiscere
3059 2407 3132 2459 et
3179 2399 3279 2460 ad

708 2524 832 2566 cor
879 2503 1144 2583 redire,
1214 2525 1496 2568 errores
1563 2524 1728 2566 suos
1787 2524 2183 2586 agnoscere
2232 2512 2303 2566 et
2352 2523 2711 2568 revocare.
2808 2503 3017 2584 Quod
3065 2504 3124 2565 si
3172 2504 3277 2566 fa-

709 2621 905 2674 ceret
952 2611 1398 2692 promitteret
1443 2612 1786 2693 Majestas
1817 2633 1945 2674 sua
1984 2610 2120 2673 sibi
2153 2609 2363 2674 venie
2398 2621 2467 2672 et
2502 2610 2732 2691 gratie
2779 2631 3001 2692 spem,
3050 2631 3279 2692 seque

706 2718 863 2782 illas
911 2720 1103 2800 apud
1153 2719 1688 2781 Sanctissimum
1745 2740 1875 2801 pro
1927 2740 2011 2781 eo
2079 2717 2289 2780 facile
2353 2719 2841 2788 obtenturum;
2904 2718 2963 2779 si
3022 2726 3281 2780 contra

707 2826 1066 2890 erroribus
1114 2826 1258 2890 suis
1306 2825 1779 2908 pervicaciter
1826 2826 2242 2889 inseverans
2289 2835 2661 2907 paternam
2696 2824 3277 2888 adhortationem

705 2934 1080 2999 admittere
1130 2956 1270 2998 non
1321 2934 1698 3014 curaverit,
1747 2944 1895 2996 tum
1942 2934 2386 3015 Majestatem
2438 2954 2634 2995 suam
2683 2931 3083 3013 predixisse
3134 2932 3279 2995 sibi

704 3043 923 3123 velle,
990 3063 1123 3124 pro
1192 3064 1277 3104 ea
1325 3040 1505 3122 fide,
1557 3062 1696 3123 qua
1758 3050 2005 3104 sancte
2070 3041 2323 3103 Matris
2380 3040 2744 3102 Ecclesiae
2804 3049 2874 3102 et
2937 3040 3281 3121 religioni

706 3148 1102 3213 Christiane
1151 3149 1481 3212 astrictus
1530 3159 1719 3211 esset
1767 3157 1841 3211 et
1886 3156 2269 3228 teneretur,
2319 3169 2395 3210 se
2447 3146 2596 3211 eius
2646 3156 2717 3209 et
2766 3156 3009 3210 sancte
3057 3144 3283 3211 Sedis

707 3256 1170 3338 Apostolicae
1203 3256 1650 3338 Majestatem
1682 3276 1815 3337 pro
1862 3254 2134 3317 iuribus
2183 3254 2660 3317 defensurum.
2754 3253 2843 3315 Et
2892 3274 3029 3335 que
3078 3265 3281 3337 post-

705 3362 988 3425 modum
1039 3383 1196 3425 eum
1244 3383 1430 3444 pene
1475 3373 1545 3425 et
1591 3365 1797 3440 mala,
1848 3372 1919 3425 et
1967 3362 2123 3443 quis
2166 3383 2325 3425 eum
2376 3361 2610 3425 exitus
2658 3372 2979 3424 maneret
3026 3372 3279 3426 mente

703 3471 1128 3535 revolveret.

885 3604 1242 3685 Quantum
1288 3624 1462 3667 vero
1511 3606 1602 3668 ad
1651 3604 2239 3667 deliberationem
2288 3623 2503 3685 super
2562 3605 2788 3666 altera
2843 3602 3285 3685 interrogati

705 3722 911 3796 parte
969 3715 1061 3775 ab
1113 3733 1197 3774 eo
1264 3711 1596 3794 petitam,
1661 3712 1986 3793 quamvis
2051 3711 2245 3774 illam
2312 3720 2562 3793 petere
2622 3709 2905 3772 minime
2968 3710 3285 3793 licuerit,

704 3828 828 3882 aut
875 3820 1126 3881 saltem
1176 3818 1500 3883 obtinere
1549 3840 1688 3882 non
1743 3827 2153 3898 mereretur,
2203 3826 2475 3880 attenta
2521 3816 2655 3897 rei,
2705 3818 2795 3881 de
2844 3836 2984 3898 qua
3030 3817 3289 3899 agitur

704 3936 958 3989 natura
1008 3936 1079 3989 et
1128 3926 1569 4006 conditione,
1618 3935 1762 3988 tum
1816 3925 2025 3988 etiam
2091 3945 2301 4007 quum
2345 3925 2681 3987 mandato
2731 3923 3056 3987 citatorio
3108 3946 3285 3989 con-

703 4043 813 4096 tra
886 4054 1041 4096 eum
1112 4032 1368 4096 emisso
1441 4031 1773 4114 specifice
1836 4041 1908 4095 et
1974 4031 2384 4095 nominatim
2444 4031 2787 4094 librorum
2849 4052 3137 4093 suorum
3210 4046 3293 4097 et

705 4149 1198 4204 contentorum
1246 4140 1320 4202 in
1368 4138 1658 4220 eisdem,
1706 4138 2093 4220 revocatio,
2141 4158 2271 4221 per
2319 4158 2477 4201 eum
2512 4136 2841 4200 facienda
2892 4138 3125 4203 eidem
3176 4140 3289 4204 in-

704 4247 984 4310 sinuata
1031 4246 1121 4310 sit
1169 4257 1240 4310 et
1289 4266 1669 4328 expressa,
1733 4248 1915 4308 adeo
1966 4246 2156 4327 quod
2204 4245 2343 4308 iam
2392 4244 2656 4307 dudum
2704 4246 3131 4326 presciverit
3185 4252 3292 4313 ad

706 4356 893 4435 quod
953 4365 1250 4417 vocatus
1317 4364 1388 4417 et
1449 4355 1640 4436 quod
1687 4353 1820 4416 sibi
1872 4354 2228 4435 agendum
2280 4361 2468 4415 esset
2516 4361 2588 4415 et
2634 4373 2784 4415 rem
2816 4364 2961 4416 tam
2993 4354 3293 4435 pericu·

704 4464 927 4525 losam
978 4470 1049 4523 et
1097 4482 1292 4525 more
1340 4460 1836 4544 impacientem
1896 4460 1967 4521 in
2033 4460 2441 4522 ulteriorem
2503 4460 2915 4522 dilationem
2984 4462 3295 4529 trahere

705 4589 846 4631 non
897 4568 1295 4650 expediret,
1346 4578 1416 4631 et
1464 4576 1849 4651 propterea
1899 4566 2148 4629 merito
2200 4566 2270 4628 in
2320 4568 2455 4629 hoc
2523 4566 2961 4631 deliberatus
3022 4570 3297 4635 venire

767 4854 804 4923 ¹)
841 4857 949 4904 Hic
989 4856 1298 4905 adnotatur:
1343 4856 1516 4921 „Quid
1557 4872 1588 4910 a
1626 4861 1813 4913 coacto
1853 4862 1976 4909 tunc
2016 4854 2241 4906 consilio
2281 4854 2479 4906 dictum
2520 4854 2693 4915 suerit,
2732 4853 2961 4906 nescio.“
