3575 5775
1387 608 1883 669 0-43345&

355 783 622 847 gregat
669 764 746 827 el·
785 760 1134 849 Concilio)
1184 770 1258 825 et
1303 759 1678 825 tractarasi
1723 761 1825 823 tal
1872 779 2039 821 cosa
2086 779 2241 822 cum
2304 756 2351 819 li
2406 754 2573 819 ‘altri
2620 755 2769 833 Re,
2841 771 2913 816 et

355 870 674 953 Principi
722 868 1106 933 Christiani
1152 870 1417 952 perche
1466 888 1678 933 senza
1723 868 1878 931 loro
1927 886 2070 929 non
2131 863 2191 929 si
2248 865 2369 947 pol
2427 862 2537 925 far
2592 860 2913 925 Concilio

353 976 778 1040 Universale
826 978 958 1039 che
1007 977 1172 1039 vadi
1218 978 1384 1040 ben.

534 1084 694 1147 Non
743 1086 1068 1164 besogna
1115 1082 1248 1145 che
1296 1080 1442 1146 Sua
1488 1081 1765 1145 Maesta
1827 1080 2107 1145 remetti
2171 1087 2423 1160 questa
2478 1096 2676 1156 cosa,
2735 1095 2780 1138 a
2843 1076 2924 1153 la„

351 1199 618 1253 venuta
665 1190 767 1253 dil
813 1210 995 1271 gran
1044 1188 1466 1253 Cancellieri
1514 1188 1606 1251 de
1653 1208 1823 1270 qua,
1872 1186 2135 1271 perche
2184 1186 2221 1249 ὲ
2271 1182 2676 1247 necessaria
2721 1181 2765 1243 l'
2797 1201 2911 1244 au-

352 1296 569 1360 torita
615 1316 764 1377 sua,
815 1308 888 1359 et
935 1316 1077 1358 non
1126 1296 1216 1359 de
1262 1316 1510 1359 menor
1553 1315 1883 1378 persone,
1932 1294 2023 1357 ad
2071 1292 2184 1357 far
2229 1294 2361 1355 che
2408 1290 2627 1373 quelli
2664 1287 2913 1371 populi

351 1403 815 1467 obediscanO.
907 1402 1144 1466 Etiam
1189 1403 1452 1485 perche
1503 1403 1572 1465 el
1627 1422 1809 1484 gran
1868 1400 2287 1464 Cancellieri
2348 1419 2491 1462 non
2561 1397 2913 1478 potrebbe

351 1512 538 1575 cossi
585 1511 758 1594 ogni
823 1510 994 1573 fiata
1056 1509 1270 1593 piliar
1318 1508 1776 1573 conclusione
1826 1510 1915 1573 de
1964 1508 2013 1571 li
2060 1506 2355 1571 remedii
2402 1507 2533 1568 che
2580 1504 2911 1586 parereb·

349 1622 540 1682 beno
611 1639 657 1681 a
711 1619 780 1681 la
841 1617 1173 1695 giornata
1239 1637 1437 1680 esser
1485 1616 1905 1697 necessarii,
1952 1636 2168 1679 senza
2213 1634 2403 1678 nova
2447 1620 2776 1693 resposta
2822 1606 2911 1672 de

351 1724 500 1789 Sua
549 1724 825 1789 Maesta
873 1725 1006 1788 che
1053 1726 1362 1787 sarebbe
1411 1744 1580 1791 cosa
1625 1722 2113 1806 longhissima.
2208 1721 2299 1785 Et
2345 1730 2546 1784 tanto
2593 1718 2719 1802 piu
2779 1718 2911 1780 che

350 1834 419 1896 la
466 1832 780 1896 Natione
827 1830 1258 1895 Germanica
1305 1830 1915 1913 suspiciosissima,
1966 1840 2037 1894 et
2085 1832 2175 1893 de
2204 1838 2459 1893 natura
2489 1846 2715 1910 pocco
2747 1827 2909 1887 obe-

351 1940 639 2018 diente,
690 1958 832 2002 non
881 1939 1200 2001 darebbe
1246 1936 1414 2001 fede
1461 1960 1505 2001 a
1550 1940 1618 2015 le
1665 1938 2127 2018 ordinationi,
2194 1937 2323 1999 che
2380 1933 2745 1998 venissero
2796 1932 2913 1994 dal

347 2065 531 2128 gran
581 2044 1004 2109 Cancellieri
1049 2047 1353 2108 essendo
1403 2045 1500 2108 lui
1547 2046 1618 2107 in
1667 2044 1898 2125 Italia,
1945 2044 2103 2107 anci
2150 2044 2545 2106 direbbeno
2594 2042 2727 2104 che
2773 2038 2909 2102 fus-

347 2174 510 2216 sero
561 2152 954 2215 inventioni
1005 2161 1266 2216 nostre.
1360 2152 1419 2215 Il
1487 2154 1618 2216 che
1688 2172 1833 2215 non
1889 2161 2195 2234 potrano
2244 2150 2397 2213 dire
2443 2169 2521 2213 se
2570 2146 2717 2211 Sua
2764 2145 2910 2208 Ma-

348 2258 504 2323 esta
531 2260 877 2323 mandata
906 2258 1021 2323 un'
1047 2260 1258 2323 homo
1291 2260 1382 2322 de
1415 2258 1764 2341 Hispania
1804 2278 1937 2341 per
1983 2268 2235 2341 questa
2281 2278 2451 2322 cosa
2496 2258 2910 2321 solamente.

529 2366 858 2429 Adverta
903 2368 974 2430 la
1019 2365 1329 2430 Cesarea
1374 2364 1653 2430 Maesta
1713 2367 1847 2429 che
1908 2386 2041 2449 per
2100 2366 2144 2429 l’
2176 2367 2405 2429 honor
2460 2365 2551 2427 de
2616 2362 2755 2426 Dio
2841 2371 2913 2425 et

347 2494 478 2537 suo
529 2474 836 2537 sarebbe
885 2476 1076 2537 bono
1125 2472 1184 2535 si
1215 2493 1558 2555 pensasse
1608 2475 1697 2537 de
1743 2474 1989 2556 privar
2036 2476 2105 2537 lo
2141 2474 2417 2536 Elettor
2447 2471 2537 2534 de
2570 2466 2911 2550 Saxonia,

348 2590 420 2643 et
467 2578 844 2643 transferir
889 2582 958 2644 lo
1005 2580 1404 2651 Elettorato
1453 2581 1522 2644 in
1572 2602 1664 2643 un
1713 2582 2051 2664 Principe
2118 2583 2251 2645 che
2312 2580 2436 2663 piu
2497 2578 2820 2661 piacesse
2868 2596 2913 2639 a

347 2686 498 2751 Sua
545 2686 826 2750 Maesta
882 2697 956 2750 et
999 2708 1294 2769 paresse
1340 2687 1453 2751 far
1499 2690 1566 2751 al
1613 2688 2013 2771 proposito·
2037 2690 2125 2752 de
2175 2697 2428 2770 questa
2474 2684 2791 2766 materia,
2842 2692 2913 2747 et

349 2796 442 2857 de
489 2796 561 2857 le
609 2814 774 2857 cose
823 2814 966 2857 sue.
1061 2795 1335 2859 Perche
1385 2797 1450 2859 el
1501 2796 1698 2859 detto
1749 2799 1838 2859 de
1888 2794 2207 2859 Saxonia
2266 2815 2397 2877 per
2463 2811 2659 2857 esser
2724 2799 2909 2854 stato

345 2912 560 2966 autor
603 2913 676 2965 et
714 2901 953 2966 fautor
983 2903 1072 2965 de
1103 2911 1357 2984 questa
1385 2902 1732 2984 haeresia,
1763 2903 2075 2967 meritasi
2124 2923 2253 2985 per
2301 2904 2367 2966 le
2414 2901 2561 2984 legi
2607 2919 2809 2962 sacre
2840 2905 2912 2961 et

345 3008 701 3092 imperiali
731 3029 928 3072 esser
941 3009 1245 3090 privat0,
1264 3029 1465 3072 como
1486 3009 1695 3073 etiam
1713 3031 1847 3093 per
1862 3012 1931 3074 la
1950 3009 2423 3093 ignominiosa
2445 3005 2909 3071 desobedien·

347 3116 464 3196 tia,
507 3117 582 3179 la
616 3119 781 3198 qual
806 3115 905 3179 lui
928 3117 1022 3179 ha
1055 3126 1258 3179 usato
1287 3125 1536 3179 contra
1561 3117 1632 3180 Io
1657 3117 1912 3180 Edicto
1937 3118 2029 3180 de
2051 3115 2199 3180 Sua
2222 3114 2499 3178 Maesta
2526 3126 2598 3176 et
2632 3113 2721 3174 de
2752 3119 2905 3172 tuto

348 3225 418 3287 lo
439 3223 776 3306 Imperio,
827 3223 959 3286 che
1006 3223 1078 3285 in
1127 3242 1300 3285 vero
1350 3223 1386 3286 ὲ
1422 3243 1590 3287 cosa
1638 3244 1778 3287 non
1830 3225 2221 3287 solamente
2270 3224 2359 3287 de
2406 3241 2635 3304 pocco
2681 3220 2911 3282 honor

347 3351 388 3394 a
435 3329 590 3394 Sua
635 3329 916 3394 Maesta
963 3350 1078 3392 ma
1125 3349 1390 3394 ancora
1436 3329 1841 3413 periculosa
1904 3331 1976 3395 in
2023 3330 2188 3394 farli
2228 3329 2535 3411 ·minuir,
2603 3335 2675 3390 et
2732 3324 2910 3388 forsi

345 3437 600 3502 levarli
646 3439 718 3500 la
763 3435 1175 3501 obedientia
1222 3439 1314 3499 de
1362 3437 1408 3500 li
1457 3437 1616 3501 altri
1667 3438 2006 3520 Principi,
2055 3447 2127 3502 et
2174 3438 2455 3521 Populi,
2504 3457 2580 3498 se
2628 3433 2908 3498 vedeno

307 3535 437 3608 'un
489 3544 678 3608 cossi
725 3543 1104 3608 manifesto
1154 3563 1354 3606 error
1402 3545 1516 3607 del
1552 3545 1756 3608 Duca
1806 3546 1895 3608 de
1938 3543 2258 3609 Saxonia
2304 3563 2501 3607 esser
2544 3539 2910 3624 impunito·

423 3669 432 3680 ·
529 3651 850 3714 Sarebbe
898 3670 1118 3714 ancor
1164 3653 1356 3715 bono
1407 3652 1537 3714 che
1586 3649 1734 3714 Sua
1788 3650 2066 3715 Maesta
2113 3671 2489 3734 pensasse,
2539 3670 2581 3712 a
2628 3646 2907 3710 dechia-

345 3778 464 3822 rar
511 3778 646 3842 per
692 3759 948 3822 adesso
995 3778 1138 3820 una
1183 3759 1338 3820 sola
1384 3757 1474 3820 de
1524 3759 1759 3839 quelle
1809 3767 1999 3821 terre
2045 3758 2339 3822 franche
2389 3777 2585 3822 esser
2631 3754 2911 3819 incorsa

351 3865 422 3928 in
490 3866 562 3928 le
629 3884 864 3947 poene
927 3865 1043 3928 del
1107 3863 1360 3927 Banno
1407 3863 1817 3946 Imperiale,
1890 3873 1962 3928 et
2006 3865 2313 3929 metterli
2391 3866 2458 3928 le
2518 3861 2912 3945 represalia

345 3971 404 4034 si
449 3991 590 4054 per
636 3969 1041 4052 Germania,
1091 3991 1292 4034 como
1341 3991 1472 4054 per
1503 3971 1634 4033 tuti
1664 3971 1713 4034 li
1745 3971 1955 4052 lochi,
2004 3974 2189 4036 dove
2236 3975 2474 4036 hanno
2520 3969 2907 4034 mercantie

343 4087 544 4142 tanto
593 4078 716 4161 piu
765 4080 898 4142 che
946 4077 1006 4142 si
1051 4078 1234 4142 vede
1283 4077 1423 4140 essi
1471 4079 1810 4142 medesmi
1860 4079 2202 4142 mercanti
2242 4081 2462 4143 molto
2493 4079 2717 4140 haver
2746 4096 2906 4158 pec-

346 4195 508 4249 cato
572 4184 643 4247 in
709 4194 963 4267 questa
1029 4184 1376 4249 haeresia.
1457 4183 1759 4264 .Questo
1839 4185 2213 4249 volentieri
2279 4187 2785 4249 vederebbeno
2860 4183 2905 4245 li

347 4291 668 4376 Principi
715 4295 806 4356 de
855 4291 1272 4373 Germania,
1324 4301 1396 4355 et
1441 4311 1518 4355 se
1567 4293 1897 4356 metteria
1941 4302 2191 4374 terror,
2254 4314 2297 4356 a
2355 4295 2422 4356 le
2471 4294 2649 4355 altre
2696 4300 2907 4368 terre,

347 4408 416 4463 et
461 4399 747 4483 Populi,
798 4399 1010 4462 etiam
1057 4421 1200 4463 non
1248 4420 1458 4462 senza
1506 4401 1780 4481 grande
1836 4400 2007 4464 utile
2073 4402 2163 4463 de
2234 4397 2381 4463 Sua
2426 4397 2723 4462 Maesta.
2818 4397 2908 4460 Et

346 4507 578 4587 questi
629 4527 769 4569 non
819 4526 995 4569 sono
1043 4507 1339 4570 remedii
1388 4506 1589 4586 novi,
1639 4527 1754 4570 ma
1802 4506 2340 4587 consuetissimi,
2390 4516 2461 4570 et
2507 4527 2639 4589 per
2684 4507 2903 4569 molto

346 4631 598 4677 menor
643 4633 856 4676 causa
906 4612 999 4675 da
1047 4612 1094 4674 li
1142 4613 1313 4676 boni
1360 4612 1780 4694 Imperatori
1830 4612 1948 4695 piu
1998 4616 2193 4677 volte
2239 4614 2441 4677 usati.

523 4720 582 4783 F
587 4720 972 4784 inalmente
1015 4721 1267 4802 tenghi
1305 4732 1510 4790 ‚certo
1559 4719 1706 4784 Sua
1753 4719 2029 4784 Maesta
2087 4722 2217 4784 che
2276 4720 2537 4784 Nostro
2594 4719 2903 4801 Signore

347 4845 488 4890 non
538 4824 602 4890 si
647 4847 859 4890 move
905 4827 978 4890 in
1027 4839 1279 4910 questa
1326 4849 1495 4892 cosa
1542 4848 1674 4911 per
1721 4829 1788 4890 el
1834 4827 2116 4910 privato
2166 4828 2573 4909 commodO,
2622 4849 2665 4904 o
2713 4827 2905 4906 utile,

349 4933 478 5001 che
530 4935 800 5022 venghi
851 4935 940 5002 de
988 4937 1058 5002 la
1091 4933 1475 5004 Germania
1521 4955 1565 4998 a
1609 4944 1863 5022 questa
1912 4935 2163 5007 Corte;
2213 4935 2344 4999 che
2390 4943 2585 5003 certo
2635 4935 2671 5005 ὲ
2704 4941 2901 5004 tanto
