3575 5775
1386 551 1879 605 0433465ῢο

364 700 537 759 altro
570 697 635 759 in
676 697 1003 768 Polonia;
1042 699 1583 760 maximamente
1622 700 2165 780 expectandone
2197 701 2241 763 il
2275 723 2531 785 parere
2567 703 2634 762 di
2673 701 2743 764 S.
2794 704 2912 764 ΒΜ

356 803 578 866 inteso
630 805 762 867 che
811 805 1077 868 havera
1126 807 1225 868 tal
1273 805 1719 879 risolutione;
1771 808 1859 870 ne
1909 807 1955 868 il
2005 809 2537 889 reprehendere
2569 812 2730 890 quel
2781 813 2913 872 che

355 910 467 992 gia
517 912 553 973 ὲ
600 910 781 973 fatto
832 931 925 992 po
974 933 1017 974 a
1066 913 1203 974 mio
1252 932 1467 993 parer
1528 915 1705 976 hora
1767 914 2068 996 giovare
2127 917 2379 978 alcuna
2445 936 2637 988 cosa;
2707 917 2913 979 stimo

356 1021 489 1080 ben
540 1021 669 1080 che
722 1041 860 1090 non
911 1022 1126 1082 molto
1177 1021 1369 1100 dopo
1417 1022 1657 1100 quella
1718 1020 1846 1082 Mt*
1902 1042 1977 1083 se
2044 1042 2131 1083 ne
2198 1021 2478 1104 pentira
2543 1025 2914 1104 pensando

355 1127 479 1187 che
529 1127 642 1186 chi
691 1146 833 1189 non
883 1147 1091 1190 serva
1140 1148 1184 1189 a
1230 1127 1369 1190 Dio
1420 1136 1490 1188 et
1538 1129 1679 1190 alla
1726 1149 1854 1190 soa
1899 1128 2272 1210 relligione
2321 1128 2366 1191 il
2399 1130 2792 1194 iuramento
2846 1141 2915 1194 et

352 1234 415 1294 la
462 1233 659 1315 fede,
729 1237 946 1297 molto
1019 1256 1226 1297 meno
1296 1235 1364 1297 la
1430 1235 1719 1298 servata
1786 1257 1832 1298 a
1893 1257 2034 1298 uno
2099 1238 2329 1299 homo,
2424 1237 2914 1302 Fomentando

354 1340 518 1421 ogni
570 1349 762 1404 sorta
812 1343 901 1404 de
948 1341 1294 1404 infidelita
1344 1323 1605 1423 questo'
1642 1343 1885 1405 furore
1935 1343 2008 1404 di
2073 1344 2352 1406 heresia
2415 1345 2522 1406 ch'
2558 1327 2597 1406 e
2659 1344 2780 1427 gia
2843 1346 2914 1408 in

354 1449 564 1510 molte
614 1447 782 1511 citta
834 1449 902 1510 di
952 1451 1190 1530 quella
1237 1449 1607 1531 provincia
1654 1450 1722 1511 di
1777 1451 2066 1513 Prussia
2114 1463 2184 1513 et
2232 1451 2796 1533 maggiormente
2843 1452 2914 1515 in

353 1554 565 1633 quelli
616 1556 746 1617 che
796 1556 1319 1637 perditamente
1368 1556 1469 1638 gli
1517 1578 1692 1619 sono
1720 1557 2008 1639 addicti,
2058 1558 2289 1620 sicch‘)
2324 1558 2730 1623 facilmente
2782 1581 2912 1622 con

354 1670 601 1740 questo
652 1666 959 1726 accordo
1008 1667 1461 1746 potrebbono
1510 1665 1775 1727 havere
1827 1667 2042 1728 eletto
2104 1687 2196 1728 un
2262 1685 2439 1746 gran
2504 1667 2784 1729 inimico
2844 1667 2916 1730 di

354 1771 586 1848 quella
637 1790 903 1833 corona
952 1772 1061 1834 col
1116 1781 1373 1852 tempe.

530 1925 545 1939 .
584 1931 595 1940 .
635 1926 649 1939 .
701 1877 837 1958 Qui
888 1879 943 1940 si
995 1879 1031 1941 e
1082 1882 1279 1941 detto
1329 1900 1461 1961 per
1509 1888 1703 1942 certo
1754 1880 1822 1942 la
1869 1889 2096 1943 morte
2147 1881 2259 1942 del
2312 1882 2515 1944 Duca
2548 1879 2916 1942 Friderico

354 1981 423 2044 di
472 1982 834 2063 Saxonia,
901 1985 1097 2048 cuius
1156 1986 1389 2048 anima
1438 1989 1718 2067 sepulta
1782 1996 1890 2048 est
1949 1986 2017 2048 in
2079 1987 2376 2068 infernO,
2427 2007 2502 2050 se
2552 2007 2681 2068 per
2726 1985 2918 2068 pieta

354 2090 594 2155 divina
640 2090 710 2155 in
761 2104 1015 2174 questo
1045 2107 1367 2156 extremo
1408 2103 1674 2175 puncto
1710 2116 1852 2157 non
1888 2095 1924 2158 ὲ
1956 2103 2142 2156 stato
2177 2095 2590 2157 illuminato,
2686 2093 2917 2155 Credo

354 2198 481 2261 che
510 2199 556 2261 ’1
604 2199 808 2262 Duca
857 2199 1215 2264 Giovanni
1265 2210 1336 2263 et
1385 2201 1628 2284 nipote
1675 2203 2207 2265 succederanno
2244 2203 2356 2263 nel
2392 2210 2600 2280 stat0,
2651 2201 2697 2262 li
2729 2200 2919 2281 quali

355 2307 530 2368 altre
580 2308 772 2369 volte
823 2307 1031 2370 intesi
1080 2310 1211 2371 che
1261 2328 1479 2371 erano
1527 2308 1809 2390 pegiori
1859 2309 1930 2370 di
1979 2309 2093 2373 lui.

634 2463 647 2476 .
718 2414 793 2477 Si
858 2416 893 2477 ὲ
962 2417 1159 2477 detto
1224 2418 1540 2478 anchora
1604 2418 1735 2478 che
1802 2417 1846 2478 'l
1907 2417 2098 2479 Rmo
2149 2415 2571 2496 Moguntino
2632 2414 2670 2477 ὸ
2735 2424 2919 2476 stato

354 2541 563 2601 preso
634 2525 725 2585 da
788 2523 1005 2604 quelli
1055 2523 1125 2584 di
1186 2523 1691 2605 Magdeburga
1757 2532 1825 2585 et
1892 2523 2119 2604 questi
2185 2522 2539 2586 lutherani
2604 2496 2938 2584 mettono'

356 2628 542 2691 fama
592 2632 722 2691 che
753 2629 795 2691 'l
842 2629 1147 2711 pigliara
1198 2631 1503 2710 moglie;
1554 2629 1622 2692 io
1673 2649 1816 2692 non
1865 2632 2081 2692 credo
2132 2631 2218 2692 ne
2268 2630 2310 2693 l’
2345 2651 2485 2693 uno
2536 2628 2624 2692 ne
2672 2629 2714 2691 1’
2739 2631 2921 2691 altro

356 2737 616 2816 perche
666 2737 833 2818 ogni
886 2737 1139 2818 giorno
1190 2737 1553 2800 seminano
1604 2736 1810 2798 simili
1859 2737 2113 2802 falsita.

533 2893 547 2907 .
588 2893 651 2909 ..
714 2844 1133 2908 Riuscendo
1218 2855 1469 2926 questa
1545 2865 1714 2907 cosa
1780 2847 1850 2906 di
1912 2843 2259 2907 Bohemia
2334 2843 2401 2906 ci
2461 2843 2922 2906 afforzaremo

357 2954 667 3015 anchora
729 2973 1040 3035 porgere
1112 2954 1411 3035 qualche
1482 2952 1777 3015 timedio
1853 2964 1924 3014 et
1993 2962 2332 3033 sostegno
2412 2951 2550 3013 alle
2616 2970 2780 3011 cose
2854 2951 2925 3011 di

358 3060 683 3122 Moravia
718 3070 789 3121 et
819 3060 890 3122 di
925 3058 1154 3123 Slesia
1186 3081 1317 3122 con
1352 3062 1421 3123 lo
1457 3060 1648 3121 aiuto
1684 3062 1772 3121 de
1809 3058 2038 3139 questi
2087 3056 2343 3138 boemi,
2387 3059 2452 3119 le
2497 3056 2688 3137 quali
2723 3056 2924 3118 altra-

361 3178 589 3230 mente
626 3180 882 3230 stanno
914 3168 1132 3230 molte
1162 3168 1345 3229 male
1379 3176 1447 3229 et
1480 3166 1830 3230 infettate.
1885 3166 2098 3227 Pensi
2123 3166 2205 3229 V.
2237 3162 2308 3227 S.
2341 3164 2412 3227 in
2446 3173 2709 3245 quanto
2733 3162 2923 3224 fasti-

362 3275 473 3337 dio
512 3286 585 3338 et
616 3275 970 3357 travaglio
1002 3276 1072 3336 io
1122 3274 1214 3337 mi
1248 3274 1431 3337 trovi
1460 3276 1652 3356 dopo
1681 3284 1878 3335 tanta
1914 3273 2416 3355 expettacione
2444 3270 2780 3334 trovarmi
2809 3290 2922 3331 an-

362 3384 531 3444 chor
548 3383 670 3462 qui
694 3382 1156 3445 circumsesso
1178 3384 1267 3443 da
1289 3382 1697 3443 moltissime
1719 3378 2064 3442 difficulta
2083 3387 2152 3441 et
2171 3378 2386 3455 dubii,
2409 3377 2478 3439 di
2498 3379 2628 3440 che
2647 3397 2926 3457 sempre

359 3493 531 3571 pero
582 3510 755 3552 sono
805 3498 991 3551 stato
1041 3489 1256 3552 anxio
1309 3501 1379 3551 et
1413 3488 1751 3561 sollicit03
1786 3487 1876 3549 ne
1925 3507 2054 3569 per
2088 3488 2269 3549 altra
2303 3484 2603 3567 cagione
2639 3484 2923 3565 quando

360 3596 423 3657 io
484 3595 769 3659 mandai
838 3598 906 3658 lo
956 3595 1185 3677 primo
1235 3594 1483 3658 avviso
1548 3596 1638 3657 de
1704 3597 1771 3657 la
1837 3594 2290 3657 conclusione
2359 3593 2540 3655 fatta
2606 3603 2715 3654 tra
2771 3593 2924 3654 loro

360 3704 666 3767 ricordai
731 3705 860 3766 che
920 3724 1062 3765 non
1126 3703 1183 3765 si
1234 3704 1509 3765 facesse
1560 3702 1899 3784 pubblica
1957 3700 2202 3781 letitia,
2253 3699 2669 3783 parendomi
2717 3700 2848 3761 che
2881 3698 2926 3761 'l

364 3811 774 3892 manegiare
822 3832 911 3873 un
965 3812 1064 3873 tal
1117 3811 1471 3872 cadavero
1524 3811 1593 3871 di
1646 3821 1854 3871 cento
1905 3808 2069 3871 anni
2119 3818 2190 3869 et
2248 3806 2366 3890 piu
2431 3827 2570 3870 non
2639 3817 2924 3889 potesse

364 3922 623 3981 havere
673 3938 750 3981 se
800 3938 939 3980 non
991 3916 1338 3980 difficulta
1386 3918 1683 3999 grande,
1731 3916 1780 3979 li
1830 3915 2042 3997 quali,
2070 3917 2354 3996 quando
2404 3934 2578 3977 sono
2629 3910 2775 3975 cosi
2821 3912 2918 3975 in-

364 4024 692 4105 vechiati,
754 4024 1135 4088 offendono
1192 4044 1398 4087 meno
1470 4024 1715 4087 lassati
1781 4020 1926 4085 cosi
1992 4043 2190 4085 come
2262 4020 2318 4082 si
2390 4020 2726 4101 giaceno;
2791 4039 2926 4101 pur

365 4142 617 4211 potens
666 4142 775 4194 est
822 4131 1169 4193 Dominus
1218 4131 1427 4194 etiam
1479 4154 1567 4216 ex
1616 4129 1973 4212 lapidibus
2013 4128 2354 4191 suscitare
2383 4126 2549 4189 fidei
2581 4126 2924 4209 spiritum.

540 4240 789 4302 Budae
839 4238 1105 4301 XXVI
1154 4238 1323 4301 Maii
1374 4238 1774 4300 MDXXV.

430 5024 562 5065 Balan
571 5056 583 5076 ‚
606 5027 703 5065 noe
710 5030 895 5065 amenta
916 5024 1189 5063 Lutnerana.
2501 5018 2571 5069 30
