3575 5775
1740 611 2236 669 0-<35508>-0

710 764 909 816 tuere
959 756 1391 818 commodius
1441 758 1649 820 nobis
1696 758 2037 821 advenire
2088 758 2367 821 litterae
2417 766 2611 833 tuae,
2675 778 2836 819 nam
2902 767 2970 818 et
3031 754 3272 818 confir-

709 872 989 923 marunt
1037 862 1511 927 testimonium
1589 868 1678 929 de
1748 875 1820 929 te
1872 875 2186 929 nostrum
2258 875 2329 929 et
2399 864 2906 927 maledicorum
2969 883 3098 925 ora
3151 882 3268 943 op-

708 977 1141 1050 presserunt.
1235 970 1383 1033 Nos
1435 972 1719 1053 quidem
1767 973 1924 1035 Deo
1974 981 2046 1036 et
2093 972 2337 1035 virtuti
2369 983 2536 1033 tuae
2569 971 3012 1053 gratulamur
3060 971 3272 1031 talem

710 1084 780 1137 te
853 1096 1011 1139 esse
1081 1076 1446 1142 inventum
1509 1082 1791 1161 qualem
1863 1100 2144 1161 semper
2212 1077 2678 1141 iudicavimus
2747 1088 2819 1139 et
2889 1075 3150 1138 Christi
3204 1086 3274 1138 et

712 1181 1154 1246 Christianae
1201 1184 1640 1267 reipublicae
1687 1186 1904 1249 fidum
1954 1186 2370 1267 firmumque
2419 1184 2891 1250 defensorem.
3006 1182 3086 1246 In
3135 1203 3275 1264 qua

710 1289 921 1353 laude
969 1292 1415 1355 hortaremur
1479 1293 2185 1375 circumspectionem
2247 1302 2437 1356 tuam
2486 1302 2564 1355 ut
2611 1302 2952 1375 pergeret
3001 1300 3072 1352 et
3119 1309 3272 1371 per·

712 1408 1105 1477 severaret,
1170 1399 1303 1461 nisi
1354 1410 1763 1483 putaremus
1812 1421 2092 1463 omnem
2139 1398 2615 1463 hortationem
2665 1416 3272 1481 supervacaneam

712 1524 891 1585 esse,
942 1524 1097 1568 cum
1146 1518 1217 1568 te
1268 1516 1338 1569 et
1386 1506 1697 1589 dignitas
1744 1518 1866 1570 tua
1915 1517 1987 1569 et
2033 1506 2368 1571 iudicium
2399 1504 2754 1569 interioris
2796 1503 3274 1567 conscientiae

712 1611 805 1671 ad
853 1610 924 1672 id
974 1612 1278 1675 maxime
1327 1615 1721 1677 hortentur.
1815 1614 1965 1677 Etsi
2017 1614 2202 1677 enim
2252 1633 2337 1675 ea
2385 1633 2569 1695 quae
2617 1613 2690 1675 in
2732 1610 3120 1675 Germania
3165 1630 3272 1672 ac·

712 1715 1038 1783 ciderunt
1086 1730 1157 1781 et
1206 1720 1407 1801 quasi
1454 1719 1697 1785 furore
1744 1723 2052 1802 quodam
2101 1730 2290 1783 mota
2337 1729 2537 1799 sunt,
2601 1738 2902 1800 magnos
2951 1717 3272 1781 omnibus

713 1825 1155 1908 principibus
1204 1829 1527 1907 labores,
1577 1829 1829 1891 multas
1887 1826 2400 1891 sollicitudines
2447 1825 2848 1907 attulerint,
2908 1833 3144 1888 tamen
3213 1834 3280 1886 et

712 1931 997 1997 fortiter
1043 1954 1127 1997 ac
1176 1934 1491 2017 gloriose
1540 1955 1873 2016 repressa
1921 1944 2102 2013 sunt,
2154 1944 2224 1997 et
2274 1934 2666 1997 docuerunt
2707 1932 2781 1993 id
2823 1934 3012 2013 quod
3046 1939 3280 2014 potest

714 2038 853 2102 iam
900 2041 1224 2105 omnibus
1272 2052 1543 2123 patere,
1593 2042 2062 2125 pessimarum
2108 2043 2438 2104 heresum
2484 2050 2814 2103 auctores
2863 2058 3004 2101 non
3059 2036 3278 2101 minus

714 2146 859 2209 suis
908 2167 1113 2229 quam
1165 2148 1417 2213 alienis
1467 2170 1623 2211 esse
1672 2148 2132 2230 perniciosos,
2229 2147 2468 2227 Quare
2516 2148 2666 2209 Nos
2715 2156 2787 2208 et
2819 2146 3276 2227 circumspec-

715 2252 889 2317 tioni
938 2266 1103 2321 tuae
1154 2257 1242 2317 de
1291 2264 1435 2319 tarn
1482 2256 1603 2339 pia
1650 2267 1886 2319 mente
1935 2257 2372 2339 gratulamur
2432 2264 2505 2316 et
2560 2253 2687 2315 tibi
2748 2261 2985 2315 tamen
3035 2252 3278 2315 suade·

716 2381 868 2423 mus
916 2370 991 2423 ut
1038 2363 1223 2424 hanc
1273 2364 1553 2425 laudem
1601 2372 2020 2443 perpetuam
2070 2360 2200 2422 tibi
2249 2360 2598 2433 retineas;
2673 2361 2943 2441 hosque
3007 2357 3066 2421 si
3116 2358 3277 2441 quid

717 2468 909 2547 quod
958 2466 1113 2531 fieri
1160 2490 1201 2529 a
1252 2469 1457 2533 nobis
1507 2479 1836 2551 oporteat
1885 2467 2362 2549 admonueriS,
2411 2466 2829 2549 pollicemur
2876 2486 3008 2529 nec
3060 2466 3274 2549 digni·

716 2575 844 2636 tati
893 2583 1058 2637 tuae
1108 2596 1239 2642 nec
1290 2577 1499 2639 saluti
1548 2577 1765 2639 totius
1814 2575 2243 2639 Germaniae
2293 2574 2661 2637 defuturos
2795 2570 2996 2653 Quae
3047 2584 3276 2635 autem

716 2691 1096 2762 praeterea
1141 2705 1183 2747 a
1232 2685 1440 2747 nobis
1488 2705 1618 2766 per
1665 2684 1938 2747 litteras
1987 2666 2329 2765 postulaS,
2381 2682 2469 2743 de
2515 2681 2602 2743 iis
2635 2680 2961 2743 iussimus
2994 2699 3276 2763 respon-

720 2787 872 2851 deri
921 2790 1303 2871 agentibus
1369 2789 1483 2853 hic
1548 2790 1715 2871 tuiS,
1788 2791 1908 2871 qui
1980 2790 2072 2853 ad
2145 2787 2849 2870 circumspectionem
2896 2798 3090 2849 tuam
3141 2787 3274 2868 ple-

720 2895 874 2958 nius
920 2898 1397 2978 perscribent3
1458 2900 1563 2962 Tu
1612 2900 1747 2962 hoc
1796 2899 1926 2961 tibi
1974 2900 2410 2979 persuadeas
2460 2898 2783 2960 volumus
2832 2916 3046 2959 curae
3080 2895 3277 2958 nobis

722 3004 1095 3068 admodum
1146 3026 1303 3068 esse
1352 3015 1423 3070 et
1482 3007 1698 3069 decus
1749 3015 1819 3067 et
1870 3004 2466 3069 existimationem
2514 3013 2725 3068 tuam.
2821 3004 3087 3065 Datum
3135 3001 3271 3064 Ro-

720 3132 877 3174 mae
930 3123 1063 3176 etc.
1114 3113 1229 3176 die
1278 3113 1463 3176 XVI
1514 3110 1850 3176 Octobris
1897 3111 2301 3174 MDXXV.
2396 3110 2613 3174 Anno
2663 3111 3000 3176 secundO.

1807 3327 2122 3338 mas-W.-

1305 3671 1694 3772 Episnopus
1751 3555 2218 3750 Tridjffinus
2273 3669 2484 3750 Glem.
2541 3669 2698 3751 VII.

1650 3817 1850 3892 (Epist.
1886 3819 2058 3892 prino.
2095 3817 2198 3876 111.
2236 3817 2382 3889 304.)

1704 3937 1812 4006 (ιο.
1854 3940 2105 3988 Octobris
2151 3939 2322 4004 1525.)

906 4084 1264 4146 Hesterno
1332 4083 1634 4164 primum
1715 4082 1835 4146 die
1919 4081 2163 4163 recepi
2226 4080 2463 4145 Breve
2527 4093 2814 4145 vestrae
2881 4077 3280 4143 Sanctitatis

730 4191 919 4270 quod
969 4189 1126 4271 ipsa
1196 4191 1394 4252 dedit
1462 4191 1549 4251 ad
1608 4210 1720 4251 me
1788 4189 2054 4252 XXIII
2101 4189 2441 4271 Augusti,
2491 4189 2984 4271 responsivum
3033 4189 3123 4250 ad
3170 4204 3282 4246 eas

735 4316 910 4377 quas
960 4297 1047 4358 a‘l
1101 4317 1176 4358 se
1228 4298 1563 4359 dederam
1618 4295 1692 4358 X
1741 4295 2098 4375 eiusdem,
2173 4297 2404 4378 quod,
2477 4307 2554 4358 ut
2602 4297 3029 4374 admoneor,
3099 4292 3282 4375 prius

730 4403 865 4464 fuit
892 4403 962 4464 in
998 4403 1404 4465 Flandriam
1440 4405 1749 4466 delatum
1783 4423 1990 4484 quam
2028 4403 2197 4465 mihi
2227 4403 2433 4466 reddi
2479 4401 2820 4484 potuerit;
2875 4409 3084 4481 atque
3131 4400 3281 4460 ideo

731 4509 992 4571 factum
1043 4521 1150 4573 est
1198 4521 1272 4573 ut
1320 4529 1458 4591 ego
1510 4510 1713 4572 citius
1761 4530 1970 4592 quam
2023 4510 2233 4572 modo
2301 4530 2443 4572 non
2508 4507 3031 4591 responderim,
3104 4505 3280 4587 quod

730 4617 1042 4698 alioquin
1093 4619 1374 4681 minime
1422 4617 2010 4700 pretermisissem
2083 4617 2457 4698 quominus
2527 4615 2717 4678 illico
2785 4614 3100 4678 debiturn
3156 4633 3282 4676 ser-

732 4723 974 4788 vitutis
1022 4745 1222 4788 meae
1272 4744 1446 4806 erga
1494 4745 1571 4788 se
1622 4734 1691 4785 et
1726 4724 1968 4786 sedem
2023 4744 2219 4786 suam
2274 4722 2744 4804 apostolicam
2798 4739 3284 4804 agnoscerem;

732 4833 923 4913 quod
970 4831 1186 4914 igitur
1232 4853 1345 4895 me
1398 4832 1494 4893 V'*
1544 4831 1651 4894 5³⁸
1717 4833 2042 4894 hortatur
2102 4840 2182 4891 ut
2227 4830 2300 4892 in
2348 4830 2586 4912 priore
2634 4850 2792 4892 mea
2841 4825 3286 4892 observantia

733 4951 803 5000 et
854 4959 1087 5001 rerum
1138 4960 1417 5001 suarum
1471 4958 1639 5002 cura
1687 4938 2072 5020 persistere
2119 4937 2352 5018 velim,
2402 4939 2491 5000 de
2540 4935 2837 5020 singulis
2880 4936 3106 5018 ipsam
3155 4953 3278 4998 cer·
