3575 5775
1725 556 2221 612 0<131648>w

688 705 810 786 pio
856 705 932 766 id
980 705 1284 766 maxime
1345 705 1708 784 negabant
1755 702 1947 782 fore,
2012 705 2143 767 che
2193 723 2335 765 non
2386 705 2456 766 la
2506 713 2811 785 potrano
2859 703 2981 784 piu
3030 723 3247 778 curar‚

689 813 939 874 saltem
988 832 1114 893 per
1164 810 1211 873 il
1258 819 1613 892 presente,
1661 809 1732 872 in
1781 813 1878 872 tal
1926 811 2140 872 modo
2188 812 2355 891 quel
2386 811 2695 873 dracone
2728 831 2999 872 saxone
3032 813 3248 872 extol·

690 919 771 982 lit
817 920 1022 998 colla,
1071 917 1140 981 in
1191 919 1287 980 tal
1337 918 1550 980 modo
1600 917 1647 980 li
1695 917 2013 999 serpenti
2047 917 2401 981 lutherani
2436 939 2611 982 sono
2646 917 3093 998 multiplicati
3124 920 3251 980 che

689 1027 992 1089 sibilano
1042 1027 1256 1107 longe
1305 1027 1590 1107 lateque
1641 1034 1980 1106 quantum
2032 1026 2309 1104 volunt,
2378 1047 2416 1086 e
2482 1035 2819 1105 questoro
2885 1035 3128 1088 tacent
3186 1035 3253 1088 et

690 1134 782 1196 mi
835 1155 965 1216 par
996 1136 1126 1196 che
1175 1142 1517 1197 tremanO.
1611 1131 1871 1194 Vorrei
1919 1151 2076 1194 cum
2124 1131 2355 1212 poche
2404 1133 2679 1213 parolle
2724 1131 2991 1196 scriver
3025 1133 3251 1194 alcuni

692 1243 838 1305 casi
887 1242 1019 1306 che
1065 1261 1199 1322 pur
1248 1263 1292 1304 a
1339 1240 1563 1320 quest’
1610 1242 1788 1302 hora
1837 1260 1947 1302 me
1997 1240 2354 1302 assaltano
2404 1241 2495 1300 da
2564 1238 2733 1321 ogni
2813 1240 3084 1320 banda,
3149 1261 3255 1301 ma

689 1351 1238 1432 besognarebbe
1287 1347 1554 1412 scriver
1597 1347 1859 1410 volumi
1912 1368 2053 1409 non
2101 1348 2379 1428 lettere,
2430 1356 2501 1409 et
2546 1346 2617 1409 io
2668 1369 2777 1409 me
2826 1347 3077 1409 dubito
3128 1349 3254 1409 che

690 1467 938 1538 queste
1012 1477 1152 1518 non
1224 1455 1405 1518 siino
1475 1476 1608 1537 pur
1655 1465 1917 1535 troppo
1980 1454 2336 1535 taediose,
2407 1455 2467 1516 si
2512 1474 2640 1535 per
2690 1475 2831 1516 non
2890 1454 3144 1518 referir
3191 1457 3255 1516 al

691 1562 879 1627 SS¹¹¹⁰
930 1586 968 1628 e
1009 1585 1053 1626 a
1088 1563 1178 1625 V.
1213 1563 1286 1625 S.
1321 1565 1474 1625 ΚΜ
1521 1583 1691 1625 0053
1739 1564 1868 1624 0110
1918 1563 2137 1624 molto
2184 1562 2235 1624 li
2282 1561 2577 1642 piaccia,
2626 1561 2685 1624 si
2716 1582 2845 1642 per
2884 1563 2955 1622 la
2983 1563 3258 1642 grande

692 1671 1054 1736 verbosita
1102 1670 1278 1744 mia;
1347 1691 1460 1732 ma
1505 1669 1555 1732 il
1603 1669 1871 1732 scriver
1940 1689 2105 1731 cose
2150 1669 2399 1730 noiose
2447 1668 2937 1749 imputandum
2986 1678 3099 1730 est
3146 1689 3256 1730 ne·

693 1779 1006 1842 cessitati
1053 1798 1269 1841 verae
1318 1779 1434 1840 vel
1483 1775 1719 1860 potius
1769 1777 2022 1857 culpae
2070 1776 2465 1852 hominum,
2529 1784 2599 1837 et
2648 1777 2779 1838 che
2846 1777 2913 1838 io
2970 1776 3057 1838 sii
3106 1797 3255 1838 ver-

696 1891 872 1950 boso
902 1888 972 1949 lo
1006 1885 1080 1948 fa
1114 1887 1244 1948 che
1293 1885 1386 1947 mi
1433 1884 1494 1946 si
1541 1882 1784 1964 gonfia
1831 1884 1898 1944 el
1948 1903 2112 1944 core
2162 1904 2255 1944 ex
2305 1881 2501 1944 cuius
2550 1883 2987 1946 abundantia
3034 1903 3119 1945 os
3164 1885 3255 1945 lo-

693 1994 948 2076 quitur.

869 2101 1046 2164 Heri
1111 2100 1155 2162 li
1207 2097 1614 2162 Caesariani
1675 2099 1746 2160 in
1796 2119 2079 2160 camera
2138 2099 2211 2160 di
2263 2097 2527 2160 Caesar
2587 2098 2651 2160 ci
2712 2098 2987 2160 dissero
3036 2099 3261 2160 haver

693 2209 939 2271 scritto
987 2230 1030 2270 a
1077 2208 1118 2269 l’
1147 2205 1621 2269 ambasciator
1671 2227 1713 2268 a
1760 2205 2001 2268 Roma
2048 2206 2351 2268 devesse
2402 2205 2652 2267 referir
2703 2206 2768 2266 al
2802 2203 2991 2267 SS¹¹²⁰
3042 2206 3261 2266 molto

695 2315 966 2378 meliori
1040 2335 1223 2376 nove
1288 2315 1377 2375 de
1440 2315 1508 2375 la
1573 2333 1789 2376 causa
1854 2312 1945 2372 de
1993 2311 2303 2374 Martino
2354 2313 2486 2374 che
2534 2332 2666 2393 per
2714 2321 2956 2374 nostre
3006 2313 3261 2374 lettere

695 2443 1028 2486 eravamo
1079 2421 1267 2484 soliti
1317 2424 1408 2482 de
1451 2419 1785 2498 scrivere,
1836 2428 1907 2481 et
1955 2419 2481 2500 quodammodo
2532 2421 3092 2500 expostulabant
3142 2439 3259 2481 no-

691 2531 1000 2594 biscum:
1063 2529 1655 2610 respondessemo
1711 2527 1847 2588 0110
1893 2547 2037 2588 non
2084 2526 2628 2588 desideravarno
2679 2526 2765 2587 ne
2815 2544 3261 2606 pregavamo

692 2637 831 2700 Dio
867 2638 956 2699 de
1003 2638 1188 2699 altra
1233 2655 1403 2697 cosa
1448 2655 1525 2696 se
1575 2653 1717 2696 non
1765 2633 1896 2694 che
1946 2635 2099 2695 loro
2149 2654 2304 2695 cum
2355 2632 2580 2695 effetti
2630 2641 2703 2695 et
2734 2653 2875 2695 non
2926 2654 3089 2696 cum
3138 2635 3239 2694 let

695 2754 847 2807 tere
895 2765 940 2806 o
989 2763 1144 2804 cum
1192 2743 1440 2824 parole
1489 2762 1568 2803 00
1619 2739 1983 2803 facessero
2032 2760 2245 2821 parer
2291 2739 2647 2820 bugiardi.

871 2849 1008 2915 Gia
1043 2859 1328 2931 quattro
1375 2847 1611 2929 giorni
1658 2850 1724 2912 el
1761 2846 2147 2911 Confessor
2196 2868 2308 2910 me
2356 2846 2545 2909 disse
2595 2847 2753 2910 chel
2801 2847 3045 2910 eraldo
3100 2848 3263 2911 scri·

695 2980 829 3023 vea
875 2980 918 3020 a
967 2958 1274 3020 Caesare
1323 2977 1523 3020 corne
1573 2977 1875 3019 menava
1925 2974 2081 3017 curn
2130 2974 2296 3016 seco
2331 2963 2583 3035 questo
2619 2962 2957 3035 munstre,
3006 2964 3079 3017 et
3133 2956 3264 3017 che

693 3076 878 3129 tutto
926 3065 973 3128 il
1022 3066 1285 3128 mundo
1335 3064 1484 3128 ibat
1516 3064 1615 3127 illi
1649 3062 1933 3126 obviam
1969 3062 2174 3124 effusi
2200 3060 2403 3144 pueri
2438 3062 2924 3143 innuptaeque
2949 3064 3265 3142 puellae,

693 3194 904 3237 senes
950 3193 1106 3234 cum
1156 3171 1548 3235 iunioribus
1596 3172 1730 3233 che
1777 3191 1923 3232 non
1970 3191 2047 3231 se
2096 3178 2314 3250 potea
2360 3168 2730 3248 remediar,
2780 3178 2853 3231 et
2899 3188 3127 3231 ancor
3176 3171 3263 3231 de

695 3289 947 3362 questo
1015 3281 1346 3344 haviamo
1423 3280 1624 3341 diece
1697 3278 1865 3341 fiate
1930 3277 2284 3340 rechiesto
2346 3298 2391 3339 3
2450 3276 2717 3339 Caesar
2774 3286 3117 3341 mettesse
3166 3279 3263 3341 tal

679 3390 964 3451 ordene
1013 3389 1146 3449 che
1193 3407 1324 3468 per
1371 3385 1542 3467 ogni
1590 3388 1750 3447 loco
1798 3385 2179 3447 l’intrasse
2226 3393 2503 3447 secreto
2554 3384 2675 3467 piu
2710 3385 2841 3448 che
2874 3384 3065 3448 fusse
3100 3406 3261 3467 pos-

694 3494 929 3567 sibile:
993 3493 1419 3576 promissum
1481 3492 1620 3554 fuit
1680 3492 2335 3554 asseverantissime
2397 3493 2525 3553 sed
2571 3511 2715 3553 non
2764 3495 3262 3565 observatum:

693 3602 954 3683 perche
1027 3622 1071 3663 a
1140 3601 1253 3661 chi
1302 3601 1564 3663 Cesare
1633 3600 1985 3661 comanda
2054 3620 2197 3662 non
2267 3618 2589 3679 pensano
2660 3598 2752 3661 ad
2800 3602 2983 3661 altro
3032 3600 3172 3662 che
3221 3622 3265 3663 a

695 3710 1000 3791 qualche
1045 3707 1433 3789 particular
1481 3707 1853 3770 commodo
1901 3727 1945 3768 o
1994 3727 2160 3769 cose
2208 3706 2607 3787 temporali,
2656 3715 2728 3767 et
2769 3707 3263 3789 davantaggio

693 3817 1102 3880 intendemo
1151 3816 1283 3877 che
1329 3824 1581 3895 questo
1631 3816 1668 3876 ὁ
1717 3815 1956 3895 quello
2006 3815 2251 3876 eraldo
2300 3814 2430 3875 che
2479 3833 2710 3875 messe
2758 3814 2829 3875 la
2872 3832 3083 3875 mano
3120 3816 3265 3877 alla

693 3924 922 4005 spada
967 3942 1100 4004 per
1145 3921 1256 3985 far
1305 3922 1674 4004 despiacer
1724 3944 1766 3984 a
1814 3942 1955 3983 uno
2006 3921 2095 3983 de
2143 3922 2577 3999 sedunense,
2642 3922 2709 3983 el
2770 3922 2936 4001 qual
2982 3919 3053 3981 in
3108 3924 3263 3984 sala

695 4032 786 4093 de
836 4030 1102 4094 Caesar
1148 4029 1500 4109 parlando
1549 4028 1908 4090 defendea
1954 4030 2025 4090 13
2070 4048 2287 4089 causa
2334 4029 2449 4089 del
2482 4025 2833 4090 Pontifice
2864 4036 3117 4089 contra
3166 4048 3257 4090 un

691 4138 805 4201 fra
857 4138 1136 4217 Joanne
1183 4135 1398 4198 Fabri
1451 4136 1540 4197 de
1591 4135 1923 4216 Augusta
1970 4135 2101 4196 che
2152 4135 2267 4196 nel
2316 4155 2595 4195 sermon
2656 4134 2729 4196 in
2790 4134 3040 4196 funere
3092 4134 3257 4197 Car·

697 4243 953 4307 dinalis
986 4244 1078 4305 de
1111 4244 1324 4323 Croy,
1373 4263 1582 4322 quem
1611 4242 1863 4303 habuit
1908 4242 2323 4321 alemanice,
2369 4240 2502 4303 fuit
2534 4242 2910 4302 oblocutus
2943 4241 3033 4303 de
3064 4240 3259 4305 Sede

693 4350 1108 4431 apostolica,
1157 4349 1420 4412 oblitus
1468 4357 1574 4411 tot
1607 4348 2103 4411 benefitiorum
2152 4368 2193 4409 a
2224 4345 2355 4409 S¹¹¹⁰
2405 4349 2491 4409 D.
2522 4347 2609 4409 N.
2658 4357 3137 4429 acceptorum,
3188 4364 3257 4411 et

693 4456 986 4518 intendo
1049 4458 1180 4517 0110
1243 4465 1496 4536 questo
1559 4456 1805 4517 eraldo
1866 4455 1903 4517 ὲ
1968 4474 2061 4516 un
2110 4464 2333 4518 matto
2382 4463 2721 4536 protervo
2769 4454 3254 4519 inimicissimo

693 4564 810 4625 del
861 4563 1074 4640 01010,
1123 4562 1523 4625 sbaiaffone
1560 4564 1626 4624 el
1676 4563 1887 4642 quale
1936 4562 1974 4623 ὲ
2022 4564 2163 4623 ben
2211 4563 2423 4624 1101110
2472 4564 2573 4643 (ut
2619 4560 2817 4623 multi
2862 4561 2999 4623 iarn
3050 4582 3253 4643 prae·

693 4668 962 4753 dicunt)
1009 4690 1142 4749 per
1187 4669 1300 4731 dir
1347 4680 1418 4731 et
1465 4670 1794 4751 publicar
1838 4670 2061 4731 havet
2107 4668 2375 4730 veduto
2422 4669 2725 4749 qualche
2772 4666 3113 4731 miraculo
3164 4672 3255 4733 de

693 4776 1002 4839 Martino
1053 4796 1178 4858 per
1226 4778 1298 4839 la
1342 4778 1463 4839 via
1509 4797 1552 4839 o
1601 4778 1668 4839 el
1717 4775 1987 4859 Spirito
2030 4774 2296 4839 Sancto
2344 4795 2561 4856 sopra
2608 4775 2656 4837 il
2702 4794 2885 4856 capo
2932 4795 3135 4838 come
3184 4778 3253 4839 lo

693 4882 1126 4967 depingonO.
1221 4884 1310 4947 Et
1357 4904 1576 4948 ancor
1623 4885 1756 4946 che
1804 4904 1945 4947 non
1978 4906 2054 4947 se
2087 4884 2135 4947 li
2167 4885 2577 4947 deverebbe
2612 4884 2861 4945 creder
2892 4903 3025 4964 per
3057 4904 3255 4948 esser
