3575 5775
1746 628 2241 689 0-435728m

714 772 783 838 in
814 774 1062 839 Valvis
1097 787 1168 839 et
1194 776 1374 839 Acie
1401 778 1741 859 predictis
1788 796 1922 860 per
1949 798 2163 841 unum
2213 797 2305 841 ex
2343 777 2551 843 dictis
2581 776 3002 842 Cursoribus
3033 777 3274 840 debite

712 878 1004 945 affixum
1057 893 1127 946 et
1170 882 1485 965 legitime
1526 886 1931 948 executioni
1961 886 2246 968 publice
2299 887 2802 950 demandatum
2845 884 3276 948 iudicialiter

712 990 1159 1071 reproduxit,
1211 1010 1293 1053 ac
1344 989 1716 1056 citatorum
1765 993 1938 1057 inibi
1984 1002 2475 1057 contentorum
2525 1013 2666 1055 non
2717 991 3276 1073 comparentium

711 1117 843 1159 nec
893 1097 1158 1178 aliquid
1224 1108 1469 1161 contra
1530 1098 1757 1182 ipsam
1821 1100 2384 1164 commissionem
2448 1101 2684 1162 dicere
2752 1120 2877 1162 seu
2935 1098 3277 1181 excipere

712 1202 1136 1284 curantium,
1202 1207 1707 1271 contumaciam
1787 1208 2168 1289 accusavit,
2227 1206 2564 1289 ipsosque
2631 1216 3087 1270 contumaces
3147 1226 3278 1288 per

710 1312 904 1393 ipsos
952 1310 1009 1374 F
1015 1312 1411 1376 ranciscum
1460 1309 1909 1377 Cardinalem
1959 1335 2042 1378 ac
2107 1314 2505 1393 Johannem
2571 1323 2642 1378 et
2707 1312 3070 1379 Gentilem
3133 1316 3274 1377 Au-

711 1418 977 1482 ditores
1044 1421 1359 1501 reputari
1404 1420 1608 1503 fecit,
1659 1442 1741 1485 ac
1793 1419 2004 1485 etiam
2075 1422 2413 1504 obtinuit,
2474 1442 2752 1485 necnon
2823 1414 3276 1503 postmodum

714 1545 950 1588 coram
1000 1526 1172 1607 ipsis
1221 1529 1599 1592 nonnullos
1647 1529 2010 1592 Articulos
2058 1549 2274 1610 super
2319 1530 2674 1592 natalibus
2724 1536 2796 1593 et
2823 1528 3276 1609 legitimitate

708 1630 1050 1714 predictis
1099 1635 1375 1717 obtulit,
1410 1646 1479 1699 et
1512 1635 1703 1698 aliud
1738 1635 2093 1698 citationis
2125 1634 2453 1699 Edictum
2501 1644 2750 1699 contra
2796 1636 2992 1717 ipsos
3064 1636 3276 1698 inter·

706 1762 861 1803 esse
908 1751 1244 1823 putantes
1292 1742 1613 1806 similiter
1675 1742 2114 1826 affigendum
2165 1752 2237 1806 et
2285 1744 2784 1825 exequendum
2847 1746 2940 1806 ab
3003 1742 3278 1805 eisdem

709 1828 1204 1912 C'ardinalibus
1266 1850 1357 1912 ad
1420 1850 1797 1912 dicendum
1853 1859 1926 1913 et
1990 1850 2490 1931 excipiendum
2554 1849 2887 1933 quicquid
2953 1848 3280 1912 similiter

710 1965 956 2018 contra
1011 1956 1205 2038 ipsos
1272 1958 1609 2020 articulos
1658 1958 1897 2020 dicere
1947 1958 2098 2020 sive
2149 1958 2484 2039 excipere
2535 1960 2838 2036 vellent,
2901 1977 2984 2019 ac
3035 1958 3131 2019 ad
3177 1956 3276 2019 vi-

708 2062 1014 2125 dendum
1064 2072 1135 2127 et
1182 2063 1612 2127 audiendum
1676 2064 1872 2146 ipsos
1938 2065 2274 2128 articulos
2322 2066 2414 2127 ad
2470 2066 2920 2146 probandum
2969 2064 3276 2145 admitti,

706 2179 779 2233 et
827 2170 1078 2235 Testes
1138 2192 1353 2254 super
1414 2170 1552 2235 illis
1609 2194 1688 2235 ac
1752 2182 1905 2235 tota
1972 2192 2186 2235 causa
2249 2170 2685 2253 huiusmodi,
2740 2171 2975 2235 iurare
3033 2180 3110 2234 et
3179 2172 3272 2234 ad

706 2277 1078 2341 iurandum
1144 2278 1418 2342 admitti
1476 2283 1567 2342 ad
1630 2288 1896 2343 certam
1962 2281 2148 2342 diem
2196 2279 2565 2343 iuridicam
2611 2290 2779 2341 tunc
2829 2298 3271 2363 expressam,

704 2382 1078 2448 terminum
1140 2387 1424 2467 quidem
1492 2386 1704 2450 etiam
1762 2387 2322 2468 peremptorium
2403 2395 2956 2467 competentem,
3033 2408 3118 2448 ac
3178 2385 3270 2448 ad

709 2491 1018 2555 dandum
1060 2492 1612 2575 interrogatoria
1643 2494 1701 2556 si
1735 2514 1876 2575 qua
1925 2492 2094 2556 dicti
2144 2476 2338 2557 citati
2386 2512 2516 2576 pro
2566 2492 2738 2574 ipsis
2785 2490 3123 2555 'festibus
3165 2492 3264 2553 in-

711 2600 1163 2679 terrogandis
1225 2602 1395 2664 dare
1456 2602 1724 2664 vellent
1782 2622 1917 2685 per
1969 2610 2190 2664 totam
2251 2600 2441 2663 illam
2509 2610 2580 2663 et
2628 2607 3042 2683 sequentem
3093 2598 3267 2679 dies,

708 2726 902 2767 more
952 2706 1159 2770 solito
1210 2706 1500 2771 decerni
1548 2708 1750 2789 fecit,
1811 2728 1895 2771 ac
1955 2710 2204 2771 eadem
2262 2708 2376 2771 die
2443 2706 2870 2769 adveniente
2935 2704 3264 2767 Edictum

706 2812 1123 2895 posterioris
1172 2816 1525 2879 citationis
1573 2816 1970 2879 huiusmodi
2019 2816 2089 2878 in
2139 2816 2366 2879 valvis
2415 2825 2488 2877 et
2519 2814 2698 2877 Acie
2746 2812 3087 2895 predictis
3133 2830 3266 2894 per

706 2941 920 2984 unum
970 2944 1062 2986 ex
1112 2923 1317 2986 dictis
1367 2923 1787 2987 Cursoribus
1838 2923 2158 2986 similiter
2203 2921 2498 2985 affixum
2561 2933 2632 2984 et
2695 2919 3103 2984 executioni
3149 2921 3262 2982 de-

704 3028 1111 3092 mandatum
1172 3029 1241 3093 in
1320 3029 1506 3093 illius
1582 3030 1885 3094 termino
1952 3029 2275 3112 predicto
2342 3049 2580 3092 coram
2634 3027 2810 3109 ipsis
2877 3025 3263 3089 Francisco

709 3133 1067 3202 Cardinali
1116 3158 1199 3201 ac
1245 3138 1573 3218 Johanne
1622 3147 1696 3200 et
1741 3135 2030 3202 Gentile
2063 3135 2527 3200 Auditoribus
2575 3136 2784 3198 etiam
2819 3133 3262 3217 reproduxit,

706 3253 778 3306 et
827 3243 1200 3308 citatorum
1248 3245 1731 3327 predictorum
1778 3264 1921 3307 non
1963 3243 2520 3326 comparentium
2555 3261 2686 3305 nec
2718 3241 2982 3322 aliquid
3015 3249 3262 3304 contra

705 3350 898 3431 ipsos
954 3349 1372 3415 Cardinales
1428 3353 1666 3416 dicere
1737 3352 1899 3414 vel·
1937 3349 2274 3433 excipere
2361 3349 2754 3414 curantium
2821 3369 2956 3430 per
3028 3349 3260 3429 ipsum

708 3457 1066 3540 Angelum
1098 3459 1541 3522 contumacia
1574 3468 1926 3540 accusata,
1975 3459 2286 3540 ipsisque
2336 3455 2868 3522 contumacibus
2897 3455 3262 3537 reputatiS,

707 3584 836 3645 per
883 3564 1077 3648 ipsos
1142 3565 1598 3628 Franciscum
1669 3564 2122 3630 Cardinalem
2179 3569 2268 3628 'ac
2325 3566 2720 3645 Johannem
2785 3571 2857 3626 et
2903 3561 3258 3626 Gentilem

707 3669 1094 3736 Auditores
1143 3673 1373 3737 dictos
1406 3671 1769 3737 Articulos
1819 3676 1908 3735 ad
1956 3673 2404 3754 probandum
2451 3669 2726 3734 admitti
2773 3669 2978 3752 petiit
3025 3679 3098 3734 et
3143 3669 3260 3733 ob-

704 3778 948 3861 tinuit,
1021 3801 1106 3843 ac
1173 3802 1410 3844 coram
1474 3781 1576 3845 eis
1642 3781 2022 3845 nonnullos
2082 3781 2335 3843 Testes
2379 3777 2781 3861 fidedignos
2827 3797 3044 3858 super
3089 3776 3261 3859 ipsis

707 3885 1025 3951 articulis
1073 3898 1144 3952 et
1192 3899 1345 3952 tota
1392 3910 1607 3952 causa
1655 3887 2146 3970 inquisitiones
2191 3887 2593 3950 huiusmodi
2637 3885 2949 3964 induxit,
3015 3891 3088 3947 et
3136 3902 3262 3965 per

705 3993 1160 4058 Franciscum
1221 3995 1667 4060 Cardinalem
1716 4007 1858 4060 tam
1910 4017 2036 4060 suo
2086 4017 2294 4079 quam
2341 3993 2698 4058 Leonardi
2748 3991 3146 4056 Cardinalis
3193 3997 3260 4053 et

706 4099 999 4183 College
1048 4103 1448 4166 nominibus
1465 4152 1483 4185 ,
1542 4125 1624 4167 ac
1688 4103 2084 4183 Johannem
2149 4114 2222 4166 et
2268 4101 2624 4166 Gentilem
2673 4097 3058 4162 Auditores
3108 4117 3258 4180 pre·

701 4207 890 4272 fatos
940 4210 1150 4272 etiam
1199 4211 1421 4293 recipi
1470 4221 1543 4274 et
1590 4211 1866 4274 admitti
1915 4212 2007 4273 ad
2054 4210 2426 4272 iurandum
2458 4218 2672 4291 prout
2705 4207 3026 4270 iurarunt
3055 4203 3259 4268 tactis

702 4336 834 4397 per
881 4337 1005 4380 eos
1054 4327 1123 4380 et
1172 4339 1413 4382 eorum
1464 4317 1850 4400 quemlibet
1898 4320 1991 4380 ob
2035 4321 2174 4381 hoc
2223 4315 2606 4398 Scripturis
2653 4311 3125 4378 sacrosanctis
3170 4313 3260 4374 ad

703 4435 948 4488 sancta
992 4425 1130 4488 Dei
1180 4425 1557 4508 evangelia
1618 4427 1706 4488 de
1771 4425 2076 4488 dicendo
2147 4445 2395 4506 puram
2462 4443 2726 4486 meram
2773 4431 2846 4486 et
2891 4419 3260 4498 sinceram,

704 4549 911 4611 quarn
961 4549 1176 4612 super
1230 4533 1368 4596 hiis
1439 4533 1700 4596 scirent
1770 4530 2184 4611 veritatem,
2233 4551 2474 4594 amore
2520 4531 2769 4594 favore
2817 4529 2923 4591 ira
2969 4536 3041 4590 et
3085 4525 3256 4588 invi·

704 4636 821 4699 dia
869 4637 1151 4718 penitus
1197 4639 1633 4722 postpositis,
1747 4637 1838 4702 Et
1887 4639 2321 4718 successive,
2383 4657 2474 4701 ne
2537 4639 2628 4699 ab
2691 4635 3043 4718 aliquibus
3089 4642 3254 4695 tem-

702 4765 879 4825 pore
928 4746 1368 4826 procedente
1418 4749 1508 4810 de
1552 4747 1693 4809 fide
1745 4756 1817 4808 et
1848 4745 2217 4828 legalitate
2248 4744 2596 4807 dictorum
2627 4743 2945 4806 Testium
2993 4737 3252 4820 aliquid

702 4851 931 4932 possit
975 4851 1267 4916 hesitari
1316 4853 1636 4936 prefatus
1685 4853 2010 4935 Angelus
2060 4861 2293 4915 certos
2350 4849 2527 4914 alios
2593 4850 2954 4913 Articulos
3016 4843 3250 4928 legali-

699 4959 864 5022 tatis
911 4957 1230 5042 ipsorum
1260 4961 1577 5026 Testium
1607 4959 2220 5043 comprobatorios
2251 4979 2490 5022 coram
2535 4955 2836 5041 prefatis
2877 4950 3248 5019 Francisco
