3575 5775
1273 604 1770 662 0-433795-02

261 746 410 811 stati
475 759 545 812 et
592 748 799 813 nobis
845 770 988 813 non
1037 770 1244 815 secus
1292 771 1500 832 quam
1550 750 1608 815 si
1655 752 1727 815 in
1777 772 1909 815 nos
1956 752 2151 833 ipsos
2199 751 2533 813 collatum
2596 754 2805 823 esset,

261 855 620 921 admodum
670 856 1224 939 gratificabitur,
1292 859 1485 940 quod
1532 859 1721 922 omni
1767 858 1969 921 filiali
2020 856 2255 920 officio
2308 866 2379 919 et
2426 854 2808 918 devotione

261 982 714 1045 compensare
791 965 1234 1029 studebimus
1301 984 1478 1048 erga
1554 967 1855 1029 eandem
1923 964 2393 1028 Sanctitatem
2468 962 2798 1025 Vestram

262 1066 470 1148 Quam
519 1071 716 1135 Deus
765 1071 1071 1153 optimus
1121 1072 1311 1136 Max.
1371 1072 1692 1137 Ecclesie
1749 1093 1921 1137 suae
1991 1069 2507 1155 gubernandae
2570 1067 2806 1131 diutis-

263 1174 422 1239 sime
467 1187 846 1241 conservet
895 1178 1316 1243 incolumen.

419 1300 532 1363 Ex
581 1302 924 1365 Bruxelle
949 1303 1084 1367 Die
1118 1304 1375 1367 Tereia
1416 1302 1751 1368 Octobris
1804 1305 2016 1367 Anno
2050 1302 2336 1366 Domini
2368 1298 2806 1364 MDXXIV.

673 1426 752 1494 Ε.
804 1426 870 1491 S.
923 1428 1010 1491 V.

423 1534 907 1598 Devotissima
952 1534 1098 1598 filia
1143 1534 1561 1617 Margareta
1593 1534 2105 1599 Archiducissa
2137 1533 2473 1597 Austriae
2510 1530 2813 1595 Ducissa

267 1648 328 1701 et
373 1638 751 1703 Comitissa
797 1641 1259 1724 Burgundiae
1309 1653 1380 1705 et
1425 1642 1665 1705 Vidua
1714 1640 2124 1705 Sabaudiae
2174 1651 2245 1703 et
2278 1637 2811 1702 Provinciarum

264 1744 604 1810 inferioris
653 1746 1116 1833 Burgundiae
1165 1748 1649 1813 Gubernatrix
1699 1758 1833 1811 ete.

2127 1852 2492 1927 Inmerito.

1327 2034 1403 2050 Νῆα
1417 2034 1438 2044 “Ι
1449 2035 1470 2050 τ’
1482 2034 1628 2049 ΜΓΛΝΐν
1636 2034 1736 2049 ΜΙ

963 2382 1390 2489 Campegius
1443 2270 1502 2467 J1
1489 2268 1741 2466 nil-Ma.
1803 2382 2101 2466 Giberto.

1185 2532 1650 2609 (Epm.prin01p.
1687 2533 1733 2591 1.
1772 2532 1881 2597 se.)

1243 2653 1314 2717 (9.
1353 2653 1606 2703 Octobris
1650 2650 1829 2719 1524.)

430 2794 578 2857 Alli
625 2804 912 2875 quattro
962 2793 1218 2859 scrisse
1267 2794 1752 2857 ultimamente
1802 2816 1844 2855 a
1880 2793 1964 2856 V.
2004 2792 2075 2856 S.
2127 2802 2198 2856 et
2246 2792 2317 2855 di
2365 2794 2488 2874 poi
2534 2796 2590 2855 sl
2642 2813 2819 2855 sono

274 2900 518 2966 havute
567 2903 690 2965 alli
740 2903 994 2984 cinque
1041 2906 1108 2966 le
1157 2923 1280 2966 soe
1330 2905 1420 2965 de
1469 2903 1665 2964 XXI
1732 2913 1803 2964 et
1852 2901 2083 2964 XXII
2154 2903 2270 2963 del
2328 2909 2618 2983 passato
2686 2921 2819 2962 con

275 3007 334 3070 le
377 3010 562 3091 quali
611 3030 832 3072 erano
882 3011 947 3072 le
997 3012 1188 3074 bolle
1239 3010 1309 3072 di
1359 3008 1429 3074 S.
1483 3009 1588 3072 St&
1633 3019 1884 3072 contra
1950 3009 2455 3071 contrahentes
2511 3007 2581 3069 in
2659 3027 2817 3088 gra·

277 3115 464 3179 dibus
510 3117 890 3199 prohibitis
940 3127 1010 3180 et
1057 3137 1188 3200 per
1236 3117 1544 3198 risposta
1592 3117 1750 3179 dico
1812 3119 1943 3178 che
2002 3115 2195 3177 dette
2261 3116 2453 3177 bolle
2516 3112 2573 3175 si
2645 3132 2821 3176 sono

279 3219 661 3286 distribuite
707 3226 1032 3305 segondo
1080 3224 1121 3286 l’
1156 3223 1406 3287 ordine
1455 3245 1496 3286 a
1545 3223 1776 3305 questi
1826 3221 2375 3303 archiepiscopi,
2444 3219 2563 3282 alli
2630 3218 2819 3301 quali

279 3330 462 3392 anch'
497 3331 566 3393 io
614 3332 710 3394 ho
776 3332 1022 3394 scritto
1085 3331 1154 3394 in
1223 3331 1692 3394 consonantia
1755 3328 2255 3394 exhortandoli
2313 3349 2355 3389 a
2410 3325 2693 3409 seguire
2754 3335 2826 3388 et

283 3434 532 3500 aiutare
581 3437 630 3500 il
677 3447 926 3502 sancto
975 3438 1346 3520 proposito
1407 3438 1477 3500 di
1548 3437 1618 3501 S.
1696 3439 1821 3499 Βιω
1892 3437 1963 3498 13
2037 3437 2244 3516 quale
2316 3434 2434 3516 gia
2514 3434 2571 3496 si
2640 3435 2825 3495 vede

280 3553 750 3622 apertamente
801 3565 942 3608 non
993 3565 1298 3627 pensare
1346 3547 1530 3607 altro
1579 3545 1711 3606 che
1761 3545 1804 3606 ’1
1854 3547 1991 3606 ben
2044 3542 2383 3624 pubblico
2456 3551 2529 3603 et
2588 3539 2659 3602 di
2722 3559 2823 3602 re-

281 3657 580 3714 staurare
649 3653 716 3713 le
791 3673 956 3714 cose
1021 3652 1210 3714 della
1276 3651 1624 3733 religione
1683 3659 1754 3713 et
1822 3649 2093 3732 dignita
2159 3647 2643 3711 ecelesiastica
2708 3647 2825 3729 gia

285 3762 464 3820 tanto
508 3768 750 3840 tempo
802 3757 1241 3831 desiderate;
1303 3767 1374 3820 et
1422 3757 1509 3822 V.
1560 3756 1632 3821 S.
1697 3757 1803 3820 sia
1867 3767 2063 3819 certa
2130 3757 2261 3818 che
2325 3773 2615 3837 ognuno
2673 3753 2825 3816 sino

281 3861 322 3922 li
364 3865 646 3946 maligni
697 3869 1014 3928 anchora
1062 3885 1384 3946 pensano
1435 3866 1568 3927 che
1616 3863 1688 3928 S.
1742 3862 1846 3927 St*
1894 3863 2158 3926 habbia
2207 3883 2298 3924 un
2349 3862 2687 3943 dissegno
2736 3881 2828 3922 ne

281 3967 342 4029 la
383 3982 612 4036 mente
661 3972 872 4053 pieno
924 3971 994 4033 di
1043 3971 1234 4053 pieta
1284 3981 1354 4034 et
1403 3971 1784 4034 affectione
1834 3972 1898 4032 al
1948 3973 2087 4032 ben
2120 3970 2387 4048 vivere,
2436 3969 2507 4029 di
2556 3969 2687 4030 che
2732 3987 2824 4029 ne

283 4075 531 4157 riporta
567 4079 822 4142 merita
864 4078 1094 4159 laude,
1146 4086 1219 4140 et
1265 4077 1333 4141 io
1384 4099 1514 4160 per
1560 4099 1670 4141 me
1706 4099 1846 4140 non
1878 4079 2065 4140 vedo
2115 4079 2296 4139 altra
2342 4075 2459 4137 via
2505 4073 2593 4137 ne
2644 4076 2825 4136 altro

283 4183 476 4248 modo
524 4207 568 4248 a
627 4205 882 4248 sanare
930 4186 997 4248 le
1045 4184 1184 4248 mie
1248 4185 1690 4248 invecchiate
1755 4185 2021 4267 piaghe
2089 4184 2173 4245 ne
2238 4183 2305 4244 al
2367 4182 2675 4262 bisogno
2736 4183 2826 4243 de

285 4289 578 4354 cristiani
623 4292 696 4354 di
745 4292 986 4373 quello
1035 4293 1168 4355 che
1216 4312 1344 4354 sua
1376 4291 1833 4355 Beatitudine
1874 4309 2003 4354 con
2049 4289 2522 4372 grandissima
2554 4285 2826 4350 charita

285 4405 348 4458 et
389 4419 526 4462 non
580 4399 813 4462 minor
872 4397 1253 4479 prudentia
1309 4399 1645 4479 dissegna
1712 4408 1783 4461 et
1849 4398 2219 4460 colorisse:
2286 4392 2431 4458 cosi
2498 4394 2640 4457 Dio
2706 4393 2827 4456 alli

285 4502 561 4580 gloriosi
607 4504 990 4568 ordimenti
1047 4505 1148 4587 gli
1196 4505 1450 4568 assista
1499 4515 1570 4568 et
1637 4505 1806 4568 doni
1871 4505 1941 4566 di
2013 4506 2081 4566 la
2144 4522 2265 4565 soa
2318 4510 2523 4564 santa
2570 4501 2824 4581 gratia.

287 4607 366 4670 Et
407 4612 676 4674 bench&
737 4612 880 4674 tale
945 4631 1120 4693 opre
1184 4612 1278 4674 da
1335 4633 1412 4675 se
1461 4621 1684 4676 stesse
1721 4611 2005 4693 gridino
2056 4623 2126 4673 et
2174 4609 2453 4691 parlino
2502 4607 2687 4670 assai
2737 4609 2825 4668 de

289 4715 348 4776 la
387 4717 602 4800 virui,
650 4719 1050 4802 grandezza
1098 4728 1170 4782 et
1215 4718 1435 4782 bonta
1483 4739 1643 4800 soa,
1694 4718 2218 4782 nientedimeno
2267 4736 2398 4798 per
2446 4715 2687 4778 debito
2737 4715 2826 4777 de

288 4820 350 4884 la
392 4825 648 4888 servitii
697 4824 840 4889 mia
889 4835 961 4888 et
1006 4846 1139 4909 per
1196 4829 1433 4908 quella
1493 4825 1991 4889 satisfaccione
2049 4824 2154 4886 ch'
2193 4823 2259 4886 io
2320 4822 2545 4905 piglio
2607 4822 2697 4884 de
2758 4823 2825 4884 le

291 4947 442 4995 cose
486 4932 823 5000 laudabili
873 4941 946 4999 et
993 4935 1266 5012 buone,
1333 4931 1402 4996 io
1473 4950 1616 4996 non
1685 4932 1985 4996 mancho
2050 4949 2181 5016 per
2256 4937 2523 5014 quanto
2594 4945 2689 5010 po
2758 4927 2828 4986 la
