3575 5775
1754 550 2214 606 0-{3168>-0

1955 714 1992 777 7

1595 762 2259 922 Responsio'caroli
2296 821 2374 903 V.

1489 961 1707 1033 (Aeta
1760 960 2303 1021 Wormao.f01.
2358 960 2483 1032 ⁷2.)

1574 1147 1584 1155 ι
1759 1074 1975 1135 (Martio
2022 1076 2193 1136 1521.)

908 1179 998 1241 Et
1045 1178 1105 1241 si
1152 1200 1295 1243 non
1331 1180 1694 1263 displicuit
1741 1180 1974 1261 nobiS,
2026 1180 2219 1262 quod
2271 1200 2363 1242 ex
2412 1178 2666 1242 litteris
2715 1182 2972 1243 vestris
3019 1202 3263 1264 perce-

697 1285 928 1367 pimus
977 1289 1070 1349 ob
1117 1286 1514 1368 Majestatis
1563 1296 1850 1350 nostrae
1900 1286 2395 1363 reverentiam,
2446 1296 2743 1349 eatenus
2790 1308 2920 1350 vos
2976 1308 3261 1370 suspen-

699 1395 888 1455 disse
925 1394 1420 1457 executionem
1455 1394 1927 1476 Apostolicae
1974 1395 2209 1456 bullae
2260 1410 2509 1458 contra
2557 1394 2989 1476 pernitiosos
3037 1397 3262 1459 libros

692 1500 931 1562 fratris
979 1500 1266 1563 Martini
1299 1501 1591 1564 Lutheri
1642 1501 1897 1579 editae,
1948 1502 2177 1563 donec
2229 1502 2317 1563 de
2354 1509 2587 1563 mente
2640 1512 2711 1563 et
2760 1504 3049 1565 decreto
3101 1524 3255 1567 nos-

694 1619 804 1670 tro
853 1608 1196 1671 certiores
1243 1608 1758 1682 redderemini;
1824 1608 2063 1671 Nihilo
2122 1618 2359 1669 tamen
2424 1608 2653 1671 minus
2716 1620 2997 1691 gratum
3048 1612 3257 1673 nobis

694 1714 965 1796 fuisset,
1016 1717 1097 1795 si,
1147 1716 1338 1778 facta
1387 1716 1592 1779 vobis
1643 1717 1958 1797 legitime
2021 1715 2496 1778 insinuatione
2558 1716 2927 1796 predictae
2989 1719 3255 1798 bullae,

689 1844 898 1905 quem
966 1825 1058 1886 ad
1102 1824 1385 1886 modum
1432 1826 1525 1886 ab
1575 1823 2055 1886 universitatis
2104 1833 2387 1885 vestrae
2434 1821 2843 1905 theologica
2892 1824 3256 1906 facultate,

688 1931 801 1992 cui
847 1931 918 1992 in
968 1930 1078 1993 his
1128 1931 1358 1993 causis
1406 1932 1659 1994 merito
1708 1932 1981 2013 primae
2032 1933 2371 2007 debetur,
2432 1928 2697 1991 factum
2763 1951 2918 1993 esse
2966 1940 3253 1995 vestrae

686 2038 977 2100 lieterae
1057 2036 1326 2100 faciunt
1385 2037 1636 2117 fidem,
1709 2038 1809 2100 ita
1883 2047 1954 2099 et
2025 2058 2155 2100 vos
2221 2036 2342 2099 alii
2412 2038 2936 2119 suprascriptos
3008 2038 3248 2119 libros,

685 2164 1099 2227 magnarum
1164 2146 1233 2207 in
1283 2146 1605 2208 Ecclesia
1677 2146 1794 2209 dei
1866 2145 2326 2221 seditionum,
2388 2155 2457 2205 et
2530 2145 3003 2225 periculorum
3054 2146 3246 2209 fomi-

685 2262 811 2333 teS,
883 2252 1124 2315 debito
1197 2254 1346 2334 igni
1428 2255 1847 2315 cremandos
1917 2250 2331 2331 curassetis,
2423 2260 2493 2313 et
2582 2254 2921 2333 populum
2999 2262 3074 2315 ut
3156 2256 3247 2315 ab

681 2358 819 2421 illis
925 2360 1058 2422 sibi
1159 2360 1535 2441 plurimum
1637 2369 1928 2422 caveret
2017 2357 2487 2421 monuissetis.
2631 2358 2839 2439 Quod
2921 2360 3245 2441 profecto

675 2468 828 2547 jure
909 2470 1099 2529 bono
1173 2468 1493 2549 citraque
1565 2466 1858 2547 alicujus
1946 2476 2157 2528 notae
2231 2464 2626 2547 periculum
2698 2487 2740 2528 a
2817 2466 3022 2528 vobis
3092 2466 3247 2530 fieri

679 2575 950 2654 potuit,
1028 2574 1326 2657 primum
1400 2575 1565 2655 quia
1637 2574 1916 2655 quoties
1981 2575 2069 2635 de
2140 2573 2487 2652 religione
2565 2571 2800 2653 agitur
2875 2594 3243 2636 romanum

683 2682 1086 2762 pontificem
1152 2693 1610 2762 sanctamque
1665 2679 1922 2743 Sedem
1976 2679 2467 2762 Apostolicam
2520 2679 2854 2742 convenit
2895 2680 3244 2761 judicare:

679 2788 936 2851 deinde
985 2780 1152 2871 quia
1200 2810 1342 2851 non
1389 2788 1468 2851 fit
1517 2789 1897 2852 verisimile
1965 2789 2054 2849 ad
2118 2796 2395 2849 vestras
2454 2787 2595 2867 jam
2643 2796 2788 2849 tum
2839 2808 3045 2850 aures
3098 2809 3237 2850 non

677 2895 1092 2977 pervenisse
1139 2897 1204 2960 in
1258 2897 1519 2960 nostris
1569 2905 1710 2959 tam
1745 2895 2199 2958 inferioribus
2234 2894 2580 2974 dominiiS,
2632 2915 2841 2976 quam
2878 2895 3241 2976 Coloniae,

673 3004 1024 3085 Treveris,
1075 3003 1492 3086 Moguntiae
1540 3004 1836 3084 aliisque
1866 3003 2295 3065 Germaniae
2347 3003 2523 3064 locis
2576 3003 3006 3066 authoritate
3043 3003 3235 3086 Apo-

675 3113 945 3193 stolica,
997 3123 1066 3174 et
1099 3123 1340 3174 nostro
1374 3113 1728 3174 Caesareo
1762 3114 2053 3173 decreto
2104 3111 2523 3181 antedictos,
2572 3120 2644 3172 et
2691 3110 2868 3172 alios
2927 3110 3242 3173 famosos

675 3218 893 3280 libros
941 3220 1227 3300 publico
1296 3229 1367 3281 et
1415 3219 1658 3280 debito
1709 3218 2039 3280 incendio
2103 3217 2319 3279 fuisse
2370 3221 2816 3297 absumptos;
2874 3228 3236 3297 postremo

675 3325 859 3404 quia,
905 3346 1059 3387 cum
1108 3326 1242 3386 ista
1285 3335 1524 3388 vestra
1557 3325 1980 3387 universitas
2014 3345 2151 3385 non
2188 3326 2410 3385 solum
2452 3323 2761 3404 optimae
2798 3325 3235 3404 eruditionis,

674 3433 800 3492 sed
848 3443 919 3493 et
966 3432 1392 3496 christianae
1423 3433 1710 3515 pietatis
1757 3431 2068 3493 fecunda
2106 3451 2367 3512 parens
2416 3451 2698 3512 semper
2746 3431 2977 3510 fuerit,
3027 3431 3238 3495 facile

673 3539 1016 3619 poteratis
1065 3559 1504 3622 cognoscere
1557 3539 1851 3601 Lutheri
1920 3548 1989 3600 et
2046 3538 2186 3599 alia
2249 3538 2777 3600 lutheranorum
2829 3539 3129 3620 scripta,
3192 3561 3235 3601 a

672 3645 1019 3708 charitate
1070 3657 1139 3708 et
1187 3647 1324 3709 ritu
1373 3669 1414 3710 a
1465 3647 1723 3710 nostris
1758 3645 2139 3726 majoribus
2188 3644 2449 3706 tradito
2502 3645 2963 3725 discedentia,
3023 3645 3233 3727 pluri·

671 3775 856 3815 mum
908 3753 1070 3816 mali
1119 3754 1188 3816 in
1241 3755 1568 3817 Ecclesia
1619 3754 1750 3815 Dei
1810 3755 1949 3834 jam
2000 3752 2390 3834 peperisse,
2442 3761 2513 3814 et
2562 3752 2693 3814 nisi
2743 3752 3227 3834 provideatur,

668 3861 738 3924 in
787 3871 1150 3944 posterum
1201 3861 1402 3943 peius
1453 3883 1609 3924 esse
1658 3860 1997 3942 paritura.
2078 3860 2344 3920 Verum
2393 3859 2559 3940 quia
2620 3859 2943 3940 persuasi
2992 3881 3227 3922 sumus

667 3971 930 4032 nullam
978 3969 1186 4031 aliam
1237 3973 1329 4030 ob
1381 3990 1666 4030 causam
1729 3968 1933 4029 istam
1986 3967 2505 4028 cunctationem
2553 3965 2814 4029 factam
2877 3988 3086 4048 quam
3150 3977 3229 4029 ut

663 4076 1019 4158 Majestati
1069 4086 1355 4139 nostrae
1405 4097 1587 4157 quae
1637 4075 1837 4137 istius
1886 4073 2367 4136 universitatis
2414 4073 2779 4136 fundatrix
2829 4084 2901 4136 et
2949 4084 3219 4156 protec-

665 4183 807 4245 trix
857 4194 985 4264 est,
1035 4184 1352 4246 debitum
1398 4186 1740 4246 honorem
1779 4181 2237 4260 exhiberetiS,
2290 4203 2431 4242 non
2465 4202 2838 4262 possumus
2876 4202 3017 4244 non
3044 4203 3223 4244 com-

661 4291 999 4354 mendare
1069 4292 1278 4354 istum
1341 4291 1687 4368 animum,
1770 4289 2365 4369 devotionemque
2428 4289 2498 4350 in
2567 4310 2696 4351 nos
2761 4300 3099 4352 vestram:
3165 4289 3224 4351 si

664 4399 875 4459 modo
948 4419 1158 4479 quum
1218 4398 1516 4480 primum
1580 4399 1710 4460 has
1779 4397 2062 4459 lieteras
2128 4395 2381 4458 mentis
2445 4407 2732 4458 nostrae
2781 4396 3084 4476 indiceS,
3154 4405 3225 4458 et

662 4505 1082 4568 universalis
1130 4506 1399 4568 decreti
1451 4506 1672 4568 nostri
1721 4505 1943 4568 instar
1992 4505 2265 4566 futuras
2300 4503 2753 4585 acceperitis:
2808 4525 2929 4566 eas
2979 4503 3049 4564 in
3100 4525 3219 4585 pu-

658 4611 862 4674 blicis
922 4611 1135 4674 totius
1182 4613 1666 4675 universitatis
1716 4623 2002 4675 nostrae
2053 4611 2352 4674 comitiis
2400 4609 2563 4692 legi,
2624 4621 2695 4672 et
2742 4610 3033 4672 Lutheri
3103 4631 3219 4691 pe-

658 4720 978 4783 stilentes
1041 4721 1260 4784 libros
1310 4743 1554 4784 omnes
1611 4722 1748 4802 jam
1812 4723 1902 4782 ab
1954 4719 2349 4800 apostolica
2397 4719 2568 4778 sede
2619 4718 3029 4797 damnatOS‚
3082 4737 3217 4778 om-

657 4827 914 4908 niaque
965 4829 1374 4910 quorumvis
1421 4849 1492 4890 m
1543 4827 1907 4890 Summum
1954 4824 2394 4907 pontificem,
2474 4833 2545 4887 et
2593 4826 2836 4888 sedem
2885 4825 3217 4907 apostoli-

656 4956 849 5017 cam,
899 4939 1374 5017 honestasque
1423 4955 1768 5018 personas
1816 4932 2091 4996 famosa
2146 4932 2413 5013 scripta
2461 4933 2800 4994 damnata
2862 4943 2934 4994 et
2982 4931 3217 5014 prohi-
