<?xml version="1.0" encoding="UTF-8"?>
<!DOCTYPE html PUBLIC "-//W3C//DTD XHTML 1.0 Transitional//EN"
    "http://www.w3.org/TR/xhtml1/DTD/xhtml1-transitional.dtd">
<html xmlns="http://www.w3.org/1999/xhtml" xml:lang="en" lang="en">
 <head>
  <title>
</title>
<meta http-equiv="Content-Type" content="text/html;charset=utf-8" />
  <meta name='ocr-system' content='tesseract 3.04.00' />
  <meta name='ocr-capabilities' content='ocr_page ocr_carea ocr_par ocr_line ocrx_word'/>
</head>
<body>
  <div class='ocr_page' id='page_1' title='image "./monumentareform02vatigoog_0379.png"; bbox 0 0 3575 5775; ppageno 0'>
   <div class='ocr_carea' id='block_1_1' title="bbox 1306 577 1800 634">
    <p class='ocr_par' dir='ltr' id='par_1_1' title="bbox 1306 577 1800 634">
     <span class='ocr_line' id='line_1_1' title="bbox 1306 577 1800 634; baseline -0.004 0"><span class='ocrx_word' id='word_1_1' title='bbox 1306 577 1800 634; x_wconf 43' lang='lat' dir='ltr'><strong>masolam</strong></span> 
     </span>
    </p>
   </div>
   <div class='ocr_carea' id='block_1_2' title="bbox 224 725 2862 4983">
    <p class='ocr_par' dir='ltr' id='par_1_2' title="bbox 224 725 2862 4983">
     <span class='ocr_line' id='line_1_2' title="bbox 300 725 2832 808; baseline -0 -20"><span class='ocrx_word' id='word_1_2' title='bbox 300 725 488 808; x_wconf 87' lang='lat' dir='ltr'><strong>igitur</strong></span> <span class='ocrx_word' id='word_1_3' title='bbox 532 734 612 790; x_wconf 90' lang='lat' dir='ltr'><strong>ut</strong></span> <span class='ocrx_word' id='word_1_4' title='bbox 657 727 719 790; x_wconf 91' lang='lat' dir='ltr'><strong>si</strong></span> <span class='ocrx_word' id='word_1_5' title='bbox 767 747 810 789; x_wconf 92' lang='lat' dir='ltr'><strong>a</strong></span> <span class='ocrx_word' id='word_1_6' title='bbox 872 727 1142 790; x_wconf 82' lang='lat' dir='ltr'><strong>Sancta</strong></span> <span class='ocrx_word' id='word_1_7' title='bbox 1199 727 1322 789; x_wconf 89' lang='lat' dir='ltr'><strong>illa</strong></span> <span class='ocrx_word' id='word_1_8' title='bbox 1382 726 1573 790; x_wconf 79' lang='lat' dir='ltr'><strong>Sede</strong></span> <span class='ocrx_word' id='word_1_9' title='bbox 1639 725 2066 808; x_wconf 90' lang='lat' dir='ltr'><strong>Apostolica</strong></span> <span class='ocrx_word' id='word_1_10' title='bbox 2125 725 2549 807; x_wconf 83' lang='lat' dir='ltr'><strong>emanarint,</strong></span> <span class='ocrx_word' id='word_1_11' title='bbox 2615 727 2692 787; x_wconf 91' lang='lat' dir='ltr'><strong>P.</strong></span> <span class='ocrx_word' id='word_1_12' title='bbox 2751 725 2832 787; x_wconf 88' lang='lat' dir='ltr'><strong>T.</strong></span> 
     </span>
     <span class='ocr_line' id='line_1_3' title="bbox 304 832 2834 916; baseline -0.001 -21"><span class='ocrx_word' id='word_1_13' title='bbox 304 854 415 896; x_wconf 91' lang='lat' dir='ltr'><strong>nos</strong></span> <span class='ocrx_word' id='word_1_14' title='bbox 458 833 969 916; x_wconf 78' lang='lat' dir='ltr'><strong>quamprimum</strong></span> <span class='ocrx_word' id='word_1_15' title='bbox 1018 833 1360 896; x_wconf 85' lang='lat' dir='ltr'>certiores</span> <span class='ocrx_word' id='word_1_16' title='bbox 1408 834 1685 898; x_wconf 92' lang='lat' dir='ltr'><strong>reddat.</strong></span> <span class='ocrx_word' id='word_1_17' title='bbox 1779 833 2082 897; x_wconf 88' lang='lat' dir='ltr'><strong>Meroris</strong></span> <span class='ocrx_word' id='word_1_18' title='bbox 2123 841 2355 898; x_wconf 88' lang='lat' dir='ltr'><strong>autem</strong></span> <span class='ocrx_word' id='word_1_19' title='bbox 2404 832 2628 896; x_wconf 82' lang='lat' dir='ltr'><strong>nostri</strong></span> <span class='ocrx_word' id='word_1_20' title='bbox 2677 852 2834 894; x_wconf 90' lang='lat' dir='ltr'><strong>cau-</strong></span> 
     </span>
     <span class='ocr_line' id='line_1_4' title="bbox 302 939 2835 1022; baseline 0 -21"><span class='ocrx_word' id='word_1_21' title='bbox 302 961 431 1004; x_wconf 86' lang='lat' dir='ltr'><strong>sam</strong></span> <span class='ocrx_word' id='word_1_22' title='bbox 502 940 811 1022; x_wconf 87' lang='lat' dir='ltr'>longiori</span> <span class='ocrx_word' id='word_1_23' title='bbox 900 939 1085 1004; x_wconf 90' lang='lat' dir='ltr'><strong>serie</strong></span> <span class='ocrx_word' id='word_1_24' title='bbox 1162 940 1739 1022; x_wconf 83' lang='lat' dir='ltr'><strong>pertractandam</strong></span> <span class='ocrx_word' id='word_1_25' title='bbox 1807 961 2026 1022; x_wconf 89' lang='lat' dir='ltr'><strong>opere</strong></span> <span class='ocrx_word' id='word_1_26' title='bbox 2095 941 2398 1022; x_wconf 90' lang='lat' dir='ltr'><strong>pretium</strong></span> <span class='ocrx_word' id='word_1_27' title='bbox 2485 940 2835 1002; x_wconf 68' lang='lat' dir='ltr'><strong>duximus</strong></span> 
     </span>
     <span class='ocr_line' id='line_1_5' title="bbox 302 1045 2834 1128; baseline -0 -18"><span class='ocrx_word' id='word_1_28' title='bbox 302 1047 587 1111; x_wconf 88' lang='lat' dir='ltr'><strong>Primum</strong></span> <span class='ocrx_word' id='word_1_29' title='bbox 635 1048 829 1128; x_wconf 88' lang='lat' dir='ltr'><strong>quod</strong></span> <span class='ocrx_word' id='word_1_30' title='bbox 875 1045 949 1112; x_wconf 79' lang='lat' dir='ltr'><strong>S.</strong></span> <span class='ocrx_word' id='word_1_31' title='bbox 977 1045 1063 1112; x_wconf 93' lang='lat' dir='ltr'><strong>D.</strong></span> <span class='ocrx_word' id='word_1_32' title='bbox 1092 1045 1177 1110; x_wconf 97' lang='lat' dir='ltr'><strong>N.</strong></span> <span class='ocrx_word' id='word_1_33' title='bbox 1192 1095 1211 1126; x_wconf 88' lang='lat'><em>‚</em></span> <span class='ocrx_word' id='word_1_34' title='bbox 1257 1054 1403 1111; x_wconf 89' lang='lat' dir='ltr'><strong>tum</strong></span> <span class='ocrx_word' id='word_1_35' title='bbox 1452 1067 1655 1110; x_wconf 91' lang='lat' dir='ltr'><strong>sacer</strong></span> <span class='ocrx_word' id='word_1_36' title='bbox 1704 1046 2184 1112; x_wconf 90' lang='lat' dir='ltr'><strong>Cardinalium</strong></span> <span class='ocrx_word' id='word_1_37' title='bbox 2232 1057 2452 1128; x_wconf 84' lang='lat' dir='ltr'><strong>cetuS,</strong></span> <span class='ocrx_word' id='word_1_38' title='bbox 2503 1057 2650 1110; x_wconf 88' lang='lat' dir='ltr'><strong>turn</strong></span> <span class='ocrx_word' id='word_1_39' title='bbox 2696 1068 2834 1109; x_wconf 91' lang='lat' dir='ltr'><strong>om·</strong></span> 
     </span>
     <span class='ocr_line' id='line_1_6' title="bbox 302 1152 2834 1236; baseline 0 -20"><span class='ocrx_word' id='word_1_40' title='bbox 302 1174 411 1216; x_wconf 88' lang='lat' dir='ltr'><strong>nes</strong></span> <span class='ocrx_word' id='word_1_41' title='bbox 458 1153 576 1234; x_wconf 93' lang='lat' dir='ltr'><strong>qui</strong></span> <span class='ocrx_word' id='word_1_42' title='bbox 623 1153 1103 1232; x_wconf 88' lang='lat' dir='ltr'><strong>Cancellarie,</strong></span> <span class='ocrx_word' id='word_1_43' title='bbox 1173 1154 1513 1217; x_wconf 83' lang='lat' dir='ltr'><strong>Gamerae</strong></span> <span class='ocrx_word' id='word_1_44' title='bbox 1578 1163 1651 1216; x_wconf 93' lang='lat' dir='ltr'><strong>et</strong></span> <span class='ocrx_word' id='word_1_45' title='bbox 1706 1152 2163 1236; x_wconf 81' lang='lat' dir='ltr'><strong>Segretariae</strong></span> <span class='ocrx_word' id='word_1_46' title='bbox 2213 1154 2588 1217; x_wconf 85' lang='lat' dir='ltr'><strong>Romanae</strong></span> <span class='ocrx_word' id='word_1_47' title='bbox 2635 1173 2834 1236; x_wconf 91' lang='lat' dir='ltr'><strong>prae-</strong></span> 
     </span>
     <span class='ocr_line' id='line_1_7' title="bbox 302 1259 2836 1347; baseline 0 -25"><span class='ocrx_word' id='word_1_48' title='bbox 302 1269 478 1341; x_wconf 87' lang='lat' dir='ltr'><strong>sunt,</strong></span> <span class='ocrx_word' id='word_1_49' title='bbox 546 1259 757 1347; x_wconf 90' lang='lat' dir='ltr'><strong>(sicut</strong></span> <span class='ocrx_word' id='word_1_50' title='bbox 824 1281 1013 1324; x_wconf 87' lang='lat' dir='ltr'><strong>nunc</strong></span> <span class='ocrx_word' id='word_1_51' title='bbox 1078 1262 1269 1344; x_wconf 94' lang='lat' dir='ltr'><strong>apud</strong></span> <span class='ocrx_word' id='word_1_52' title='bbox 1339 1263 1602 1324; x_wconf 90' lang='lat' dir='ltr'><strong>bonam</strong></span> <span class='ocrx_word' id='word_1_53' title='bbox 1672 1259 2103 1324; x_wconf 87' lang='lat' dir='ltr'><strong>Germaniae</strong></span> <span class='ocrx_word' id='word_1_54' title='bbox 2169 1282 2371 1325; x_wconf 89' lang='lat' dir='ltr'><strong>meae</strong></span> <span class='ocrx_word' id='word_1_55' title='bbox 2439 1270 2714 1343; x_wconf 90' lang='lat' dir='ltr'><strong>partem</strong></span> <span class='ocrx_word' id='word_1_56' title='bbox 2766 1261 2836 1323; x_wconf 90' lang='lat' dir='ltr'><strong>in</strong></span> 
     </span>
     <span class='ocr_line' id='line_1_8' title="bbox 302 1367 2836 1451; baseline -0 -21"><span class='ocrx_word' id='word_1_57' title='bbox 302 1387 758 1450; x_wconf 87' lang='lat' dir='ltr'><strong>quoscumque</strong></span> <span class='ocrx_word' id='word_1_58' title='bbox 806 1368 1093 1450; x_wconf 88' lang='lat' dir='ltr'><strong>impune</strong></span> <span class='ocrx_word' id='word_1_59' title='bbox 1134 1368 1563 1432; x_wconf 87' lang='lat' dir='ltr'><strong>debacchari</strong></span> <span class='ocrx_word' id='word_1_60' title='bbox 1610 1368 1880 1431; x_wconf 90' lang='lat' dir='ltr'><strong>licitum</strong></span> <span class='ocrx_word' id='word_1_61' title='bbox 1921 1371 2055 1449; x_wconf 88' lang='lat' dir='ltr'><strong>est)</strong></span> <span class='ocrx_word' id='word_1_62' title='bbox 2104 1367 2466 1451; x_wconf 85' lang='lat' dir='ltr'><strong>tyrannidi</strong></span> <span class='ocrx_word' id='word_1_63' title='bbox 2517 1379 2588 1431; x_wconf 88' lang='lat' dir='ltr'><strong>et</strong></span> <span class='ocrx_word' id='word_1_64' title='bbox 2633 1367 2836 1429; x_wconf 89' lang='lat' dir='ltr'><strong>insci—</strong></span> 
     </span>
     <span class='ocr_line' id='line_1_9' title="bbox 303 1473 2840 1559; baseline 0.001 -25"><span class='ocrx_word' id='word_1_65' title='bbox 303 1475 429 1539; x_wconf 85' lang='lat' dir='ltr'><strong>tiae</strong></span> <span class='ocrx_word' id='word_1_66' title='bbox 471 1487 887 1559; x_wconf 89' lang='lat' dir='ltr'><strong>arguuntur.</strong></span> <span class='ocrx_word' id='word_1_67' title='bbox 982 1476 1265 1539; x_wconf 88' lang='lat' dir='ltr'><strong>Deinde</strong></span> <span class='ocrx_word' id='word_1_68' title='bbox 1314 1477 1504 1558; x_wconf 91' lang='lat' dir='ltr'><strong>quod</strong></span> <span class='ocrx_word' id='word_1_69' title='bbox 1544 1475 1779 1538; x_wconf 87' lang='lat' dir='ltr'><strong>Breve</strong></span> <span class='ocrx_word' id='word_1_70' title='bbox 1826 1475 2015 1538; x_wconf 91' lang='lat' dir='ltr'><strong>istud</strong></span> <span class='ocrx_word' id='word_1_71' title='bbox 2051 1473 2448 1538; x_wconf 85' lang='lat' dir='ltr'><strong>Germanos</strong></span> <span class='ocrx_word' id='word_1_72' title='bbox 2496 1495 2580 1538; x_wconf 89' lang='lat' dir='ltr'><strong>ac</strong></span> <span class='ocrx_word' id='word_1_73' title='bbox 2627 1494 2840 1537; x_wconf 91' lang='lat' dir='ltr'><strong>veros</strong></span> 
     </span>
     <span class='ocr_line' id='line_1_10' title="bbox 305 1577 2840 1665; baseline -0.001 -21"><span class='ocrx_word' id='word_1_74' title='bbox 305 1577 631 1663; x_wconf 85' lang='lat' dir='ltr'><strong>Saxones,</strong></span> <span class='ocrx_word' id='word_1_75' title='bbox 680 1583 800 1665; x_wconf 92' lang='lat' dir='ltr'><strong>qui</strong></span> <span class='ocrx_word' id='word_1_76' title='bbox 846 1593 1083 1646; x_wconf 87' lang='lat' dir='ltr'><strong>tamen</strong></span> <span class='ocrx_word' id='word_1_77' title='bbox 1132 1584 1267 1646; x_wconf 90' lang='lat' dir='ltr'><strong>hoc</strong></span> <span class='ocrx_word' id='word_1_78' title='bbox 1317 1583 1691 1646; x_wconf 88' lang='lat' dir='ltr'><strong>lutherano</strong></span> <span class='ocrx_word' id='word_1_79' title='bbox 1726 1582 1967 1646; x_wconf 83' lang='lat' dir='ltr'><strong>toxico</strong></span> <span class='ocrx_word' id='word_1_80' title='bbox 2019 1601 2264 1644; x_wconf 89' lang='lat' dir='ltr'><strong>omnes</strong></span> <span class='ocrx_word' id='word_1_81' title='bbox 2306 1582 2456 1644; x_wconf 89' lang='lat' dir='ltr'><strong>fere</strong></span> <span class='ocrx_word' id='word_1_82' title='bbox 2495 1582 2840 1645; x_wconf 89' lang='lat' dir='ltr'><strong>immunes</strong></span> 
     </span>
     <span class='ocr_line' id='line_1_11' title="bbox 307 1688 2842 1772; baseline 0 -22"><span class='ocrx_word' id='word_1_83' title='bbox 307 1697 497 1770; x_wconf 90' lang='lat' dir='ltr'><strong>atque</strong></span> <span class='ocrx_word' id='word_1_84' title='bbox 550 1689 773 1752; x_wconf 87' lang='lat' dir='ltr'><strong>alieni</strong></span> <span class='ocrx_word' id='word_1_85' title='bbox 845 1699 1040 1771; x_wconf 89' lang='lat' dir='ltr'><strong>sunt,</strong></span> <span class='ocrx_word' id='word_1_86' title='bbox 1099 1691 1547 1754; x_wconf 89' lang='lat' dir='ltr'><strong>condemnat.</strong></span> <span class='ocrx_word' id='word_1_87' title='bbox 1640 1691 1857 1753; x_wconf 86' lang='lat' dir='ltr'><strong>Absit</strong></span> <span class='ocrx_word' id='word_1_88' title='bbox 1921 1698 2158 1753; x_wconf 87' lang='lat' dir='ltr'><strong>tamen</strong></span> <span class='ocrx_word' id='word_1_89' title='bbox 2223 1691 2472 1772; x_wconf 91' lang='lat' dir='ltr'><strong>procul</strong></span> <span class='ocrx_word' id='word_1_90' title='bbox 2533 1711 2576 1752; x_wconf 91' lang='lat' dir='ltr'><strong>a</strong></span> <span class='ocrx_word' id='word_1_91' title='bbox 2633 1688 2842 1752; x_wconf 91' lang='lat' dir='ltr'><strong>nobis</strong></span> 
     </span>
     <span class='ocr_line' id='line_1_12' title="bbox 306 1795 2842 1878; baseline -0 -21"><span class='ocrx_word' id='word_1_92' title='bbox 306 1795 477 1875; x_wconf 87' lang='lat' dir='ltr'><strong>pium</strong></span> <span class='ocrx_word' id='word_1_93' title='bbox 522 1817 605 1859; x_wconf 90' lang='lat' dir='ltr'><strong>ac</strong></span> <span class='ocrx_word' id='word_1_94' title='bbox 653 1797 1105 1860; x_wconf 88' lang='lat' dir='ltr'><strong>innocentem</strong></span> <span class='ocrx_word' id='word_1_95' title='bbox 1148 1796 1567 1860; x_wconf 87' lang='lat' dir='ltr'><strong>Pontificem</strong></span> <span class='ocrx_word' id='word_1_96' title='bbox 1618 1806 1830 1878; x_wconf 88' lang='lat' dir='ltr'><strong>atque</strong></span> <span class='ocrx_word' id='word_1_97' title='bbox 1861 1796 2121 1860; x_wconf 84' lang='lat' dir='ltr'><strong>Christi</strong></span> <span class='ocrx_word' id='word_1_98' title='bbox 2148 1796 2484 1859; x_wconf 88' lang='lat' dir='ltr'><strong>vicarium</strong></span> <span class='ocrx_word' id='word_1_99' title='bbox 2532 1795 2842 1858; x_wconf 88' lang='lat' dir='ltr'><strong>iustitiae</strong></span> 
     </span>
     <span class='ocr_line' id='line_1_13' title="bbox 308 1903 2844 1986; baseline 0 -22"><span class='ocrx_word' id='word_1_100' title='bbox 308 1904 625 1982; x_wconf 91' lang='lat' dir='ltr'><strong>polluere.</strong></span> <span class='ocrx_word' id='word_1_101' title='bbox 722 1904 1093 1968; x_wconf 88' lang='lat' dir='ltr'><strong>Credimus</strong></span> <span class='ocrx_word' id='word_1_102' title='bbox 1142 1905 1470 1986; x_wconf 88' lang='lat' dir='ltr'><strong>equidem</strong></span> <span class='ocrx_word' id='word_1_103' title='bbox 1520 1903 1580 1966; x_wconf 89' lang='lat' dir='ltr'><strong>si</strong></span> <span class='ocrx_word' id='word_1_104' title='bbox 1623 1905 1763 1967; x_wconf 91' lang='lat' dir='ltr'><strong>hae</strong></span> <span class='ocrx_word' id='word_1_105' title='bbox 1811 1905 2090 1967; x_wconf 87' lang='lat' dir='ltr'><strong>litterae</strong></span> <span class='ocrx_word' id='word_1_106' title='bbox 2125 1923 2340 1966; x_wconf 90' lang='lat' dir='ltr'><strong>verae</strong></span> <span class='ocrx_word' id='word_1_107' title='bbox 2378 1903 2844 1983; x_wconf 87' lang='lat' dir='ltr'><strong>integraeque</strong></span> 
     </span>
     <span class='ocr_line' id='line_1_14' title="bbox 308 2007 2840 2092; baseline 0 -23"><span class='ocrx_word' id='word_1_108' title='bbox 308 2007 552 2073; x_wconf 87' lang='lat' dir='ltr'><strong>fuerint</strong></span> <span class='ocrx_word' id='word_1_109' title='bbox 598 2021 671 2074; x_wconf 91' lang='lat' dir='ltr'><strong>et</strong></span> <span class='ocrx_word' id='word_1_110' title='bbox 720 2012 997 2076; x_wconf 90' lang='lat' dir='ltr'><strong>titulum</strong></span> <span class='ocrx_word' id='word_1_111' title='bbox 1046 2022 1117 2074; x_wconf 93' lang='lat' dir='ltr'><strong>et</strong></span> <span class='ocrx_word' id='word_1_112' title='bbox 1162 2031 1421 2074; x_wconf 88' lang='lat' dir='ltr'><strong>nomen</strong></span> <span class='ocrx_word' id='word_1_113' title='bbox 1470 2011 1671 2073; x_wconf 91' lang='lat' dir='ltr'><strong>ducis</strong></span> <span class='ocrx_word' id='word_1_114' title='bbox 1706 2011 1897 2092; x_wconf 92' lang='lat' dir='ltr'><strong>quod</strong></span> <span class='ocrx_word' id='word_1_115' title='bbox 1945 2012 2264 2074; x_wconf 88' lang='lat' dir='ltr'><strong>insontes</strong></span> <span class='ocrx_word' id='word_1_116' title='bbox 2295 2010 2597 2092; x_wconf 89' lang='lat' dir='ltr'><strong>culparit</strong></span> <span class='ocrx_word' id='word_1_117' title='bbox 2628 2009 2840 2072; x_wconf 91' lang='lat' dir='ltr'><strong>Sanc-</strong></span> 
     </span>
     <span class='ocr_line' id='line_1_15' title="bbox 224 2113 2844 2200; baseline 0 -23"><span class='ocrx_word' id='word_1_118' title='bbox 224 2118 231 2127; x_wconf 83' lang='lat'>&#39;</span> <span class='ocrx_word' id='word_1_119' title='bbox 308 2114 474 2178; x_wconf 88' lang='lat' dir='ltr'><strong>titati</strong></span> <span class='ocrx_word' id='word_1_120' title='bbox 494 2138 663 2180; x_wconf 88' lang='lat' dir='ltr'><strong>suae</strong></span> <span class='ocrx_word' id='word_1_121' title='bbox 696 2118 1153 2199; x_wconf 88' lang='lat' dir='ltr'><strong>imposuisse;</strong></span> <span class='ocrx_word' id='word_1_122' title='bbox 1204 2118 1782 2200; x_wconf 89' lang='lat' dir='ltr'><strong>quandoquidem</strong></span> <span class='ocrx_word' id='word_1_123' title='bbox 1830 2126 2072 2180; x_wconf 88' lang='lat' dir='ltr'><strong>nostra</strong></span> <span class='ocrx_word' id='word_1_124' title='bbox 2118 2119 2252 2180; x_wconf 93' lang='lat' dir='ltr'><strong>hac</strong></span> <span class='ocrx_word' id='word_1_125' title='bbox 2301 2125 2727 2198; x_wconf 88' lang='lat' dir='ltr'><strong>tempestate</strong></span> <span class='ocrx_word' id='word_1_126' title='bbox 2771 2113 2844 2178; x_wconf 92' lang='lat' dir='ltr'><strong>id</strong></span> 
     </span>
     <span class='ocr_line' id='line_1_16' title="bbox 314 2223 2848 2307; baseline 0 -23"><span class='ocrx_word' id='word_1_127' title='bbox 314 2223 959 2302; x_wconf 89' lang='lat' dir='ltr'><strong>periculosissimum</strong></span> <span class='ocrx_word' id='word_1_128' title='bbox 1025 2237 1097 2288; x_wconf 88' lang='lat' dir='ltr'><strong>et</strong></span> <span class='ocrx_word' id='word_1_129' title='bbox 1162 2223 1537 2288; x_wconf 88' lang='lat' dir='ltr'><strong>Sanctitati</strong></span> <span class='ocrx_word' id='word_1_130' title='bbox 1624 2243 1795 2288; x_wconf 89' lang='lat' dir='ltr'><strong>suae</strong></span> <span class='ocrx_word' id='word_1_131' title='bbox 1870 2224 2432 2307; x_wconf 82' lang='lat' dir='ltr'><strong>indignissimum</strong></span> <span class='ocrx_word' id='word_1_132' title='bbox 2497 2233 2848 2306; x_wconf 80' lang='lat' dir='ltr'><strong>putamuS,</strong></span> 
     </span>
     <span class='ocr_line' id='line_1_17' title="bbox 318 2329 2848 2415; baseline 0 -23"><span class='ocrx_word' id='word_1_133' title='bbox 318 2329 511 2394; x_wconf 87' lang='lat' dir='ltr'><strong>nolim</strong></span> <span class='ocrx_word' id='word_1_134' title='bbox 558 2351 999 2394; x_wconf 87' lang='lat' dir='ltr'><strong>communem</strong></span> <span class='ocrx_word' id='word_1_135' title='bbox 1045 2332 1239 2394; x_wconf 90' lang='lat' dir='ltr'><strong>illam</strong></span> <span class='ocrx_word' id='word_1_136' title='bbox 1286 2332 1675 2395; x_wconf 90' lang='lat' dir='ltr'><strong>communis</strong></span> <span class='ocrx_word' id='word_1_137' title='bbox 1725 2341 2012 2396; x_wconf 90' lang='lat' dir='ltr'><strong>nostrae</strong></span> <span class='ocrx_word' id='word_1_138' title='bbox 2074 2331 2304 2415; x_wconf 90' lang='lat' dir='ltr'><strong>patrie</strong></span> <span class='ocrx_word' id='word_1_139' title='bbox 2375 2331 2848 2394; x_wconf 87' lang='lat' dir='ltr'><strong>calamitatem</strong></span> 
     </span>
     <span class='ocr_line' id='line_1_18' title="bbox 312 2434 2848 2521; baseline 0.001 -24"><span class='ocrx_word' id='word_1_140' title='bbox 312 2434 383 2498; x_wconf 88' lang='lat' dir='ltr'><strong>P.</strong></span> <span class='ocrx_word' id='word_1_141' title='bbox 426 2438 500 2500; x_wconf 84' lang='lat' dir='ltr'><strong>T.</strong></span> <span class='ocrx_word' id='word_1_142' title='bbox 547 2440 771 2501; x_wconf 81' lang='lat' dir='ltr'><strong>latere</strong></span> <span class='ocrx_word' id='word_1_143' title='bbox 828 2440 1019 2520; x_wconf 91' lang='lat' dir='ltr'><strong>quod</strong></span> <span class='ocrx_word' id='word_1_144' title='bbox 1064 2439 1391 2503; x_wconf 89' lang='lat' dir='ltr'><strong>miseriae</strong></span> <span class='ocrx_word' id='word_1_145' title='bbox 1440 2439 1601 2501; x_wconf 91' lang='lat' dir='ltr'><strong>huic</strong></span> <span class='ocrx_word' id='word_1_146' title='bbox 1652 2442 1769 2504; x_wconf 81' lang='lat' dir='ltr'><strong>vel</strong></span> <span class='ocrx_word' id='word_1_147' title='bbox 1825 2439 2048 2502; x_wconf 88' lang='lat' dir='ltr'><strong>errori</strong></span> <span class='ocrx_word' id='word_1_148' title='bbox 2095 2440 2332 2521; x_wconf 87' lang='lat' dir='ltr'><strong>potius</strong></span> <span class='ocrx_word' id='word_1_149' title='bbox 2379 2438 2644 2520; x_wconf 90' lang='lat' dir='ltr'><strong>poterit</strong></span> <span class='ocrx_word' id='word_1_150' title='bbox 2691 2457 2848 2500; x_wconf 89' lang='lat' dir='ltr'><strong>con-</strong></span> 
     </span>
     <span class='ocr_line' id='line_1_19' title="bbox 316 2543 2852 2629; baseline 0.001 -26"><span class='ocrx_word' id='word_1_151' title='bbox 316 2544 545 2608; x_wconf 85' lang='lat' dir='ltr'><strong>sulere.</strong></span> <span class='ocrx_word' id='word_1_152' title='bbox 640 2545 1322 2610; x_wconf 90' lang='lat' dir='ltr'><strong>Periculosissimum</strong></span> <span class='ocrx_word' id='word_1_153' title='bbox 1371 2546 1543 2626; x_wconf 82' lang='lat' dir='ltr'><strong>dixi,</strong></span> <span class='ocrx_word' id='word_1_154' title='bbox 1593 2547 1926 2629; x_wconf 91' lang='lat' dir='ltr'><strong>quoniam</strong></span> <span class='ocrx_word' id='word_1_155' title='bbox 1968 2547 2194 2610; x_wconf 91' lang='lat' dir='ltr'><strong>omnis</strong></span> <span class='ocrx_word' id='word_1_156' title='bbox 2240 2566 2426 2629; x_wconf 91' lang='lat' dir='ltr'><strong>pene</strong></span> <span class='ocrx_word' id='word_1_157' title='bbox 2467 2543 2852 2608; x_wconf 87' lang='lat' dir='ltr'><strong>Germania</strong></span> 
     </span>
     <span class='ocr_line' id='line_1_20' title="bbox 316 2650 2852 2735; baseline 0.001 -25"><span class='ocrx_word' id='word_1_158' title='bbox 316 2651 395 2711; x_wconf 85' lang='lat' dir='ltr'><strong>ad</strong></span> <span class='ocrx_word' id='word_1_159' title='bbox 440 2651 671 2716; x_wconf 87' lang='lat' dir='ltr'><strong>fontes</strong></span> <span class='ocrx_word' id='word_1_160' title='bbox 722 2673 943 2735; x_wconf 90' lang='lat' dir='ltr'><strong>usque</strong></span> <span class='ocrx_word' id='word_1_161' title='bbox 992 2652 1236 2716; x_wconf 90' lang='lat' dir='ltr'><strong>Rheni</strong></span> <span class='ocrx_word' id='word_1_162' title='bbox 1284 2663 1355 2716; x_wconf 92' lang='lat' dir='ltr'><strong>et</strong></span> <span class='ocrx_word' id='word_1_163' title='bbox 1400 2653 1626 2716; x_wconf 88' lang='lat' dir='ltr'><strong>Histri</strong></span> <span class='ocrx_word' id='word_1_164' title='bbox 1675 2654 1890 2716; x_wconf 91' lang='lat' dir='ltr'><strong>etiam</strong></span> <span class='ocrx_word' id='word_1_165' title='bbox 1941 2655 2314 2716; x_wconf 87' lang='lat' dir='ltr'><strong>lutherana</strong></span> <span class='ocrx_word' id='word_1_166' title='bbox 2359 2654 2492 2715; x_wconf 89' lang='lat' dir='ltr'><strong>hac</strong></span> <span class='ocrx_word' id='word_1_167' title='bbox 2539 2650 2852 2714; x_wconf 87' lang='lat' dir='ltr'><strong>factione</strong></span> 
     </span>
     <span class='ocr_line' id='line_1_21' title="bbox 318 2756 2848 2841; baseline 0.001 -24"><span class='ocrx_word' id='word_1_168' title='bbox 318 2768 628 2840; x_wconf 91' lang='lat' dir='ltr'><strong>corrupta</strong></span> <span class='ocrx_word' id='word_1_169' title='bbox 677 2770 803 2826; x_wconf 85' lang='lat' dir='ltr'><strong>est.</strong></span> <span class='ocrx_word' id='word_1_170' title='bbox 900 2757 1073 2823; x_wconf 87' lang='lat' dir='ltr'><strong>Sola</strong></span> <span class='ocrx_word' id='word_1_171' title='bbox 1099 2758 1419 2824; x_wconf 81' lang='lat' dir='ltr'><strong>Saxonia</strong></span> <span class='ocrx_word' id='word_1_172' title='bbox 1451 2760 1779 2834; x_wconf 88' lang='lat' dir='ltr'><strong>fiuctuat;</strong></span> <span class='ocrx_word' id='word_1_173' title='bbox 1832 2759 2054 2824; x_wconf 90' lang='lat' dir='ltr'><strong>maior</strong></span> <span class='ocrx_word' id='word_1_174' title='bbox 2088 2771 2322 2823; x_wconf 89' lang='lat' dir='ltr'><strong>tamen</strong></span> <span class='ocrx_word' id='word_1_175' title='bbox 2352 2780 2520 2841; x_wconf 90' lang='lat' dir='ltr'><strong>pars</strong></span> <span class='ocrx_word' id='word_1_176' title='bbox 2547 2768 2620 2820; x_wconf 90' lang='lat' dir='ltr'><strong>et</strong></span> <span class='ocrx_word' id='word_1_177' title='bbox 2665 2756 2848 2839; x_wconf 88' lang='lat' dir='ltr'><strong>prin-</strong></span> 
     </span>
     <span class='ocr_line' id='line_1_22' title="bbox 318 2862 2848 2949; baseline 0 -24"><span class='ocrx_word' id='word_1_178' title='bbox 318 2862 525 2946; x_wconf 87' lang='lat' dir='ltr'><strong>cipum</strong></span> <span class='ocrx_word' id='word_1_179' title='bbox 574 2874 645 2931; x_wconf 89' lang='lat' dir='ltr'><strong>et</strong></span> <span class='ocrx_word' id='word_1_180' title='bbox 690 2867 925 2949; x_wconf 91' lang='lat' dir='ltr'><strong>plebis</strong></span> <span class='ocrx_word' id='word_1_181' title='bbox 972 2877 1239 2931; x_wconf 88' lang='lat' dir='ltr'><strong>sectam</strong></span> <span class='ocrx_word' id='word_1_182' title='bbox 1288 2868 1483 2932; x_wconf 88' lang='lat' dir='ltr'><strong>illam</strong></span> <span class='ocrx_word' id='word_1_183' title='bbox 1530 2876 1899 2931; x_wconf 88' lang='lat' dir='ltr'><strong>aversatur</strong></span> <span class='ocrx_word' id='word_1_184' title='bbox 1948 2877 2017 2931; x_wconf 92' lang='lat' dir='ltr'><strong>et</strong></span> <span class='ocrx_word' id='word_1_185' title='bbox 2065 2866 2358 2949; x_wconf 90' lang='lat' dir='ltr'><strong>spernit,</strong></span> <span class='ocrx_word' id='word_1_186' title='bbox 2408 2865 2586 2946; x_wconf 91' lang='lat' dir='ltr'><strong>im0,</strong></span> <span class='ocrx_word' id='word_1_187' title='bbox 2658 2863 2848 2947; x_wconf 92' lang='lat' dir='ltr'><strong>quod</strong></span> 
     </span>
     <span class='ocr_line' id='line_1_23' title="bbox 318 2973 2854 3056; baseline 0.001 -25"><span class='ocrx_word' id='word_1_188' title='bbox 318 2973 645 3038; x_wconf 88' lang='lat' dir='ltr'><strong>rarissime</strong></span> <span class='ocrx_word' id='word_1_189' title='bbox 692 2976 883 3056; x_wconf 89' lang='lat' dir='ltr'><strong>apud</strong></span> <span class='ocrx_word' id='word_1_190' title='bbox 932 2976 1109 3038; x_wconf 86' lang='lat' dir='ltr'><strong>alios</strong></span> <span class='ocrx_word' id='word_1_191' title='bbox 1152 2974 1549 3039; x_wconf 88' lang='lat' dir='ltr'><strong>Germanos</strong></span> <span class='ocrx_word' id='word_1_192' title='bbox 1597 2976 1911 3038; x_wconf 89' lang='lat' dir='ltr'><strong>auditum</strong></span> <span class='ocrx_word' id='word_1_193' title='bbox 1961 2985 2088 3055; x_wconf 90' lang='lat' dir='ltr'><strong>est,</strong></span> <span class='ocrx_word' id='word_1_194' title='bbox 2137 2978 2394 3038; x_wconf 89' lang='lat' dir='ltr'><strong>multos</strong></span> <span class='ocrx_word' id='word_1_195' title='bbox 2441 2975 2854 3035; x_wconf 88' lang='lat' dir='ltr'><strong>lutheranos</strong></span> 
     </span>
     <span class='ocr_line' id='line_1_24' title="bbox 322 3080 2855 3163; baseline 0 -23"><span class='ocrx_word' id='word_1_196' title='bbox 322 3080 403 3140; x_wconf 92' lang='lat' dir='ltr'><strong>ob</strong></span> <span class='ocrx_word' id='word_1_197' title='bbox 446 3080 641 3145; x_wconf 88' lang='lat' dir='ltr'><strong>istam</strong></span> <span class='ocrx_word' id='word_1_198' title='bbox 692 3082 1055 3146; x_wconf 89' lang='lat' dir='ltr'><strong>vesaniam</strong></span> <span class='ocrx_word' id='word_1_199' title='bbox 1105 3084 1431 3147; x_wconf 90' lang='lat' dir='ltr'><strong>omnibus</strong></span> <span class='ocrx_word' id='word_1_200' title='bbox 1467 3083 1798 3146; x_wconf 87' lang='lat' dir='ltr'><strong>fortunae</strong></span> <span class='ocrx_word' id='word_1_201' title='bbox 1829 3082 2036 3145; x_wconf 91' lang='lat' dir='ltr'><strong>bonis</strong></span> <span class='ocrx_word' id='word_1_202' title='bbox 2069 3081 2424 3163; x_wconf 86' lang='lat' dir='ltr'><strong>spoliavit,</strong></span> <span class='ocrx_word' id='word_1_203' title='bbox 2471 3082 2855 3161; x_wconf 90' lang='lat' dir='ltr'><strong>plerosque</strong></span> 
     </span>
     <span class='ocr_line' id='line_1_25' title="bbox 325 3185 2853 3271; baseline 0 -24"><span class='ocrx_word' id='word_1_204' title='bbox 325 3188 515 3252; x_wconf 84' lang='lat' dir='ltr'><strong>exilio</strong></span> <span class='ocrx_word' id='word_1_205' title='bbox 564 3198 635 3253; x_wconf 90' lang='lat' dir='ltr'><strong>et</strong></span> <span class='ocrx_word' id='word_1_206' title='bbox 683 3210 971 3253; x_wconf 89' lang='lat' dir='ltr'><strong>carcere</strong></span> <span class='ocrx_word' id='word_1_207' title='bbox 1019 3191 1406 3254; x_wconf 85' lang='lat' dir='ltr'><strong>mulctavit.</strong></span> <span class='ocrx_word' id='word_1_208' title='bbox 1524 3192 1912 3271; x_wconf 88' lang='lat' dir='ltr'><strong>Postquam</strong></span> <span class='ocrx_word' id='word_1_209' title='bbox 1961 3197 2193 3251; x_wconf 87' lang='lat' dir='ltr'><strong>autem</strong></span> <span class='ocrx_word' id='word_1_210' title='bbox 2240 3186 2551 3250; x_wconf 87' lang='lat' dir='ltr'><strong>viderint</strong></span> <span class='ocrx_word' id='word_1_211' title='bbox 2609 3206 2686 3249; x_wconf 90' lang='lat' dir='ltr'><strong>se</strong></span> <span class='ocrx_word' id='word_1_212' title='bbox 2754 3185 2853 3248; x_wconf 87' lang='lat' dir='ltr'><strong>in-</strong></span> 
     </span>
     <span class='ocr_line' id='line_1_26' title="bbox 322 3290 2854 3380; baseline -0 -26"><span class='ocrx_word' id='word_1_213' title='bbox 322 3304 535 3358; x_wconf 89' lang='lat' dir='ltr'><strong>sontes</strong></span> <span class='ocrx_word' id='word_1_214' title='bbox 578 3308 795 3378; x_wconf 88' lang='lat' dir='ltr'><strong>atque</strong></span> <span class='ocrx_word' id='word_1_215' title='bbox 841 3300 1114 3379; x_wconf 91' lang='lat' dir='ltr'><strong>absque</strong></span> <span class='ocrx_word' id='word_1_216' title='bbox 1162 3300 1375 3380; x_wconf 89' lang='lat' dir='ltr'><strong>eulpa</strong></span> <span class='ocrx_word' id='word_1_217' title='bbox 1422 3296 1763 3377; x_wconf 88' lang='lat' dir='ltr'><strong>damnari,</strong></span> <span class='ocrx_word' id='word_1_218' title='bbox 1790 3307 2086 3379; x_wconf 88' lang='lat' dir='ltr'><strong>possent</strong></span> <span class='ocrx_word' id='word_1_219' title='bbox 2116 3294 2327 3357; x_wconf 92' lang='lat' dir='ltr'><strong>etiam</strong></span> <span class='ocrx_word' id='word_1_220' title='bbox 2359 3302 2608 3357; x_wconf 89' lang='lat' dir='ltr'><strong>contra</strong></span> <span class='ocrx_word' id='word_1_221' title='bbox 2640 3290 2854 3356; x_wconf 90' lang='lat' dir='ltr'><strong>animi</strong></span> 
     </span>
     <span class='ocr_line' id='line_1_27' title="bbox 323 3400 2856 3468; baseline 0 -8"><span class='ocrx_word' id='word_1_222' title='bbox 323 3404 715 3467; x_wconf 86' lang='lat' dir='ltr'><strong>sententiam</strong></span> <span class='ocrx_word' id='word_1_223' title='bbox 775 3405 1012 3468; x_wconf 91' lang='lat' dir='ltr'><strong>obruti</strong></span> <span class='ocrx_word' id='word_1_224' title='bbox 1075 3404 1475 3467; x_wconf 87' lang='lat' dir='ltr'><strong>adfectibus</strong></span> <span class='ocrx_word' id='word_1_225' title='bbox 1542 3426 1584 3467; x_wconf 92' lang='lat' dir='ltr'><strong>a</strong></span> <span class='ocrx_word' id='word_1_226' title='bbox 1648 3414 1848 3467; x_wconf 89' lang='lat' dir='ltr'><strong>recto</strong></span> <span class='ocrx_word' id='word_1_227' title='bbox 1910 3402 2190 3465; x_wconf 89' lang='lat' dir='ltr'><strong>tramite</strong></span> <span class='ocrx_word' id='word_1_228' title='bbox 2253 3400 2471 3464; x_wconf 88' lang='lat' dir='ltr'><strong>dilabi</strong></span> <span class='ocrx_word' id='word_1_229' title='bbox 2535 3410 2606 3463; x_wconf 90' lang='lat' dir='ltr'><strong>et</strong></span> <span class='ocrx_word' id='word_1_230' title='bbox 2669 3400 2856 3461; x_wconf 88' lang='lat' dir='ltr'><strong>iusta</strong></span> 
     </span>
     <span class='ocr_line' id='line_1_28' title="bbox 324 3503 2853 3594; baseline 0.001 -27"><span class='ocrx_word' id='word_1_231' title='bbox 324 3503 417 3568; x_wconf 89' lang='lat' dir='ltr'><strong>ira</strong></span> <span class='ocrx_word' id='word_1_232' title='bbox 456 3510 824 3594; x_wconf 90' lang='lat' dir='ltr'><strong>complecti</strong></span> <span class='ocrx_word' id='word_1_233' title='bbox 885 3511 956 3573; x_wconf 92' lang='lat' dir='ltr'><strong>id</strong></span> <span class='ocrx_word' id='word_1_234' title='bbox 1019 3514 1211 3593; x_wconf 91' lang='lat' dir='ltr'><strong>quod</strong></span> <span class='ocrx_word' id='word_1_235' title='bbox 1282 3522 1679 3594; x_wconf 89' lang='lat' dir='ltr'><strong>temporum</strong></span> <span class='ocrx_word' id='word_1_236' title='bbox 1734 3510 2071 3592; x_wconf 86' lang='lat' dir='ltr'><strong>iniquitas</strong></span> <span class='ocrx_word' id='word_1_237' title='bbox 2134 3518 2207 3573; x_wconf 90' lang='lat' dir='ltr'><strong>et</strong></span> <span class='ocrx_word' id='word_1_238' title='bbox 2263 3506 2646 3571; x_wconf 88' lang='lat' dir='ltr'><strong>licenciosa</strong></span> <span class='ocrx_word' id='word_1_239' title='bbox 2702 3528 2853 3569; x_wconf 89' lang='lat' dir='ltr'><strong>sua·</strong></span> 
     </span>
     <span class='ocr_line' id='line_1_29' title="bbox 326 3614 2854 3702; baseline 0 -27"><span class='ocrx_word' id='word_1_240' title='bbox 326 3614 501 3679; x_wconf 87' lang='lat' dir='ltr'><strong>deret</strong></span> <span class='ocrx_word' id='word_1_241' title='bbox 542 3618 857 3681; x_wconf 80' lang='lat' dir='ltr'><strong>libertas,</strong></span> <span class='ocrx_word' id='word_1_242' title='bbox 951 3618 1100 3681; x_wconf 91' lang='lat' dir='ltr'><strong>Nec</strong></span> <span class='ocrx_word' id='word_1_243' title='bbox 1151 3639 1323 3702; x_wconf 84' lang='lat' dir='ltr'><strong>egre</strong></span> <span class='ocrx_word' id='word_1_244' title='bbox 1372 3619 1560 3682; x_wconf 89' lang='lat' dir='ltr'><strong>ferat</strong></span> <span class='ocrx_word' id='word_1_245' title='bbox 1607 3621 1930 3682; x_wconf 93' lang='lat' dir='ltr'><strong>obsecro.</strong></span> <span class='ocrx_word' id='word_1_246' title='bbox 1981 3618 2060 3679; x_wconf 91' lang='lat' dir='ltr'><strong>P.</strong></span> <span class='ocrx_word' id='word_1_247' title='bbox 2094 3617 2174 3680; x_wconf 88' lang='lat' dir='ltr'><strong>T.</strong></span> <span class='ocrx_word' id='word_1_248' title='bbox 2226 3617 2505 3697; x_wconf 89' lang='lat' dir='ltr'><strong>ineptas</strong></span> <span class='ocrx_word' id='word_1_249' title='bbox 2555 3622 2854 3690; x_wconf 76' lang='lat' dir='ltr'><strong>nostraS,</strong></span> 
     </span>
     <span class='ocr_line' id='line_1_30' title="bbox 328 3721 2856 3807; baseline 0 -26"><span class='ocrx_word' id='word_1_250' title='bbox 328 3740 465 3785; x_wconf 89' lang='lat' dir='ltr'><strong>nam</strong></span> <span class='ocrx_word' id='word_1_251' title='bbox 509 3722 577 3789; x_wconf 89' lang='lat' dir='ltr'><strong>S.</strong></span> <span class='ocrx_word' id='word_1_252' title='bbox 606 3727 695 3788; x_wconf 93' lang='lat' dir='ltr'><strong>D.</strong></span> <span class='ocrx_word' id='word_1_253' title='bbox 730 3724 819 3791; x_wconf 92' lang='lat' dir='ltr'><strong>N.</strong></span> <span class='ocrx_word' id='word_1_254' title='bbox 854 3736 926 3788; x_wconf 90' lang='lat' dir='ltr'><strong>et</strong></span> <span class='ocrx_word' id='word_1_255' title='bbox 959 3726 1213 3789; x_wconf 89' lang='lat' dir='ltr'><strong>Curiae</strong></span> <span class='ocrx_word' id='word_1_256' title='bbox 1248 3726 1627 3789; x_wconf 88' lang='lat' dir='ltr'><strong>Romanae</strong></span> <span class='ocrx_word' id='word_1_257' title='bbox 1674 3725 2058 3807; x_wconf 90' lang='lat' dir='ltr'><strong>precipuus</strong></span> <span class='ocrx_word' id='word_1_258' title='bbox 2103 3743 2302 3785; x_wconf 88' lang='lat' dir='ltr'><strong>amor</strong></span> <span class='ocrx_word' id='word_1_259' title='bbox 2323 3721 2856 3803; x_wconf 89' lang='lat' dir='ltr'><strong>periculumque</strong></span> 
     </span>
     <span class='ocr_line' id='line_1_31' title="bbox 328 3830 2856 3913; baseline 0 -24"><span class='ocrx_word' id='word_1_260' title='bbox 328 3830 527 3906; x_wconf 88' lang='lat' dir='ltr'><strong>patrie</strong></span> <span class='ocrx_word' id='word_1_261' title='bbox 571 3852 807 3895; x_wconf 91' lang='lat' dir='ltr'><strong>meror</strong></span> <span class='ocrx_word' id='word_1_262' title='bbox 856 3841 926 3894; x_wconf 89' lang='lat' dir='ltr'><strong>et</strong></span> <span class='ocrx_word' id='word_1_263' title='bbox 984 3831 1383 3913; x_wconf 87' lang='lat' dir='ltr'><strong>indignatio</strong></span> <span class='ocrx_word' id='word_1_264' title='bbox 1447 3854 1559 3895; x_wconf 91' lang='lat' dir='ltr'><strong>me</strong></span> <span class='ocrx_word' id='word_1_265' title='bbox 1626 3832 1838 3895; x_wconf 90' lang='lat' dir='ltr'><strong>silere</strong></span> <span class='ocrx_word' id='word_1_266' title='bbox 1895 3851 2039 3893; x_wconf 92' lang='lat' dir='ltr'><strong>non</strong></span> <span class='ocrx_word' id='word_1_267' title='bbox 2106 3830 2382 3897; x_wconf 87' lang='lat' dir='ltr'><strong>sinunt,</strong></span> <span class='ocrx_word' id='word_1_268' title='bbox 2448 3838 2856 3909; x_wconf 86' lang='lat' dir='ltr'><strong>coguntque</strong></span> 
     </span>
     <span class='ocr_line' id='line_1_32' title="bbox 332 3936 2855 4020; baseline -0.002 -22"><span class='ocrx_word' id='word_1_269' title='bbox 332 3954 421 3997; x_wconf 84' lang='lat' dir='ltr'><strong>me</strong></span> <span class='ocrx_word' id='word_1_270' title='bbox 462 3958 603 4001; x_wconf 88' lang='lat' dir='ltr'><strong>rem</strong></span> <span class='ocrx_word' id='word_1_271' title='bbox 650 3936 1085 4002; x_wconf 84' lang='lat' dir='ltr'><strong>Saxonicam</strong></span> <span class='ocrx_word' id='word_1_272' title='bbox 1133 3941 1342 4002; x_wconf 92' lang='lat' dir='ltr'><strong>altius</strong></span> <span class='ocrx_word' id='word_1_273' title='bbox 1412 3950 1760 4020; x_wconf 88' lang='lat' dir='ltr'><strong>repetere.</strong></span> <span class='ocrx_word' id='word_1_274' title='bbox 1879 3938 2277 4000; x_wconf 86' lang='lat' dir='ltr'><strong>Damnetur</strong></span> <span class='ocrx_word' id='word_1_275' title='bbox 2333 3936 2504 3998; x_wconf 89' lang='lat' dir='ltr'><strong>licet</strong></span> <span class='ocrx_word' id='word_1_276' title='bbox 2564 3936 2855 4016; x_wconf 89' lang='lat' dir='ltr'><strong>regulus</strong></span> 
     </span>
     <span class='ocr_line' id='line_1_33' title="bbox 334 4039 2855 4127; baseline 0.002 -28"><span class='ocrx_word' id='word_1_277' title='bbox 334 4039 433 4105; x_wconf 88' lang='lat' dir='ltr'><strong>ille</strong></span> <span class='ocrx_word' id='word_1_278' title='bbox 476 4042 784 4109; x_wconf 80' lang='lat' dir='ltr'><strong>Saxonie</strong></span> <span class='ocrx_word' id='word_1_279' title='bbox 834 4054 905 4107; x_wconf 92' lang='lat' dir='ltr'><strong>et</strong></span> <span class='ocrx_word' id='word_1_280' title='bbox 954 4066 1198 4108; x_wconf 83' lang='lat' dir='ltr'><strong>omnes</strong></span> <span class='ocrx_word' id='word_1_281' title='bbox 1247 4045 1365 4127; x_wconf 92' lang='lat' dir='ltr'><strong>qui</strong></span> <span class='ocrx_word' id='word_1_282' title='bbox 1413 4044 1709 4107; x_wconf 84' lang='lat' dir='ltr'><strong>factioni</strong></span> <span class='ocrx_word' id='word_1_283' title='bbox 1756 4043 1918 4106; x_wconf 91' lang='lat' dir='ltr'><strong>huic</strong></span> <span class='ocrx_word' id='word_1_284' title='bbox 1955 4043 2496 4125; x_wconf 90' lang='lat' dir='ltr'><strong>adstipulantur,</strong></span> <span class='ocrx_word' id='word_1_285' title='bbox 2545 4050 2855 4104; x_wconf 89' lang='lat' dir='ltr'><strong>attamen</strong></span> 
     </span>
     <span class='ocr_line' id='line_1_34' title="bbox 333 4142 2856 4235; baseline -0.001 -24"><span class='ocrx_word' id='word_1_286' title='bbox 333 4142 663 4216; x_wconf 85' lang='lat' dir='ltr'><strong>Saxonum</strong></span> <span class='ocrx_word' id='word_1_287' title='bbox 712 4154 1055 4235; x_wconf 90' lang='lat' dir='ltr'><strong>populum</strong></span> <span class='ocrx_word' id='word_1_288' title='bbox 1105 4153 1224 4234; x_wconf 91' lang='lat' dir='ltr'><strong>qui</strong></span> <span class='ocrx_word' id='word_1_289' title='bbox 1274 4172 1407 4215; x_wconf 89' lang='lat' dir='ltr'><strong>nec</strong></span> <span class='ocrx_word' id='word_1_290' title='bbox 1456 4150 1820 4234; x_wconf 88' lang='lat' dir='ltr'><strong>quippiam</strong></span> <span class='ocrx_word' id='word_1_291' title='bbox 1869 4170 2028 4213; x_wconf 89' lang='lat' dir='ltr'><strong>cum</strong></span> <span class='ocrx_word' id='word_1_292' title='bbox 2065 4151 2188 4212; x_wconf 91' lang='lat' dir='ltr'><strong>illo</strong></span> <span class='ocrx_word' id='word_1_293' title='bbox 2221 4148 2662 4230; x_wconf 88' lang='lat' dir='ltr'><strong>subditisque</strong></span> <span class='ocrx_word' id='word_1_294' title='bbox 2711 4146 2856 4209; x_wconf 92' lang='lat' dir='ltr'><strong>suis</strong></span> 
     </span>
     <span class='ocr_line' id='line_1_35' title="bbox 333 4256 2854 4339; baseline 0 -23"><span class='ocrx_word' id='word_1_295' title='bbox 333 4259 686 4322; x_wconf 87' lang='lat' dir='ltr'><strong>commertii</strong></span> <span class='ocrx_word' id='word_1_296' title='bbox 734 4260 955 4323; x_wconf 88' lang='lat' dir='ltr'><strong>habet</strong></span> <span class='ocrx_word' id='word_1_297' title='bbox 1002 4260 1211 4322; x_wconf 87' lang='lat' dir='ltr'><strong>detur</strong></span> <span class='ocrx_word' id='word_1_298' title='bbox 1256 4258 1469 4323; x_wconf 88' lang='lat' dir='ltr'><strong>venia</strong></span> <span class='ocrx_word' id='word_1_299' title='bbox 1517 4266 1879 4339; x_wconf 81' lang='lat' dir='ltr'><strong>oporteat3</strong></span> <span class='ocrx_word' id='word_1_300' title='bbox 1947 4256 2066 4338; x_wconf 92' lang='lat' dir='ltr'><strong>qui</strong></span> <span class='ocrx_word' id='word_1_301' title='bbox 2131 4257 2446 4319; x_wconf 89' lang='lat' dir='ltr'><strong>insontes</strong></span> <span class='ocrx_word' id='word_1_302' title='bbox 2507 4264 2672 4317; x_wconf 88' lang='lat' dir='ltr'><strong>sunt</strong></span> <span class='ocrx_word' id='word_1_303' title='bbox 2717 4274 2854 4317; x_wconf 90' lang='lat' dir='ltr'><strong>ma·</strong></span> 
     </span>
     <span class='ocr_line' id='line_1_36' title="bbox 335 4361 2858 4444; baseline -0.001 -19"><span class='ocrx_word' id='word_1_304' title='bbox 335 4378 517 4427; x_wconf 86' lang='lat' dir='ltr'><strong>neant</strong></span> <span class='ocrx_word' id='word_1_305' title='bbox 560 4365 788 4429; x_wconf 81' lang='lat' dir='ltr'><strong>illaesi</strong></span> <span class='ocrx_word' id='word_1_306' title='bbox 838 4376 909 4429; x_wconf 90' lang='lat' dir='ltr'><strong>et</strong></span> <span class='ocrx_word' id='word_1_307' title='bbox 956 4368 1050 4429; x_wconf 91' lang='lat' dir='ltr'><strong>ab</strong></span> <span class='ocrx_word' id='word_1_308' title='bbox 1096 4366 1389 4429; x_wconf 83' lang='lat' dir='ltr'><strong>infamia</strong></span> <span class='ocrx_word' id='word_1_309' title='bbox 1434 4366 1559 4428; x_wconf 89' lang='lat' dir='ltr'><strong>illa</strong></span> <span class='ocrx_word' id='word_1_310' title='bbox 1604 4366 1966 4427; x_wconf 81' lang='lat' dir='ltr'><strong>immuneS.</strong></span> <span class='ocrx_word' id='word_1_311' title='bbox 2065 4364 2452 4426; x_wconf 88' lang='lat' dir='ltr'><strong>Praeterea</strong></span> <span class='ocrx_word' id='word_1_312' title='bbox 2497 4361 2858 4444; x_wconf 91' lang='lat' dir='ltr'><strong>principes</strong></span> 
     </span>
     <span class='ocr_line' id='line_1_37' title="bbox 335 4464 2856 4555; baseline 0.002 -30"><span class='ocrx_word' id='word_1_313' title='bbox 335 4464 415 4531; x_wconf 86' lang='lat' dir='ltr'><strong>illi</strong></span> <span class='ocrx_word' id='word_1_314' title='bbox 435 4470 701 4537; x_wconf 85' lang='lat' dir='ltr'><strong>Misnae</strong></span> <span class='ocrx_word' id='word_1_315' title='bbox 728 4482 801 4537; x_wconf 90' lang='lat' dir='ltr'><strong>et</strong></span> <span class='ocrx_word' id='word_1_316' title='bbox 820 4472 1257 4555; x_wconf 73' lang='lat' dir='ltr'><strong>&#39;l&#39;hyringiae</strong></span> <span class='ocrx_word' id='word_1_317' title='bbox 1284 4472 1459 4535; x_wconf 89' lang='lat' dir='ltr'><strong>alias</strong></span> <span class='ocrx_word' id='word_1_318' title='bbox 1484 4470 1940 4537; x_wconf 89' lang='lat' dir='ltr'><strong>illustrissimi</strong></span> <span class='ocrx_word' id='word_1_319' title='bbox 1953 4469 2124 4532; x_wconf 89' lang='lat' dir='ltr'><strong>nihil</strong></span> <span class='ocrx_word' id='word_1_320' title='bbox 2147 4468 2519 4551; x_wconf 88' lang='lat' dir='ltr'><strong>possident</strong></span> <span class='ocrx_word' id='word_1_321' title='bbox 2536 4469 2606 4531; x_wconf 93' lang='lat' dir='ltr'><strong>in</strong></span> <span class='ocrx_word' id='word_1_322' title='bbox 2635 4466 2856 4531; x_wconf 82' lang='lat' dir='ltr'><strong>Saxo-</strong></span> 
     </span>
     <span class='ocr_line' id='line_1_38' title="bbox 336 4572 2862 4661; baseline -0 -22"><span class='ocrx_word' id='word_1_323' title='bbox 336 4572 429 4639; x_wconf 83' lang='lat' dir='ltr'><strong>nia</strong></span> <span class='ocrx_word' id='word_1_324' title='bbox 452 4590 731 4660; x_wconf 88' lang='lat' dir='ltr'><strong>praeter</strong></span> <span class='ocrx_word' id='word_1_325' title='bbox 760 4600 961 4643; x_wconf 87' lang='lat' dir='ltr'><strong>arces</strong></span> <span class='ocrx_word' id='word_1_326' title='bbox 996 4582 1336 4661; x_wconf 88' lang='lat' dir='ltr'><strong>quasdam</strong></span> <span class='ocrx_word' id='word_1_327' title='bbox 1386 4591 1457 4643; x_wconf 90' lang='lat' dir='ltr'><strong>et</strong></span> <span class='ocrx_word' id='word_1_328' title='bbox 1487 4580 1755 4661; x_wconf 91' lang='lat' dir='ltr'><strong>oppida</strong></span> <span class='ocrx_word' id='word_1_329' title='bbox 1784 4580 1925 4641; x_wconf 92' lang='lat' dir='ltr'><strong>duo</strong></span> <span class='ocrx_word' id='word_1_330' title='bbox 1957 4576 2559 4657; x_wconf 88' lang='lat' dir='ltr'><strong>Wittembergum</strong></span> <span class='ocrx_word' id='word_1_331' title='bbox 2589 4575 2862 4639; x_wconf 89' lang='lat' dir='ltr'><strong>scilicet</strong></span> 
     </span>
     <span class='ocr_line' id='line_1_39' title="bbox 338 4682 2859 4769; baseline -0.001 -22"><span class='ocrx_word' id='word_1_332' title='bbox 338 4690 394 4742; x_wconf 80' lang='lat' dir='ltr'><strong>et</strong></span> <span class='ocrx_word' id='word_1_333' title='bbox 432 4682 927 4767; x_wconf 88' lang='lat' dir='ltr'><strong>Oeckbergum</strong></span> <span class='ocrx_word' id='word_1_334' title='bbox 974 4706 1159 4768; x_wconf 88' lang='lat' dir='ltr'><strong>quae</strong></span> <span class='ocrx_word' id='word_1_335' title='bbox 1208 4696 1450 4749; x_wconf 88' lang='lat' dir='ltr'><strong>tantae</strong></span> <span class='ocrx_word' id='word_1_336' title='bbox 1495 4705 1725 4769; x_wconf 90' lang='lat' dir='ltr'><strong>prope</strong></span> <span class='ocrx_word' id='word_1_337' title='bbox 1776 4694 1940 4749; x_wconf 89' lang='lat' dir='ltr'><strong>sunt</strong></span> <span class='ocrx_word' id='word_1_338' title='bbox 1991 4682 2278 4746; x_wconf 90' lang='lat' dir='ltr'><strong>ditionis</strong></span> <span class='ocrx_word' id='word_1_339' title='bbox 2313 4692 2620 4765; x_wconf 89' lang='lat' dir='ltr'><strong>quantae</strong></span> <span class='ocrx_word' id='word_1_340' title='bbox 2667 4684 2859 4764; x_wconf 91' lang='lat' dir='ltr'><strong>apud</strong></span> 
     </span>
     <span class='ocr_line' id='line_1_40' title="bbox 338 4782 2858 4875; baseline 0 -24"><span class='ocrx_word' id='word_1_341' title='bbox 338 4782 521 4855; x_wconf 87' lang='lat' dir='ltr'><strong>Italos</strong></span> <span class='ocrx_word' id='word_1_342' title='bbox 585 4791 923 4857; x_wconf 87' lang='lat' dir='ltr'><strong>Sutrinae</strong></span> <span class='ocrx_word' id='word_1_343' title='bbox 988 4803 1061 4857; x_wconf 92' lang='lat' dir='ltr'><strong>et</strong></span> <span class='ocrx_word' id='word_1_344' title='bbox 1130 4792 1507 4875; x_wconf 75' lang='lat' dir='ltr'><strong>NepentiS,</strong></span> <span class='ocrx_word' id='word_1_345' title='bbox 1586 4813 1769 4874; x_wconf 87' lang='lat' dir='ltr'><strong>quae</strong></span> <span class='ocrx_word' id='word_1_346' title='bbox 1829 4812 1964 4855; x_wconf 88' lang='lat' dir='ltr'><strong>avo</strong></span> <span class='ocrx_word' id='word_1_347' title='bbox 2031 4810 2272 4853; x_wconf 92' lang='lat' dir='ltr'><strong>eorum</strong></span> <span class='ocrx_word' id='word_1_348' title='bbox 2340 4790 2490 4854; x_wconf 91' lang='lat' dir='ltr'><strong>eius</strong></span> <span class='ocrx_word' id='word_1_349' title='bbox 2560 4790 2858 4853; x_wconf 90' lang='lat' dir='ltr'><strong>nominis</strong></span> 
     </span>
     <span class='ocr_line' id='line_1_41' title="bbox 344 4890 2858 4983; baseline 0 -25"><span class='ocrx_word' id='word_1_350' title='bbox 344 4890 661 4965; x_wconf 88' lang='lat' dir='ltr'><strong>Friderico</strong></span> <span class='ocrx_word' id='word_1_351' title='bbox 689 4901 783 4963; x_wconf 88' lang='lat' dir='ltr'><strong>fe.</strong></span> <span class='ocrx_word' id='word_1_352' title='bbox 808 4922 907 4963; x_wconf 86' lang='lat' dir='ltr'><strong>re.</strong></span> <span class='ocrx_word' id='word_1_353' title='bbox 966 4897 1463 4983; x_wconf 89' lang='lat' dir='ltr'><strong>Sigismundus</strong></span> <span class='ocrx_word' id='word_1_354' title='bbox 1491 4900 1887 4981; x_wconf 89' lang='lat' dir='ltr'><strong>Imperator</strong></span> <span class='ocrx_word' id='word_1_355' title='bbox 1916 4918 2074 4961; x_wconf 91' lang='lat' dir='ltr'><strong>cum</strong></span> <span class='ocrx_word' id='word_1_356' title='bbox 2109 4897 2311 4961; x_wconf 89' lang='lat' dir='ltr'><strong>titulo</strong></span> <span class='ocrx_word' id='word_1_357' title='bbox 2341 4898 2464 4962; x_wconf 92' lang='lat' dir='ltr'><strong>illo</strong></span> <span class='ocrx_word' id='word_1_358' title='bbox 2499 4896 2858 4962; x_wconf 80' lang='lat' dir='ltr'><strong>Saxonico</strong></span> 
     </span>
    </p>
   </div>
  </div>
 </body>
</html>
