3575 5775
1541 579 2037 641 0-43475554

500 728 816 798 millibus
865 730 1127 816 stipato
1176 730 1395 796 millia
1444 733 1787 796 adversus
1850 733 2228 816 sexaginta
2286 743 2357 797 et
2418 728 2716 816 amplius
2777 727 3067 800 fortissi-

504 863 777 906 morum
825 844 1249 906 bellatorum
1298 852 1520 904 semet
1566 841 2014 923 patriumque
2063 843 2288 904 solum
2336 840 2870 904 defendentium
2903 847 3072 905 mul·

502 959 621 1012 tos
667 949 835 1012 item
880 969 1162 1012 menses
1210 950 1469 1010 nedum
1526 948 1661 1010 sibi
1724 948 2123 1010 caventium
2183 958 2254 1011 at
2317 948 2386 1011 in
2451 949 2723 1012 alienas
2790 971 3072 1032 quoque

502 1059 765 1120 caedes
790 1056 1267 1119 accinctorum
1315 1055 1533 1137 idque
1581 1054 2023 1119 ferocissima
2072 1054 2140 1118 in
2191 1055 2433 1138 gente,
2482 1060 2682 1119 caelo
2732 1057 3074 1121 demissas

504 1163 862 1241 victoriaS,
909 1162 1255 1244 truncatis
1302 1183 1545 1225 eorum
1594 1162 1886 1243 triginta
1936 1162 2264 1243 millibus,
2325 1163 2617 1244 reliquis
2666 1175 2788 1228 aut
2833 1167 3074 1228 vulne-

506 1272 685 1334 ratis
712 1281 833 1334 aut
851 1269 1047 1350 fusis,
1074 1269 1535 1333 meditabunt.
1572 1270 1731 1350 Ego
1758 1290 1930 1332 vero
1959 1270 2040 1333 Β.
2063 1275 2138 1334 Ρ,
2169 1269 2344 1334 S.V.
2370 1290 2550 1351 quae
2569 1291 2913 1352 praesens
2928 1272 3074 1334 vidi

506 1399 599 1440 ea
623 1379 888 1450 scribo;
940 1377 1266 1459 equidem
1296 1378 1492 1440 multi
1543 1375 1854 1440 clericali
1903 1379 2314 1440 charactere
2361 1376 2682 1460 insigniti
2728 1379 3076 1460 pugnanti

502 1485 815 1566 principi
864 1484 1315 1565 assidebant,
1363 1485 1620 1566 quibus
1668 1485 1858 1566 quod
1905 1483 2147 1546 forsan
2197 1483 2336 1546 illis
2385 1504 2542 1546 curn
2591 1485 2888 1566 perditis
2937 1507 3073 1549 ma-

503 1613 675 1654 num
722 1591 1164 1656 conseruisse
1213 1591 1352 1653 dici
1402 1612 1531 1654 nec
1579 1593 1669 1654 ab
1718 1612 1798 1654 re
1854 1603 2171 1672 possent,
2220 1600 2471 1672 ageret
2533 1589 2608 1655 S.
2658 1593 2745 1655 V.
2793 1593 3074 1676 pientis-

506 1700 758 1762 simum
818 1698 1213 1782 principem
1278 1700 1390 1761 vel
1464 1697 1765 1778 simplici
1841 1701 1960 1760 vel
2030 1710 2276 1778 cauta,
2354 1699 2503 1762 sive
2571 1701 3076 1782 declaratione,

506 1807 666 1869 sive
714 1807 1190 1884 absolutione,
1252 1805 1404 1868 sive
1464 1806 1603 1868 alia
1651 1807 1952 1885 medela,
2001 1805 2322 1869 demissis
2369 1806 2622 1870 isthinc
2685 1809 2774 1870 ad
2823 1828 2954 1871 nos
3001 1805 3074 1870 S.

510 1913 602 1976 V.
650 1913 904 1976 litteris
952 1933 1161 1994 opem
1210 1912 1313 1976 eis
1359 1911 1570 1978 ferre.
1666 1913 1930 1976 Vestra
1977 1913 2192 1995 igitur
2239 1911 2313 1978 S.
2363 1915 2444 1976 Β.
2498 1915 2576 1976 Ρ.
2621 1915 3074 1995 quamhumil-

504 2021 674 2083 lime
723 2041 1011 2103 possum
1059 2030 1358 2083 exorata
1404 2020 1618 2082 velim
1667 2041 1862 2083 meas
1909 2023 2123 2083 hasce
2196 2021 2471 2083 litteras
2533 2021 2702 2083 boni
2752 2025 3078 2084 consulat

512 2148 642 2190 seu
692 2129 973 2206 habeat,
1036 2127 1347 2209 mihique
1411 2127 1760 2208 sanguine
1818 2127 2268 2190 'coniunctam
2318 2127 2801 2210 Margaretam
2851 2151 2892 2191 a
2941 2129 3076 2192 Ha-

504 2236 836 2299 raucuria
882 2235 953 2298 in
982 2235 1399 2297 Monasterii
1433 2234 1994 2298 Romariciensis
2025 2235 2482 2316 expeditione
2517 2239 3078 2300 commendatam

510 2343 724 2406 etiam
786 2344 1073 2423 habeat,
1132 2352 1201 2404 et
1250 2362 1361 2404 me
1424 2350 1774 2423 perpetuo
1834 2342 2066 2404 eidem
2130 2343 2843 2424 obsequentissimum
2893 2365 3078 2407 man-

508 2449 772 2532 cipium
820 2459 1089 2531 noscat,
1141 2469 1349 2532 quam
1398 2460 1468 2511 et
1518 2449 1637 2510 diu
1686 2448 1815 2513 toti
1864 2449 2342 2531 Reipublicae
2393 2449 2837 2514 Christianae
2885 2451 3077 2514 faeli-

509 2578 666 2620 cem
713 2556 1063 2620 faeliciter
1110 2567 1348 2618 servet
1396 2556 1704 2618 omnium
1751 2556 1874 2619 illa
1921 2577 2092 2620 vera
2141 2561 2350 2622 salus.
2447 2559 2556 2622 Ex
2591 2559 2933 2643 Nanceyo
2965 2563 3079 2623 die

507 2664 755 2727 Tertia
798 2663 990 2742 Junii
1035 2663 1437 2726 MDXXV.

1493 2809 1761 2857 Addictus
1802 2808 2038 2857 servulus
2075 2815 2127 2858 et
2165 2809 2404 2861 obedmu·.
2444 2819 2606 2874 cap'ss.

1016 2897 1325 2947 Humilis
1364 2900 1583 2947 abbas
1620 2901 2042 2948 Monasterii
2083 2902 2140 2949 S.
2179 2900 2524 2950 Anthonii
2565 2902 3011 2955 Viennensis,

1598 3115 1770 3127 vvvwvw
1777 3114 2006 3126 mwm

1720 3344 1854 3409 220

1390 3460 1816 3565 Campegius
1874 3461 2219 3545 SadoletO.

1352 3611 1635 3675 muntia.
1673 3610 1927 3670 German.
1976 3609 2124 3669 Lm.
2163 3611 2268 3682 96.)

1556 3728 1629 3799 (5.
1670 3732 1821 3797 Junii
1863 3730 2040 3797 1525.)

712 3865 999 3947 Quanto
1049 3866 1188 3927 alle
1236 3885 1403 3927 cose
1452 3864 1524 3926 di
1571 3863 1959 3928 Germania
2007 3874 2078 3926 et
2135 3864 2204 3925 di
2255 3866 2495 3927 levare
2543 3867 2704 3947 quel
2762 3886 3090 3930 commer-

520 3972 631 4035 cio
704 3973 790 4036 N.
842 3972 914 4039 S.
976 3994 1203 4056 pensa
1266 3974 1485 4034 molto
1537 3974 1752 4052 bene,
1827 3970 1916 4032 ne
1986 3971 2054 4033 al
2124 3982 2458 4052 presente
2531 3975 2566 4035 e
2647 3976 2740 4036 da
2809 3984 3086 4037 tentare

522 4080 751 4143 simile
798 4080 1117 4159 rimedi0,
1164 4080 1426 4161 perche
1476 4078 1692 4161 quelli
1740 4078 2046 4159 principi
2095 4078 2318 4140 sendo
2367 4079 2434 4140 la
2480 4080 2757 4143 tumulti
2787 4082 2856 4143 in
2888 4092 3086 4143 tanto

520 4187 853 4273 cresciuti
910 4207 1088 4250 sono
1138 4186 1507 4249 constretti
1573 4206 1616 4247 a
1672 4184 2082 4267 provederli
2153 4187 2246 4247 da
2312 4206 2387 4248 se
2436 4188 2678 4267 stessi,
2743 4197 2815 4250 et
2871 4192 3087 4251 credo

523 4298 658 4358 che
707 4292 855 4359 cosi
886 4294 1222 4365 faranno;
1271 4294 1394 4374 poi
1424 4314 1499 4356 se
1528 4294 1599 4355 la
1630 4291 1910 4355 Maesta
1943 4291 2248 4355 Cesarea
2280 4292 2474 4372 vora,
2525 4312 2724 4356 come
2756 4296 2824 4357 la
2858 4295 3088 4358 scrive

522 4402 935 4466 facilmente
983 4402 1043 4465 si
1090 4400 1449 4465 restituira
1496 4400 1666 4481 ogni
1715 4418 1885 4461 cosa
1930 4401 2001 4461 al
2048 4400 2297 4463 ordine
2347 4420 2494 4462 su0.

706 4510 822 4575 Ho
870 4510 1100 4574 inteso
1150 4508 1199 4572 il
1246 4508 1564 4589 ricordo,
1632 4509 1767 4570 che
1823 4506 1883 4569 si
1930 4507 2018 4568 da
2068 4506 2138 4568 di
2187 4506 2530 4569 Balibech
2589 4518 2660 4569 et
2708 4528 2785 4571 se
2834 4530 2925 4573 ne
2974 4511 3089 4572 ad-

526 4618 790 4681 vertira
840 4618 1269 4696 Colocense,
1317 4616 1367 4679 il
1424 4616 1634 4696 quale
1691 4633 1822 4696 per
1884 4632 2122 4675 essere
2181 4614 2532 4693 prudente
2584 4624 2656 4676 et
2703 4635 3088 4679 conoscere

530 4747 665 4790 con
714 4727 826 4789 chi
858 4727 951 4791 ha
982 4746 1025 4787 a
1058 4724 1209 4788 fare
1240 4722 1447 4786 stimo
1479 4720 1746 4785 an'dara
1795 4722 1864 4782 in
1896 4730 2100 4800 tutt0,
2133 4729 2640 4802 pesatamente.
2694 4724 2913 4786 Detto
2962 4722 3088 4785 Co·

530 4836 818 4898 locense
868 4833 1099 4897 scrive
1147 4852 1277 4914 per
1308 4852 1449 4893 una
1496 4850 1624 4892 soa
1674 4830 1763 4889 de
1798 4848 1900 4905 23.
1950 4829 2040 4889 de
2072 4826 2316 4908 Magio
2352 4848 2552 4891 come
2601 4850 2732 4911 per
2764 4830 3090 4912 replicati

532 4940 710 5006 avisi
757 4942 1096 5005 intendea
1143 4939 1304 5003 chel
1351 4940 1583 5001 Turco
1630 4936 1990 4999 indixerat
2040 4936 2300 4997 bellum
2329 4944 2399 4997 et
2430 4936 2549 5019 qui
2579 4957 2822 5001 omnes
2853 4945 3092 4999 essent
