3575 5775
1325 579 1786 640 0-{3458m

297 730 582 793 scandali
633 730 826 792 nella
873 726 1131 791 Chiesa
1179 728 1250 791 di
1299 728 1439 791 Dio
1489 730 1926 807 universale,
1991 728 2225 791 madi
2274 737 2466 791 torre
2524 728 2751 791 anche
2801 748 2841 790 a

295 839 424 901 tutti
457 839 478 900 i
513 838 828 919 Principi
881 848 949 899 et
979 836 1384 917 Magistrati
1435 837 1505 897 di
1537 836 1927 899 Germania
1976 836 2017 897 l'
2049 836 2359 899 autorita
2390 837 2842 916 reputatione

295 954 352 1005 et
403 948 469 1007 la
534 944 801 1007 faculta
868 954 938 1005 et
1002 946 1069 1005 la
1135 943 1429 1025 propria
1491 943 1639 1005 vita
1695 954 1766 1006 et
1815 954 2036 1021 statO,
2106 955 2177 1004 et
2225 942 2545 1005 excitare
2594 954 2842 1004 contra

295 1052 420 1113 loro
469 1052 522 1113 li
568 1052 814 1132 populi
867 1061 937 1113 et
984 1052 1054 1111 la
1100 1051 1316 1131 plebe
1365 1070 1567 1111 come
1615 1049 1658 1112 e
1703 1050 2055 1112 accaduto
2106 1048 2173 1110 in
2208 1046 2529 1131 Spagna,
2580 1059 2651 1111 et
2688 1049 2843 1111 fare

295 1178 354 1218 se
386 1158 588 1220 stessi
637 1156 921 1239 tyranni
969 1167 1040 1219 et
1089 1157 1504 1237 occupatori
1553 1160 1608 1217 si
1659 1158 1777 1219 del
1824 1158 2223 1237 temporale
2272 1176 2471 1217 come
2522 1158 2636 1217 del
2689 1155 2842 1237 Spi-

295 1263 545 1327 rituale.
633 1265 690 1327 F
694 1275 808 1327 ate
859 1266 1028 1345 ogni
1077 1263 1311 1327 sforzo
1377 1274 1449 1326 et
1505 1273 1763 1327 conato
1826 1284 1957 1345 per
2004 1264 2439 1344 persuadere
2488 1284 2531 1324 a
2580 1264 2842 1326 Cesare

294 1372 393 1433 alli
440 1372 756 1453 Principi
789 1370 1270 1434 Ecclesiastici
1319 1380 1392 1433 et
1439 1371 1739 1433 seculari
1791 1372 1923 1433 che
1972 1370 2091 1451 qui
2142 1370 2199 1432 si
2246 1379 2463 1432 tratta
2512 1391 2653 1433 non
2689 1375 2842 1433 solo

295 1478 352 1539 di
410 1479 850 1541 confondere
915 1480 984 1539 la
1045 1476 1211 1539 fede
1263 1477 1667 1539 Christiana
1731 1488 1803 1539 et
1852 1476 2243 1556 Catholica,
2306 1498 2419 1539 ma
2480 1479 2705 1539 anche
2772 1479 2843 1539 di

293 1586 553 1649 ruinare
601 1587 754 1649 loro
806 1584 1246 1649 cacciandoli
1297 1584 1466 1649 dalli
1515 1586 1672 1647 loro
1719 1584 2103 1665 principati
2152 1595 2225 1647 et
2256 1582 2731 1665 Signorie‚,et
2772 1585 2839 1647 in

293 1712 535 1755 somma
601 1696 732 1756 che
791 1696 861 1755 la
909 1712 1124 1755 causa
1171 1694 1228 1753 si
1277 1710 1407 1772 per
1457 1694 1526 1753 la
1573 1690 1741 1754 fede
1791 1691 1832 1754 ὲ
1882 1712 2254 1754 commune
2306 1697 2359 1753 sl
2412 1694 2638 1754 anche
2686 1712 2841 1775 per-

295 1800 406 1861 che
458 1800 678 1881 quelli
741 1798 996 1881 perfidi
1060 1798 1394 1879 aspirano
1461 1800 1602 1861 alla
1662 1799 1867 1860 ruina
1923 1808 1993 1861 et
2042 1799 2494 1862 distruttione
2544 1801 2633 1861 de
2680 1801 2843 1862 tutti

293 1906 310 1966 i
353 1905 632 1988 Signori
693 1906 878 1989 preti
945 1915 1016 1967 et
1075 1904 1258 1968 laici.
1353 1904 1512 1967 Non
1582 1906 1905 1967 dubitate
1954 1905 2072 1968 voi
2124 1907 2192 1967 di
2242 1907 2395 1969 fare
2446 1907 2842 1969 virilmente

294 2024 538 2095 quanto
602 2015 659 2076 si
722 2014 1070 2076 conviene
1132 2014 1244 2075 all’
1282 2010 1522 2074 officio
1581 2022 1822 2075 vostro
1882 2022 1954 2074 et
1999 2014 2141 2075 alla
2186 2014 2354 2075 fede
2404 2015 2535 2075 che
2582 2015 2843 2077 Nostro

295 2120 578 2201 Signore
643 2123 738 2183 ha
801 2121 992 2183 nella
1052 2118 1432 2201 prudentia
1495 2130 1564 2181 et
1615 2119 1927 2183 dottrina
1976 2130 2047 2182 et
2094 2122 2391 2183 ardente
2441 2122 2677 2183 animo
2726 2142 2843 2183 vo-

293 2241 446 2291 stro:
533 2228 854 2291 Havemo
902 2228 1107 2291 Iddio
1156 2248 1287 2309 per
1335 2227 1451 2290 noi
1501 2228 1768 2308 perche
1820 2228 2245 2291 defendemo
2294 2230 2364 2291 la
2414 2228 2557 2291 Sua
2610 2250 2844 2307 causa,

297 2348 355 2397 et
411 2338 476 2398 la
537 2335 954 2397 defensione
1005 2345 1077 2397 et
1123 2335 1433 2415 impresa
1483 2355 1622 2397 non
1672 2338 2027 2415 potrebbe
2078 2335 2506 2398 desiderarsi
2554 2337 2675 2417 pih
2724 2338 2843 2399 ho-

297 2456 510 2515 nesta;
578 2463 720 2505 non
784 2443 962 2505 siate
1021 2453 1213 2505 muto
1275 2461 1623 2525 appresso
1675 2444 1892 2523 quelli
1942 2443 2225 2525 Signori
2277 2445 2465 2505 nella
2514 2444 2727 2506 Dieta
2774 2454 2848 2507 et

296 2549 628 2611 ricordate
691 2550 845 2612 loro
909 2570 1052 2611 non
1117 2548 1410 2630 voglino
1479 2551 1782 2630 perdere
1845 2550 1889 2613 il
1956 2552 2145 2612 buon
2199 2571 2405 2613 nome
2457 2560 2528 2612 et
2574 2552 2845 2613 honore

297 2656 372 2715 de
406 2655 777 2718 Christiani
827 2656 1018 2737 quali
1066 2656 1088 2716 i
1139 2658 1292 2719 loro
1341 2656 1549 2737 padri
1598 2666 1670 2719 et
1719 2657 1982 2719 antichi
2033 2678 2162 2719 con
2218 2667 2415 2720 tanta
2464 2658 2845 2721 devotione

297 2773 358 2821 et
401 2761 852 2825 observantia
898 2782 1110 2825 verso
1160 2764 1208 2825 li
1260 2763 1507 2825 summi
1557 2762 1887 2826 Pontifici
1939 2776 2007 2826 et
2059 2762 2248 2827 Sede
2300 2764 2725 2846 Apostolica
2774 2775 2845 2826 et

297 2891 412 2932 con
461 2870 634 2932 tanti
685 2873 838 2933 loro
889 2870 1117 2933 meriti
1168 2880 1240 2932 et
1287 2868 1588 2934 effusion
1639 2871 1709 2933 di
1759 2892 2033 2954 sangue
2082 2893 2212 2953 per
2260 2874 2328 2936 la
2385 2873 2550 2935 fede
2608 2876 2844 2936 catho-

296 2976 416 3039 lica
475 2980 708 3040 hanno
771 2979 1192 3059 acquistatO.
1288 2977 1490 3040 Siate
1552 2999 1686 3041 con
1737 2978 2001 3042 Cesare
2064 2981 2589 3043 exhortandolo
2644 3001 2845 3043 come

299 3086 624 3147 advocato
689 3094 760 3146 et
822 3085 1198 3154 defensore
1266 3086 1456 3147 della
1517 3085 1774 3149 Chiesa
1834 3086 2167 3148 Romana
2215 3097 2269 3148 a‘
2304 3089 2706 3166 provedere
2772 3088 2840 3149 in

297 3210 488 3252 manu
547 3191 753 3270 forti3
817 3201 1120 3273 pregate
1171 3192 1438 3254 Cevres
1488 3202 1556 3255 et
1605 3193 1821 3274 quelli
1870 3192 2294 3272 Consiglieri
2345 3195 2476 3256 che
2526 3194 2844 3256 adiutino

299 3299 356 3357 la
401 3319 602 3390 causa
651 3301 742 3361 de
774 3300 980 3360 Iddio
1031 3309 1102 3361 et
1148 3301 1218 3361 la
1265 3301 1420 3361 loro
1466 3300 1759 3382 propria
1808 3301 2057 3379 salute,
2108 3300 2417 3363 excitate
2454 3301 2669 3382 quelli
2704 3303 2845 3363 duo

301 3403 882 3470 Reverendissimi
933 3405 1220 3486 Signori
1270 3405 1629 3468 Cardinali
1698 3408 1889 3488 quali
1954 3416 2260 3488 portano
2324 3410 2388 3470 el
2446 3411 2726 3490 capello
2776 3419 2845 3470 et

297 3513 484 3574 breta
525 3533 722 3576 rossa
769 3534 900 3595 per
947 3534 1290 3596 spargere
1336 3515 1388 3576 il
1437 3533 1712 3596 sangue
1760 3535 1893 3596 per
1940 3518 2007 3589 el
2054 3515 2345 3578 Summo
2382 3515 2727 3578 Pontifice
2776 3527 2846 3578 et

299 3620 517 3681 chiesa
575 3621 925 3684 Romana.
1003 3621 1432 3684 Continuate
1501 3622 1541 3684 l’
1597 3621 1837 3685 officio
1903 3632 1976 3684 et
2042 3622 2537 3685 commissione
2602 3632 2847 3686 vostra

301 3745 416 3788 con
465 3729 622 3807 ogni
671 3728 906 3790 studio
957 3730 1212 3792 ardore
1261 3741 1334 3792 et
1377 3727 1700 3792 efficacia
1733 3730 1852 3791 voi
1894 3738 1964 3792 et
1995 3731 2045 3791 il
2078 3730 2493 3792 Caracciolo
2526 3731 2842 3808 insieme,

304 3847 364 3892 et
408 3835 894 3913 persuadetevi
947 3837 1078 3898 che
1129 3845 1201 3898 et
1233 3835 1372 3898 Dio
1424 3845 1494 3898 et
1527 3835 1790 3898 Nostro
1827 3835 2135 3917 Signore
2188 3836 2252 3897 vi
2306 3856 2610 3898 saranno
2660 3838 2845 3898 delle

303 3937 544 4002 fatiche
603 3955 672 4004 et
737 3963 956 4024 opere
1021 3953 1260 4006 vostre
1323 3943 1396 4004 in
1444 3953 1696 4024 questa
1743 3943 2145 4005 santissima
2194 3943 2502 4024 impresa
2551 3944 2843 4004 retribu-

307 4046 428 4106 tori
478 4057 542 4108 et
585 4049 997 4128 premiatori
1047 4059 1118 4111 et
1165 4049 1561 4112 darannovi
1595 4048 1996 4111 indubitata
2032 4049 2359 4112 vettoria.
2406 4051 2845 4112 Benevalete

308 4159 368 4212 et
413 4171 763 4218 comunem
817 4157 948 4217 Dei
1001 4166 1071 4218 et
1119 4157 1484 4220 Ecclesiae
1533 4177 1819 4219 causam
1876 4157 2174 4220 viriliter
2250 4157 2636 4219 defendite.
2738 4157 2845 4219 Ex

309 4257 498 4320 Senis
543 4262 695 4324 Kal.
749 4263 1121 4325 Februarii
1170 4263 1534 4328 MDXXI.

2155 4405 2356 4469 Verior
2394 4405 2606 4477 Frater,

2052 4499 2216 4546 Vice
2248 4497 2760 4548 (lancelini-ius
