3575 5775
1331 599 1632 660 *4320ss
1707 599 1825 657 C>-0

328 762 476 834 apta
518 750 601 815 ad
652 749 1064 824 sollicitare:
1123 772 1270 832 ma,
1334 771 1470 834 pur
1525 753 1656 813 che
1716 751 1759 814 'l
1819 748 2172 815 beneficio
2234 750 2293 812 si
2349 749 2652 814 collochi
2715 753 2853 814 ben

328 869 666 940 reputamo
715 867 909 922 tucte
956 860 1024 920 le
1071 857 1337 921 fatiche
1387 859 1474 920 ed
1525 876 1746 940 opere
1794 860 1982 922 bene
2016 875 2257 940 spese:
2310 877 2424 921 ma
2471 857 2861 923 certificate

325 966 370 1028 il
412 967 644 1029 doctor
692 963 1041 1048 Spieghel
1090 967 1220 1029 che
1271 985 1348 1028 se
1397 965 1635 1046 quella
1681 964 2071 1029 universita
2120 965 2279 1028 sara
2326 964 2611 1048 ingrata
2660 987 2860 1031 come

327 1073 386 1136 in
429 1083 666 1156 questa
714 1073 996 1138 heresia
1043 1074 1265 1138 altino
1314 1074 1409 1136 ha
1455 1073 1648 1136 facto
1699 1093 1948 1154 segne,
1998 1074 2063 1134 el
2112 1081 2294 1136 tutto
2355 1073 2413 1136 si
2470 1075 2890 1166 rev'ochera·

329 1189 390 1242 et
434 1181 722 1244 userassi
775 1189 1024 1244 contra
1071 1182 1226 1243 loro
1274 1182 1513 1261 quella
1557 1179 1867 1242 severita
1913 1180 2044 1241 che
2093 1180 2152 1241 si
2200 1181 2469 1242 ricerca
2517 1192 2765 1245 contro
2815 1183 2863 1244 li

327 1287 458 1368 figli
499 1287 780 1369 ingrati.

481 1394 685 1457 Nella
734 1415 950 1458 causa
997 1395 1068 1457 di
1119 1383 1468 1478 Capitone
1517 1395 1565 1457 li
1615 1393 1838 1457 nostri
1885 1393 1950 1456 ci
1999 1393 2216 1456 fanno
2264 1393 2635 1458 intendere
2684 1405 2863 1458 tutte

328 1503 384 1562 le
429 1503 683 1564 minute
732 1518 972 1564 essere
1019 1501 1196 1564 fatte
1247 1510 1318 1564 et
1365 1504 1551 1564 bene
1600 1501 1936 1564 acconcie
1984 1510 2056 1562 et
2102 1510 2372 1564 restare
2422 1505 2575 1565 solo
2639 1504 2769 1565 che
2822 1503 2860 1565 ’1

327 1607 720 1671 sollicitator
769 1608 835 1669 d'
867 1629 1028 1672 esso
1064 1608 1408 1690 Capitone
1440 1608 1685 1671 mostri
1719 1618 1915 1670 certa
1963 1608 2314 1691 scriptura
2362 1611 2427 1671 al
2462 1599 2653 1672 thi‘o
2703 1610 2862 1672 Car·

327 1713 542 1778 dinale
589 1717 678 1778 de
729 1713 974 1778 Sancti
1025 1715 1363 1796 Quam-0,
1414 1717 1624 1798 quale
1670 1717 1764 1778 ha
1811 1735 1944 1796 per
1990 1735 2117 1777 sua
2164 1735 2386 1798 opera
2433 1736 2645 1799 preso
2694 1737 2867 1781 cura

327 1821 388 1882 di
433 1821 856 1904 gratificarlo
915 1833 987 1886 et
1033 1843 1164 1906 per
1211 1823 1653 1905 negligentia
1702 1823 1818 1884 del
1868 1821 2058 1884 dicto
2106 1821 2566 1887 sollicitatore
2614 1845 2867 1888 manca

328 1929 446 1991 che
491 1950 626 1992 non
674 1928 733 1992 si
781 1950 1000 2011 possa
1047 1930 1395 2012 expedire
1443 1929 1512 1992 in
1577 1938 1759 1992 tutto
1824 1932 1967 1992 tale
2028 1930 2358 2011 materia,
2428 1941 2497 1993 et
2559 1933 2862 1994 maxime

325 2037 566 2116 perche
613 2036 672 2099 si
720 2036 1051 2100 desidera
1097 2037 1259 2099 farli
1307 2037 1539 2118 gratia
1587 2057 1788 2100 come
1838 2037 1897 2099 si
1945 2037 2128 2099 deve
2186 2037 2278 2100 ad
2338 2058 2479 2100 uno
2548 2038 2863 2102 virtuoso

327 2145 447 2205 che
505 2143 592 2206 da
653 2144 751 2205 lui
811 2146 881 2205 la
941 2142 1131 2206 Sede
1201 2145 1624 2225 Apostolica
1685 2144 1874 2225 speri
1941 2146 2130 2206 bona
2192 2144 2651 2226 gratitudine.
2761 2147 2864 2208 La

325 2249 546 2312 chiesa
593 2252 1218 2334 Havelbergense,
1278 2272 1477 2314 come
1543 2271 1674 2332 per
1736 2253 1916 2313 altre
1971 2253 2313 2314 haverete
2360 2252 2593 2315 inteso
2644 2253 2680 2316 ὲ
2730 2273 2865 2335 pur

326 2359 644 2440 expedita
691 2359 760 2420 in
810 2358 1019 2422 favor
1052 2361 1168 2422 del
1217 2379 1530 2422 vescovo
1561 2357 2086 2441 Brandeburgh
2132 2369 2203 2421 et
2235 2359 2504 2422 rimane
2552 2379 2863 2424 vescovo

327 2465 410 2525 de
453 2465 490 2526 l'
521 2483 656 2528 una
705 2474 777 2529 et
823 2467 866 2528 1¹
898 2468 1082 2529 altra
1128 2466 1370 2529 chiesa
1418 2474 1490 2528 et
1537 2473 1720 2527 tutto
1767 2465 1838 2528 in
1890 2465 2124 2546 gratia
2170 2466 2286 2529 del
2326 2464 2633 2548 Signore
2680 2461 2864 2531 Mar-

327 2573 558 2648 chese,
606 2574 722 2636 del
779 2573 970 2636 Rmo
1020 2573 1443 2654 Magontino
1515 2580 1586 2634 et
1646 2575 1875 2634 anche
1946 2592 2073 2634 sua
2135 2573 2439 2636 essendo
2500 2583 2699 2639 tanto
2755 2595 2864 2639 ec·

328 2677 702 2742 clesiastico
751 2689 824 2742 et
870 2682 1134 2742 devoto
1169 2679 1240 2742 di
1271 2689 1522 2760 questa
1551 2688 1801 2741 sancta
1840 2675 2031 2741 Sede
2064 2698 2263 2742 come
2311 2679 2428 2741 voi
2474 2681 2865 2774 predicate.

488 2784 574 2850 Se
622 2787 665 2849 'l
712 2785 1088 2850 Marchese
1155 2807 1298 2850 non
1365 2807 1768 2849 remanesse
1838 2785 2204 2849 satisfacto
2270 2787 2389 2850 del
2450 2789 2660 2851 modo
2723 2809 2860 2851 ser-

329 2901 478 2956 vato
522 2893 590 2955 in
641 2895 813 2958 dare
862 2898 928 2958 la
980 2916 1223 2958 mensa
1270 2896 1338 2957 al
1386 2896 2137 2975 Brandenburghense
2176 2895 2323 2958 dite
2356 2916 2397 2957 a
2431 2892 2577 2958 Sua
2611 2894 2863 2978 Signo-

331 2998 420 3061 ria
461 3001 516 3063 si
582 3001 622 3064 ὲ
684 3002 878 3065 sacto
943 3022 1075 3085 per
1139 3023 1568 3066 conservare
1633 3003 1683 3064 li
1746 3002 2037 3083 capituli
2098 3001 2170 3064 di
2226 3000 2613 3065 Germania
2679 3004 2867 3067 nella

332 3124 441 3168 sua
483 3108 735 3171 liberta
784 3111 874 3173 de
923 3113 1298 3193 eleggere‚
1362 3111 1431 3172 la
1492 3112 1701 3190 quale
1763 3108 1993 3171 insino
2057 3115 2172 3189 qul
2223 3129 2364 3171 non
2414 3109 2455 3172 ὲ
2502 3107 2643 3171 mai
2706 3120 2865 3172 suta

333 3212 602 3290 violata;
652 3237 832 3298 pure
881 3216 965 3281 N.
1001 3214 1076 3280 S.
1109 3238 1240 3300 per
1273 3229 1617 3279 mostrare
1667 3217 1756 3279 ad
1807 3214 1955 3279 Sua
2002 3214 2337 3305 Signoria
2383 3218 2516 3279 che
2564 3216 2633 3278 in
2680 3225 2864 3279 tutto

333 3320 634 3386 desidera
682 3324 844 3387 sarli
895 3326 1128 3407 gratia
1177 3326 1338 3388 sara
1385 3334 1722 3387 contento
1770 3326 1903 3387 che
1948 3323 2023 3386 in
2069 3326 2140 3387 la
2187 3325 2380 3387 bolla
2428 3324 2486 3387 si
2520 3324 2865 3405 expedita

335 3446 524 3511 supra
581 3442 835 3513 questa
889 3433 1132 3496 chiesa
1177 3452 1306 3516 per
1355 3432 2057 3512 Brandeburghense
2118 3452 2261 3493 non
2311 3431 2368 3493 si
2428 3431 2749 3513 exprime
2798 3430 2867 3492 la

335 3538 627 3601 cessione
676 3540 768 3603 de
815 3542 884 3603 10
919 3543 1165 3604 electo
1213 3560 1422 3621 over,
1491 3550 1562 3602 et
1610 3549 1863 3620 questo
1913 3559 2043 3620 per
2100 3538 2461 3619 singulare
2509 3537 2745 3619 gratia
2794 3537 2864 3600 di

337 3640 462 3707 Sua
507 3645 979 3725 Beatitudine‚
1029 3647 1399 3710 tacendosi
1447 3666 1582 3728 pur
1630 3647 1822 3709 dicta
1876 3646 2219 3725 cessione,
2270 3646 2403 3707 che
2450 3643 2869 3727 providetur

340 3748 980 3836 Brandeburgensis
1027 3755 1118 3816 de
1169 3754 1741 3834 Havelbergensi
1790 3754 1883 3815 ad
1933 3752 2483 3817 nominationem
2514 3750 2695 3814 Illmi
2726 3750 2867 3814 Dni

339 3855 763 3925 Marchionis.
859 3860 1001 3925 Voi
1049 3872 1286 3924 tenete
1334 3860 1403 3923 in
1455 3880 1665 3923 mano
1715 3860 1835 3940 pifl
1887 3860 2017 3922 che
2065 3869 2353 3941 possete
2402 3868 2472 3922 et
2521 3858 2867 3940 spendete

336 3966 396 4026 la
437 3979 708 4032 moneta
762 3970 916 4031 solo
983 3989 1115 4051 per
1176 3978 1428 4050 questo
1491 3980 1704 4031 conto
1767 3968 2082 4029 secondo
2142 3970 2213 4029 la
2274 3964 2658 4036 necessita;
2724 3986 2864 4027 non

339 4076 792 4152 promittendo
839 4079 906 4139 al
958 4075 1066 4139 S¹·e
1111 4076 1487 4140 Marchese
1538 4078 1721 4138 ultra
1769 4076 2007 4155 quello
2057 4094 2133 4136 se
2180 4074 2297 4155 gle
2348 4074 2550 4152 dat0,
2616 4092 2693 4133 se
2756 4070 2857 4134 far

340 4198 402 4241 se
441 4184 642 4263 potra
691 4183 764 4247 di
813 4204 1100 4265 manco,
1163 4204 1278 4247 ma
1343 4183 1843 4265 persuadendo
1900 4200 2028 4244 sua
2093 4180 2412 4262 signoria
2479 4199 2611 4243 con
2675 4181 2866 4241 bono

341 4290 521 4351 modo
567 4290 736 4354 resti
787 4291 1162 4372 obbligata
1195 4292 1286 4353 ad
1317 4290 1401 4353 N.
1436 4288 1543 4353 Sffi
1591 4290 1780 4351 della
1818 4288 2052 4369 gratia
2100 4286 2293 4349 facta
2341 4288 2473 4349 che
2520 4288 2590 4348 in
2640 4284 2867 4349 verita

341 4392 370 4452 ὲ
411 4398 886 4474 grandissima.

491 4504 692 4568 Delle
741 4508 923 4568 altre
971 4506 1204 4587 gratie
1251 4506 1320 4567 in
1373 4514 1577 4586 parte
1625 4504 1742 4585 gia
1800 4504 1873 4565 vi
1921 4502 1979 4565 si
2028 4522 2203 4565 sono
2273 4503 2604 4565 mandate
2668 4520 2868 4563 come

343 4611 546 4685 quella
592 4633 721 4694 per
768 4612 818 4674 il
867 4612 1250 4675 substituto
1301 4614 1416 4675 del
1466 4612 1637 4674 Rdo
1669 4611 1906 4673 Padre
1938 4609 2365 4672 Confessore
2414 4609 2566 4672 01οὸν
2615 4608 2662 4670 il
2698 4608 2865 4670 Pro-

345 4714 811 4800 thonotariato‚
861 4718 932 4783 in
981 4720 1026 4783 l’
1056 4722 1238 4783 altre
1287 4740 1426 4782 non
1478 4718 1535 4781 si
1585 4716 1963 4780 manchera
2030 4716 2143 4779 far
2200 4725 2385 4779 tutto
2450 4718 2685 4797 quello
2735 4716 2867 4777 che

347 4838 454 4884 con
511 4827 806 4890 honesta
869 4826 926 4889 si
989 4848 1222 4910 possa.
1339 4826 1424 4890 N.
1506 4824 1579 4890 S.
1643 4835 1937 4906 aspecta
2002 4823 2375 4887 intendere
2440 4825 2569 4886 che
2634 4822 2867 4884 fructo

350 4926 533 4994 habbi
577 4936 926 5015 producto
975 4938 1044 4999 10
1106 4937 1370 4999 havere
1432 4935 1676 4998 voluto
1739 4933 2145 4997 introdurre
2205 4932 2514 4994 Martino
2579 4932 2647 4993 al
2708 4950 2865 4992 con-
