3575 5775
1315 595 1808 650 0-<B46⁷{>-0

304 739 559 802 rusticis
628 739 1045 823 profligaret
1110 742 1547 824 EpiscopOS,
1616 751 1974 806 everteret
2039 744 2510 826 monasteria,
2575 764 2657 807 ac
2707 743 2847 808 alia

304 848 465 910 mala
513 857 823 911 tentaret
840 871 855 921 ;
907 851 1089 912 adeo
1138 870 1477 932 perverse
1528 860 1840 932 aguntur
1887 850 2143 914 omnia.

457 955 1065 1037 Archiepiscopus
1092 953 1665 1039 Saltzburgensis
1700 967 1809 1021 est
1841 967 2036 1021 certe
2085 957 2156 1020 in
2203 978 2462 1048 magno
2493 958 2845 1042 periculo;

301 1083 443 1124 nam
489 1083 601 1125 me
648 1082 781 1144 per
824 1063 1267 1146 provinciam
1315 1085 1513 1128 suam
1570 1074 2016 1145 transeunte,
2080 1065 2235 1148 ipse
2303 1066 2478 1129 meis
2544 1066 2834 1130 auribus

300 1169 521 1231 audivi
569 1169 1091 1234 mussitationes
1138 1171 1567 1236 rebellioniS.
1867 1177 1878 1188 '

459 1279 699 1340 Duces
748 1278 1103 1342 Bavariae
1152 1279 1546 1360 spoliarunt
1576 1281 2009 1344 monasteria
2036 1280 2242 1344 bonis
2291 1280 2454 1363 suis,
2481 1280 2848 1364 potissime

302 1384 631 1447 clenodiis
679 1393 891 1466 atque
942 1385 1099 1448 aliis
1147 1386 1359 1449 etiam
1405 1378 1515 1450 his
1563 1408 1747 1469 quae
1795 1388 1866 1450 in
1915 1387 2254 1450 Ecclesiis
2303 1397 2527 1452 erant.

460 1492 1005 1574 Herbipolensis
1054 1493 1453 1577 Episcopus
1501 1495 1872 1559 obsidetur
1917 1494 1988 1557 in
2037 1503 2292 1558 castr0.

460 1600 609 1664 Nec
658 1600 888 1664 minus
935 1621 1146 1682 quam
1194 1612 1477 1665 centum
1526 1601 1956 1666 monasteria
2001 1601 2266 1684 passim
2314 1602 2386 1665 in
2433 1604 2730 1685 predam
2779 1611 2851 1665 et

300 1716 584 1770 exausta
626 1706 935 1787 fuerunt,
983 1729 1213 1790 neque
1262 1709 1616 1792 baptismo
1666 1728 1899 1790 neque
1946 1709 2256 1772 sacrario
2303 1709 2636 1791 parcitur.

458 1815 543 1877 In
591 1813 985 1878 Waldshuc
1035 1815 1208 1880 nihil
1256 1817 1543 1880 omnino
1592 1817 1683 1879 de
1717 1815 2198 1880 Sacramentis
2246 1825 2550 1898 curatur,
2602 1837 2854 1880 eversa

306 1932 453 1982 sunt
501 1921 774 2002 altaria,
824 1943 1032 1986 nemo
1079 1923 1504 2005 baptizatur,
1538 1943 1767 2005 neque
1800 1925 1932 1986 sub
1965 1944 2106 1986 una
2141 1943 2372 2005 neque
2413 1926 2546 1987 sub
2596 1923 2864 2006 duplici

300 2029 528 2110 specie
574 2028 655 2092 fit
702 2030 1138 2105 communio;
1209 2031 1299 2094 de
1366 2030 1818 2094 confessione
1883 2038 1954 2094 et
2019 2029 2174 2093 aliis
2222 2033 2437 2094 rebus
2485 2029 2705 2094 sacris
2752 2051 2861 2094 ac·

301 2146 431 2200 tum
480 2143 610 2200 est.

466 2243 670 2325 Quae
706 2243 1071 2327 Zuinglius
1099 2245 1171 2308 in
1204 2245 1695 2310 Eucharistiae
1730 2246 2012 2308 laudem
2041 2243 2330 2326 scripsit
2356 2243 2494 2308 iam
2525 2249 2868 2308 revocanss

302 2363 401 2413 tur
445 2361 519 2415 et
564 2352 753 2415 ridet
800 2372 959 2415 cum
1008 2351 1434 2416 Carbstadio
1482 2355 1619 2417 hoc
1669 2350 2228 2416 Sacramentum.

461 2460 870 2522 Verulanus
920 2460 1301 2542 episcopus
1350 2469 1728 2524 revocatus
1776 2460 2018 2522 Roma
2063 2458 2296 2522 rediit.

462 2566 813 2630 Dominus
864 2567 953 2629 de
1002 2566 1289 2630 Bredan
1339 2567 1550 2631 rediit
1610 2587 1653 2629 a
1710 2566 2017 2630 Caesare
2081 2586 2165 2630 ac
2220 2565 2618 2649 reportavit
2674 2565 2865 2647 quod

300 2673 623 2755 princeps
682 2674 801 2755 qui
863 2673 1060 2756 prius
1139 2674 1210 2737 in
1278 2673 1523 2756 Tyroli
1592 2675 1965 2736 dumtaxat
2023 2671 2544 2756 gubernatione
2605 2671 2863 2754 fuerat,

302 2782 497 2845 modo
545 2785 781 2844 tactus
828 2780 917 2842 sit
967 2780 1310 2848 dominus.

462 2888 727 2952 Elvetii
774 2888 958 2951 inter
1006 2910 1082 2952 se
1119 2889 1462 2953 dissident
1497 2899 1641 2952 tum
1671 2898 1969 2971 propter
1997 2889 2444 2951 lutheranam
2471 2885 2856 2950 factionem

302 3006 431 3059 tum
478 3006 781 3079 propter
825 3016 1073 3079 regem
1122 2995 1509 3061 Gallorum.

464 3106 635 3167 Dux
684 3102 1359 3186 Vertembergensis
1404 3104 1628 3167 habet
1686 3124 1928 3167 secum
1974 3123 2117 3166 non
2165 3100 2394 3165 minus
2442 3121 2652 3183 quam
2702 3101 2861 3164 XX

303 3212 509 3275 millia
560 3210 1007 3275 rusticorum.

470 3318 729 3383 Comes
796 3318 1166 3382 Palatinus
1234 3329 1343 3382 est
1414 3319 1627 3383 etiam
1696 3318 1767 3381 in
1846 3315 2101 3399 armis,
2171 3338 2334 3380 nam
2405 3316 2660 3380 seditio
2730 3336 2862 3399 per

300 3425 631 3489 Rhenum
680 3424 1110 3489 extenditur.

467 3535 737 3597 Dicunt
784 3531 1160 3596 Caesarem
1208 3532 1281 3595 in
1328 3532 1531 3596 brevi
1579 3533 2037 3596 traiecturum
2083 3532 2155 3594 in
2204 3532 2502 3596 Italiam.

468 3642 873 3725 Episcopus
922 3640 1485 3706 Constantiensis
1532 3650 1722 3705 totus
1773 3642 2172 3704 destructus
2222 3649 2349 3704 est.

468 3750 646 3813 Item
698 3760 767 3813 et
816 3750 1293 3832 Augustensis
1340 3751 1604 3813 nullam
1651 3749 1955 3831 amplius
2001 3746 2484 3811 obedientiam
2529 3747 2770 3809 habet.

471 3856 918 3920 Brixinensis
965 3877 1218 3939 passus
1266 3864 1376 3919 est
1421 3856 2028 3920 sacchezationem
2074 3856 2147 3917 in
2195 3854 2512 3918 Brixina.

471 3965 651 4028 Item
698 3965 888 4047 quod
940 3984 1078 4047 ego
1128 3966 1219 4027 de
1265 3965 1460 4027 nullo
1509 3962 1856 4027 beneficio
1907 3965 2376 4045 quadrantem
2422 3961 2678 4025 habeo·

471 4073 649 4137 Item
698 4071 890 4154 quod
936 4073 1074 4135 hoc
1119 4071 1278 4152 ipso
1326 4080 1683 4134 momento
1734 4070 2022 4152 quidam
2081 4078 2512 4133 mercatores
2558 4088 2690 4150 per
2740 4115 2754 4131 .
2789 4119 2802 4133 .
2839 4115 2858 4131 .

303 4179 689 4244 referentes
736 4176 1175 4242 nullibi'non
1226 4199 1381 4241 esse
1430 4180 1788 4243 tumultus,

476 4286 683 4369 Quod
731 4285 983 4350 nullibi
1039 4296 1235 4348 tutus
1292 4286 1425 4349 erit
1487 4286 1821 4349 manendi
1877 4285 2074 4347 locus
2140 4283 2427 4347 domino
2489 4283 2858 4347 Reveren-

306 4394 584 4458 dissimo
632 4405 879 4477 preter
926 4414 1137 4476 quam
1183 4394 1255 4456 in
1305 4392 1592 4459 civitate
1640 4414 1849 4459 nova.

2433 5058 2542 5113 30*
