3575 5775
1338 553 1454 604 0-‘3
1535 551 1833 607 129ΕῇΟ

343 719 552 760 versus
611 698 1124 779 malignitatem
1190 707 1260 760 et
1325 697 1568 779 iniqua
1615 697 1910 760 consilia
1959 719 2300 760 novorum
2352 697 2865 760 haereticorum

343 807 526 868 velles
573 815 646 868 ut
693 815 992 887 propter
1040 826 1325 868 causam
1372 804 1573 885 fidei,
1621 805 1692 867 in
1744 805 1941 868 cuius
1989 805 2396 868 sinceritate
2446 816 2659 885 atque
2720 805 2863 865 uni-

341 922 460 974 tate
523 913 712 974 salus
783 913 1094 975 omnium
1167 923 1482 976 nostrum
1553 912 1909 992 consistit,
1983 913 2369 976 communis
2440 911 2651 974 etiam
2722 931 2865 992 pax

339 1029 518 1100 atque
549 1020 951 1100 concordia,
1002 1031 1072 1082 te
1107 1041 1390 1101 quoque
1422 1029 1712 1082 auctore
1753 1030 1825 1082 et
1867 1019 2267 1100 defensore,
2306 1018 2677 1082 incolumis
2707 1038 2865 1080 con-

340 1137 655 1207 servetur,
723 1127 916 1207 quod
977 1137 1172 1190 certe
1240 1127 1730 1209 dignissimum
1798 1149 1885 1189 ea
1947 1147 2087 1208 qua
2134 1127 2369 1208 fulges
2418 1137 2489 1190 et
2536 1127 2747 1189 animi
2798 1135 2869 1189 et

339 1235 588 1313 generis
649 1235 1024 1298 nobilitate
1093 1235 1371 1316 deoque
1435 1234 2003 1317 acceptissimum
2066 1233 2377 1296 futurum
2439 1243 2583 1307 est3
2663 1234 2867 1294 nobis

339 1362 500 1422 vem,
545 1341 660 1422 qui
711 1351 876 1405 tuae
909 1342 1259 1405 nobilitati
1291 1364 1386 1404 ex
1415 1342 1648 1404 animo
1691 1363 1978 1424 semper
2018 1341 2341 1422 favimuS‚
2392 1340 2865 1422 gratissimum

336 1449 488 1510 sicut
546 1460 778 1512 tecum
842 1450 1050 1512 latius
1119 1450 1356 1514 dilecti
1422 1449 1545 1511 filii
1613 1449 1935 1512 Marinus
1984 1448 2436 1512 Caracciolus
2502 1459 2574 1511 et
2622 1448 2867 1510 Hiero·

337 1576 552 1636 nymus
601 1557 970 1620 Aleander
1000 1558 1278 1620 Notarii
1328 1567 1399 1620 et
1447 1558 1682 1620 nuncii
1729 1557 1956 1620 nostri
2002 1567 2246 1619 nostro
2295 1555 2578 1618 nomine
2628 1567 2866 1636 agent,

335 1663 550 1742 quibus
598 1685 940 1728 summam
987 1664 1201 1727 fidem
1249 1665 1604 1728 Nobilitas
1651 1673 1774 1728 tua
1822 1663 2139 1726 habebit.
2211 1664 2372 1727 Dat.
2420 1663 2701 1724 Romae
2749 1662 2865 1723 die

336 1769 507 1832 XVI.
551 1771 792 1834 Martii
841 1773 1189 1835 MDXXI
1237 1773 1452 1835 Anno
1503 1781 1780 1836 octavo,

1526 2255 1632 2319 53.

921 2380 1278 2462 Desiderio
1331 2382 1628 2462 Erasmo
1685 2379 2239 2480 Roterodamffl).

1193 2519 1478 2584 mutat.
1499 2519 1750 2579 German.
1776 2518 1838 2578 1..
1860 2519 1967 2591 40.)

1109 2631 1258 2681 nCum
1297 2632 1485 2683 litteris
1533 2645 1608 2693 19.
1655 2633 1829 2680 Martii
1880 2637 2045 2694 1521.)

487 2755 755 2818 Dilecte
823 2755 921 2818 fili
986 2759 1286 2819 salutern
1351 2767 1484 2820 ete.
1579 2757 1849 2820 Gratae
1898 2758 2105 2820 nobis
2154 2757 2535 2820 admodum
2582 2754 2867 2818 fuerunt

335 2858 578 2925 litterae
625 2872 822 2935 tuae;
877 2865 1328 2928 declararunt
1377 2863 1584 2941 enim,
1633 2864 1706 2927 id
1757 2866 1847 2927 de
1894 2885 2034 2947 quo
2083 2863 2507 2928 addubitare
2551 2862 2862 2945 aliquan-

335 2976 456 3029 tum
501 2990 928 3053 ceperamu5‚
979 2992 1210 3054 neque
1257 2981 1533 3036 tantum
1575 2994 1668 3035 ex
1716 2975 2155 3054 quorundam
2205 2970 2523 3053 quamvis
2563 2973 2863 3054 pruden-

337 3074 476 3137 tium
538 3088 608 3139 et
665 3081 1052 3160 proborum
1113 3080 1553 3160 testimoniO,
1621 3090 1960 3161 quantum
2026 3102 2113 3143 ex
2176 3078 2461 3161 scriptis
2508 3078 2865 3142 nonnullis

337 3180 450 3243 tuis
503 3206 674 3264 quae
735 3186 1361 3268 circumferuntur,
1423 3198 1495 3249 te
1545 3188 1997 3251 nihilominus
2046 3187 2344 3269 egregia
2393 3196 2465 3249 et
2512 3187 2863 3249 constanti

339 3308 470 3349 esse
527 3312 678 3355 cum
740 3292 810 3355 in
875 3313 1006 3356 nos
1073 3305 1534 3376 sanctamque
1602 3297 1784 3357 hanc
1836 3294 2302 3376 apostolicam
2352 3292 2649 3373 Sedem,
2716 3303 2862 3355 tum

339 3414 484 3476 erga
539 3418 976 3463 communem
1025 3422 1277 3483 pacem
1327 3402 1927 3483 concordiamque
1976 3414 2046 3465 et
2095 3402 2163 3464 in
2212 3400 2457 3483 primis
2504 3401 2861 3482 publicam

339 3502 749 3570 christianam
800 3517 870 3571 et
917 3528 1067 3570 rem
1117 3518 1188 3571 et
1235 3510 1468 3591 legem
1505 3510 1902 3581 voluntate;
1954 3510 2146 3591 quod
2177 3510 2504 3592 profecto
2536 3511 2861 3591 preclare

339 3614 626 3675 convenit
677 3623 749 3677 et
796 3613 960 3679 huic
1005 3614 1296 3697 ingenio
1345 3618 1537 3697 quod
1573 3617 1709 3679 Dei
1755 3615 2105 3679 beneficio
2154 3637 2497 3679 summum
2545 3618 2637 3679 ad
2686 3617 2859 3697 opti·

339 3734 461 3779 mas
501 3719 904 3803 disciplinas
952 3722 1271 3803 attulisti,
1321 3732 1391 3785 et
1441 3722 1541 3787 eis
1590 3724 1843 3786 studiis
1888 3722 2195 3805 pietatiS,
2246 3744 2427 3805 quae
2472 3744 2751 3804 semper
2786 3747 2861 3786 es

343 3824 684 3899 professus,
780 3830 1030 3910 Itaque
1094 3851 1264 3911 n05,
1331 3850 1630 3911 quorum
1679 3852 1897 3912 saepe
1947 3833 2038 3892 ob
2088 3831 2394 3895 animum
2443 3833 2862 3893 versabatur

343 3929 422 3989 tui
463 3952 850 4018 quanquam
901 3936 1216 3999 absentis
1263 3938 1606 4001 memoria
1653 3959 1811 4001 cum
1862 3940 1948 4000 de
1997 3938 2135 4000 tuis
2172 3938 2451 4002 eximiis
2480 3938 2859 4001 virtutibus

341 4036 538 4119 aliquo
581 4043 898 4125 praemio
946 4044 1412 4107 honestandis
1460 4046 1967 4126 cogitaremus,
2026 4046 2390 4127 paulisper
2439 4066 2527 4107 ex
2576 4066 2665 4108 ea
2714 4044 2857 4128 opi-

345 4142 516 4209 nione
557 4151 935 4231 deturbati,
985 4153 1196 4215 valde
1244 4152 1611 4233 iucunde2)
1661 4153 2046 4233 accipimus
2094 4153 2485 4217 restitutam
2535 4153 2603 4215 in
2654 4155 2859 4217 nobis

345 4268 472 4315 esse
513 4256 738 4321 officio
806 4268 878 4320 et
925 4258 1296 4341 diligentia
1351 4258 1746 4322 litterarum
1799 4270 2077 4323 tuarum
2130 4269 2435 4322 mentem
2491 4260 2857 4341 pristinam

347 4353 634 4439 diligendi
686 4366 810 4430 tui.
905 4365 1146 4447 Atque
1195 4366 1491 4446 utinam,
1558 4367 1748 4447 quod
1796 4368 1935 4430 iam
1986 4367 2191 4431 nobis
2239 4378 2517 4429 constat
2566 4379 2855 4431 certum-

345 4480 459 4540 que
513 4481 634 4553 est,
698 4473 790 4535 de
838 4472 1074 4535 officio
1133 4480 1205 4535 et
1252 4475 1618 4537 voluntate
1666 4484 1787 4537 tua
1848 4475 1919 4537 in
1968 4477 2151 4537 hanc
2200 4476 2538 4537 Sanctam
2596 4476 2857 4538 Sedem

347 4586 881 4661 communemque
929 4580 1066 4643 Dei
1130 4580 1298 4644 fidei
1358 4581 1429 4643 id
1493 4583 1682 4663 apud
1743 4593 2065 4645 caeteros
2115 4602 2357 4645 omnes
2408 4603 2858 4647 cerneremus

401 4798 436 4866 ι)
468 4804 623 4860 Edidit
661 4814 940 4860 Laemmer
976 4813 1068 4861 sed
1107 4829 1212 4862 non
1251 4814 1302 4862 in
1343 4815 1588 4863 omnibus
1629 4822 1784 4864 recte.

399 4886 438 4951 ¹)
471 4894 742 4950 Laemmer:
781 4904 1092 4950 laetabunde:
1127 4906 1434 4965 accepimus.

391 4995 526 5051 Balan,
547 5004 820 5048 Documenta.
839 5008 1116 5049 Ianthen-ana.
2502 4994 2534 5043 9
