3575 5775
1780 557 2276 619 ΦθΒΜῶ-«θ

744 705 911 769 fiate
984 717 1337 772 monstrat
1402 711 1535 773 che
1606 709 1699 773 lui
1770 710 2094 774 horamai
2153 731 2296 773 non
2355 709 2416 772 ci
2464 709 2658 773 fusse
2705 711 2924 773 molto
2970 707 3271 791 propiti0,

746 816 879 878 che
942 826 1277 896 questoro
1344 818 1631 880 tandem
1679 820 1976 881 venerdl
2027 828 2318 900 passato
2367 838 2680 881 venneto
2726 817 2796 880 in
2845 827 3098 898 questa
3139 836 3272 878 con-

746 922 1019 984 clusion
1067 923 1377 986 unanimi
1427 926 1737 988 omnium
1784 946 2138 988 consensu
2187 925 2396 988 cheli
2427 923 2737 1007 principi
2781 924 2900 1006 poi
2951 926 3082 987 che
3126 923 3273 986 frus-

744 1040 855 1092 tra
900 1031 1227 1094 haveano
1275 1043 1549 1096 tentato
1598 1036 1731 1097 0110
1773 1033 2040 1097 Caesar
2086 1053 2414 1098 cereasse
2461 1032 2732 1096 trattati
2779 1033 2872 1094 de
2917 1051 3276 1094 conservat

744 1140 812 1200 la
858 1159 1037 1219 pace
1086 1160 1243 1202 cum
1292 1143 1356 1203 el
1406 1161 1483 1204 re
1532 1141 2132 1204 Christianissimo
2191 1143 2310 1224 (do
2369 1141 2492 1223 poi
2554 1142 2622 1204 le
2667 1142 2920 1203 lettere
2970 1140 3202 1202 scritte
3241 1159 3277 1199 a

742 1247 812 1308 10
860 1245 1187 1331 irnperio)
1236 1249 1412 1310 detti
1471 1248 1778 1331 principi
1839 1251 1931 1311 da
1977 1270 2055 1312 se
2103 1248 2311 1312 stessi
2357 1251 2595 1311 hanno
2645 1246 2824 1310 fatto
2872 1245 2980 1310 sui
3025 1248 3274 1308 ambas·

743 1353 989 1416 ciatori
1049 1355 1091 1416 l'
1120 1354 1385 1418 official
1434 1358 1522 1419 de
1570 1357 1872 1421 Treveri
1920 1366 1992 1421 et
2041 1356 2412 1421 darannoli
2459 1356 2579 1419 doi
2627 1353 2834 1418 Conti
2900 1354 2970 1417 in
3019 1373 3276 1434 compa·

740 1461 942 1543 guia,
1020 1484 1173 1525 cum
1224 1465 1476 1527 lettere
1526 1467 1595 1528 al
1640 1486 1721 1528 re
1768 1465 2404 1545 Christianissim0‚
2483 1462 2902 1527 suadendoli
2951 1481 3085 1544 per
3128 1458 3280 1542 ogni

739 1571 929 1632 bona
989 1570 1105 1632 via
1166 1591 1207 1632 a
1263 1591 1405 1633 non
1468 1573 1667 1634 voler
1733 1592 1982 1636 cercar
2043 1591 2306 1654 guerra
2360 1581 2433 1634 et
2497 1589 2718 1634 ancor
2783 1571 2914 1632 che
2979 1567 3052 1630 in
3103 1569 3278 1630 dette

738 1677 991 1739 lettere
1038 1696 1181 1739 non
1228 1676 1534 1742 scrivino
1588 1680 1794 1759 altr0‚
1842 1680 2226 1742 tuttavolta
2272 1681 2511 1742 hanno
2558 1678 2894 1740 concluso
2944 1676 3066 1757 qui
3113 1674 3281 1737 intra

736 1784 890 1845 loro
940 1784 1223 1848 omnino
1271 1788 1473 1850 voler
1520 1789 1925 1850 accelerare
1973 1789 2038 1850 el
2087 1786 2404 1850 subsidio
2461 1786 2632 1848 delli
2679 1784 2842 1847 XX
2896 1782 3064 1846 mila
3119 1779 3278 1843 fanti

737 1900 809 1953 et
843 1890 945 1952 IV
976 1891 1143 1954 mila
1190 1894 1446 1956 cavalli
1493 1915 1625 1977 per
1673 1894 1884 1978 piliar
1930 1895 1998 1956 la
2027 1915 2296 1957 corona
2341 1895 2542 1974 darlo
2577 1894 2645 1955 al
2679 1893 2880 1954 voler
2911 1892 3000 1952 de
3031 1889 3283 1953 Caesar

736 2009 985 2060 contra
1032 1999 1081 2061 li
1114 1999 1452 2064 Francesi
1499 2012 1572 2064 et
1620 2001 1793 2084 ogni
1841 2004 2024 2064 altro
2073 2003 2232 2065 chel
2279 2003 2642 2064 volessero
2676 1995 3094 2080 oltraggiar,
3142 2015 3280 2077 spe·

734 2103 1083 2168 cificando
1151 2109 1363 2171 etiam
1431 2119 1682 2172 contra
1728 2108 2102 2173 Svitenses
2164 2109 2360 2191 ipsos
2423 2117 2495 2171 et
2557 2109 2748 2171 nullo
2813 2115 3026 2188 pacto
3096 2104 3284 2166 voler

734 2213 1153 2276 abandonar
1202 2217 1265 2278 el
1316 2236 1443 2278 suo
1490 2217 1944 2299 imperatore.
2039 2217 2310 2298 Questa
2372 2215 2782 2296 conclusion
2829 2233 3074 2296 presa,
3123 2211 3281 2275 Cae·

732 2339 850 2380 sar
896 2321 1289 2384 vedendosi
1336 2324 1487 2396 voti
1535 2335 1937 2406 compotem
1985 2323 2142 2387 fece
2189 2325 2262 2386 la
2308 2332 2552 2386 nostra
2585 2318 3044 2403 expeditione
3094 2327 3282 2381 tanto

734 2426 1224 2491 dextramente
1284 2441 1549 2511 quanto
1597 2431 2012 2511 volentieri,
2079 2442 2452 2512 utrumque
2518 2449 2692 2492 vero
2753 2447 2883 2510 per
2937 2435 3126 2489 tutta
3172 2445 3282 2488 ex-

730 2534 1063 2596 cellentia
1111 2544 1184 2598 et
1231 2545 1413 2598 tutto
1462 2536 1532 2599 fe
1581 2537 1674 2599 da
1720 2558 1799 2600 se
1847 2541 1998 2600 solo
2049 2539 2182 2601 che
2232 2537 2268 2600 ὲ
2319 2557 2486 2599 cosa
2533 2536 2606 2597 di
2656 2532 3097 2616 maraviglia.
3179 2533 3283 2594 De

730 2642 797 2703 le
846 2662 1112 2704 summe
1160 2641 1343 2704 virtu
1395 2644 1485 2704 de
1534 2652 1785 2726 questo
1843 2649 1988 2708 cosl
2051 2644 2368 2726 glorioso
2429 2643 2737 2725 giovene
2797 2639 3162 2723 principe,
3223 2639 3284 2700 el
3339 2691 3348 2700 .

730 2751 895 2830 qual
944 2770 1055 2812 me
1104 2770 1237 2832 par
1284 2753 1415 2813 che
1465 2752 1602 2813 mai
1650 2752 1854 2832 falla,
1915 2774 1992 2815 se
2043 2773 2184 2816 non
2233 2753 2518 2833 quando
2567 2771 2644 2813 se
2691 2751 2881 2812 lassa
2927 2750 3284 2829 gubernar

728 2857 819 2919 ad
868 2857 1049 2938 altri,
1100 2877 1143 2921 o
1192 2859 1324 2921 che
1373 2858 1440 2921 lo
1481 2859 1677 2922 habii
1708 2879 1840 2942 per
1873 2858 2294 2942 inspiration
2328 2857 2569 2922 divina
2601 2878 2642 2921 o
2677 2877 2818 2920 non
2848 2854 2996 2919 scio
3031 2855 3284 2918 donde.

728 2964 941 3027 Certo
999 2965 1067 3028 in
1137 2977 1388 3048 questa
1444 2988 1613 3031 cosa
1660 2969 2034 3031 lutherana
2082 2987 2302 3030 ancor
2350 2968 2482 3029 che
2531 2965 2590 3029 si
2636 2962 2832 3027 habii
2877 2964 3147 3025 havuto
3195 2961 3285 3023 in-

726 3072 904 3135 finiti
953 3072 1224 3136 fastidii
1272 3084 1343 3136 et
1390 3073 1508 3156 qui
1558 3086 1631 3139 et
1678 3079 1895 3155 costl,
1945 3084 2129 3138 tutta
2177 3075 2374 3137 volta
2421 3074 2490 3136 el
2521 3072 2732 3135 modo
2763 3074 2894 3133 che
2929 3069 2972 3133 1’
2998 3071 3094 3132 ha
3129 3089 3285 3132 con-

727 3180 929 3242 dotta
958 3180 1180 3243 Cesar
1214 3180 1252 3243 0
1283 3183 1510 3244 sciuta
1544 3184 1764 3245 molto
1801 3185 2019 3245 molto
2055 3180 2264 3245 melio
2298 3200 2430 3264 per
2456 3179 2575 3243 voi
2607 3199 2683 3242 se
2700 3177 2933 3241 statim
2951 3178 3020 3239 al
3035 3175 3284 3259 princi-

726 3285 844 3367 pio
915 3289 1004 3349 de
1067 3289 1139 3350 la
1202 3286 1395 3351 dieta
1455 3288 1497 3351 l'
1525 3291 1830 3353 havesse
1879 3289 2223 3372 expedito
2273 3288 2322 3351 li
2371 3285 2704 3351 mandati.
2801 3287 2911 3349 De
2960 3283 3288 3346 omnibus

729 3394 1053 3456 laudetur
1100 3395 1297 3457 Deus
1346 3405 1417 3459 et
1464 3397 1882 3479 mantenghi
1932 3406 2186 3479 questo
2232 3399 2424 3459 bono
2473 3394 2706 3457 animo
2755 3394 2846 3455 de
2878 3392 3099 3455 Cesar
3145 3391 3286 3454 alla

723 3502 1168 3582 protectione
1218 3503 1307 3565 de
1356 3500 1628 3567 Sancta
1675 3504 1954 3568 Chiesa.

902 3644 1067 3707 Una
1129 3666 1297 3707 cosa
1358 3647 1511 3709 sola
1568 3667 1678 3708 me
1728 3646 1886 3708 dice
1951 3649 2016 3709 el
2067 3646 2453 3710 Confessor
2499 3654 2784 3708 trovare
2834 3663 2972 3705 non
3022 3649 3288 3723 troppo

721 3754 911 3814 bona
958 3752 1029 3814 in
1078 3752 1191 3833 lui,
1245 3754 1375 3815 che
1424 3755 1469 3815 'l
1518 3764 1704 3816 teme
1736 3755 1868 3816 che
1904 3774 2044 3816 non
2089 3752 2296 3816 facile
2350 3750 2812 3815 obliviscatur
2850 3747 3287 3829 iniuriarum,

722 3869 972 3940 questo
1035 3858 1131 3922 lui
1197 3862 1290 3921 110
1350 3880 1478 3942 per
1540 3860 1660 3942 piu
1726 3860 2113 3923 intrinseca
2159 3858 2466 3941 prattica
2513 3857 2586 3920 di
2633 3878 2760 3920 sua
2809 3856 3288 3927 conscientia:

720 3965 888 4028 mihi
937 3987 1110 4030 vero
1159 3966 1369 4031 facile
1419 3966 1497 4029 fit
1544 3968 1924 4031 verisimile
1991 3987 2122 4048 per
2171 3988 2365 4031 esser
2413 3967 2623 4029 homo
2670 3968 2889 4029 molto
2938 3985 3169 4048 grave
3219 3972 3292 4027 et

718 4072 867 4135 fixo
884 4122 901 4153 ‚
974 4072 1199 4155 perho
1262 4075 1709 4138 considerino
1760 4078 1900 4138 ben
1953 4075 2183 4157 questi
2230 4073 2536 4157 principi
2587 4076 2718 4136 che
2767 4074 2811 4136 ’l
2857 4075 3288 4136 molestanO.

900 4214 1217 4279 Chevres
1283 4216 1400 4299 gia
1464 4218 1567 4281 sei
1632 4240 1674 4281 o
1742 4228 1926 4281 sette
1976 4217 2048 4281 di
2097 4218 2136 4282 0
2185 4228 2369 4281 stato
2419 4218 2926 4281 abbandonato
2976 4215 3098 4279 dai
3148 4236 3290 4279 me·

720 4320 859 4382 dici
907 4331 979 4383 et
1024 4342 1156 4403 par
1204 4324 1335 4385 che
1384 4322 1453 4384 in
1504 4333 1757 4405 questa
1807 4334 2004 4387 corte
2054 4345 2195 4388 non
2253 4324 2313 4387 si
2363 4324 2544 4405 parli
2592 4324 2712 4406 piu
2763 4325 2830 4387 al
2880 4324 3144 4386 mondo
3197 4324 3288 4384 de

718 4426 836 4507 lui,
887 4429 1018 4490 che
1066 4428 1123 4491 si
1174 4428 1312 4490 mai
1360 4450 1499 4492 non
1550 4430 1740 4493 fusse
1800 4440 2022 4506 stato;
2086 4432 2173 4495 110
2232 4431 2291 4494 si
2351 4452 2577 4514 pensa
2623 4434 2876 4494 alcuno
2926 4430 2997 4493 di
3046 4430 3149 4493 lui
3199 4432 3288 4493 ne

718 4534 999 4616 parenti
1067 4535 1151 4598 ne
1202 4538 1663 4601 benvolienti.
1760 4538 1822 4603 O
1872 4539 2012 4602 Dio
2062 4540 2193 4603 0110
2242 4540 2662 4613 mutatione;
2727 4560 2768 4601 0
2833 4538 2946 4601 chi
3011 4536 3070 4601 si
3139 4537 3290 4601 fida

717 4639 836 4722 piu
887 4640 957 4703 in
1008 4653 1260 4723 questo
1308 4647 1622 4709 mondo?
1714 4645 1807 4708 Et
1855 4667 1990 4729 pur
2037 4667 2255 4711 ancor
2283 4647 2507 4729 hoggi
2539 4646 2598 4709 si
2628 4647 2786 4711 dice
2821 4648 2952 4709 che
2998 4648 3091 4709 ha
3143 4648 3288 4708 ben

719 4748 1022 4810 dormito
1074 4759 1146 4811 et
1192 4750 1447 4814 sudato
1497 4752 1720 4835 assai,
1788 4754 1839 4815 il
1896 4755 2027 4817 che
2076 4754 2332 4817 dicono
2382 4755 2511 4817 dar
2559 4757 2798 4817 buona
2846 4772 3201 4835 speranza
3248 4772 3289 4816 e

718 4855 785 4925 el
834 4875 961 4927 suo
1012 4855 1206 4918 XXI
1255 4856 1543 4938 giorn03
1595 4880 1739 4922 non
1786 4861 1935 4924 scio
1985 4861 2222 4942 quello
2271 4860 2430 4925 sara
2479 4882 2521 4925 0
2571 4859 2655 4924 sii
2703 4862 2770 4923 al
2817 4868 3181 4943 presente.
