<?xml version="1.0" encoding="UTF-8"?>
<!DOCTYPE html PUBLIC "-//W3C//DTD XHTML 1.0 Transitional//EN"
    "http://www.w3.org/TR/xhtml1/DTD/xhtml1-transitional.dtd">
<html xmlns="http://www.w3.org/1999/xhtml" xml:lang="en" lang="en">
 <head>
  <title>
</title>
<meta http-equiv="Content-Type" content="text/html;charset=utf-8" />
  <meta name='ocr-system' content='tesseract 3.04.00' />
  <meta name='ocr-capabilities' content='ocr_page ocr_carea ocr_par ocr_line ocrx_word'/>
</head>
<body>
  <div class='ocr_page' id='page_1' title='image "./monumentareform02vatigoog_0413.png"; bbox 0 0 3575 5775; ppageno 0'>
   <div class='ocr_carea' id='block_1_1' title="bbox 1358 556 1853 635">
    <p class='ocr_par' dir='ltr' id='par_1_1' title="bbox 1358 556 1853 635">
     <span class='ocr_line' id='line_1_1' title="bbox 1358 556 1853 635; baseline -0.004 1"><span class='ocrx_word' id='word_1_1' title='bbox 1358 556 1656 635; x_wconf 59' lang='lat'><strong>0—43327</strong></span> <span class='ocrx_word' id='word_1_2' title='bbox 1735 578 1853 635; x_wconf 72' lang='lat' dir='ltr'>s&gt;-0</span> 
     </span>
    </p>
   </div>
   <div class='ocr_carea' id='block_1_2' title="bbox 313 723 2889 4980">
    <p class='ocr_par' dir='ltr' id='par_1_2' title="bbox 313 723 2889 4980">
     <span class='ocr_line' id='line_1_2' title="bbox 317 723 2883 809; baseline -0.001 -21"><span class='ocrx_word' id='word_1_3' title='bbox 317 724 562 789; x_wconf 89' lang='lat' dir='ltr'>sertim</span> <span class='ocrx_word' id='word_1_4' title='bbox 599 745 758 789; x_wconf 89' lang='lat' dir='ltr'>cum</span> <span class='ocrx_word' id='word_1_5' title='bbox 797 726 936 789; x_wconf 92' lang='lat' dir='ltr'>hoc</span> <span class='ocrx_word' id='word_1_6' title='bbox 967 725 1358 789; x_wconf 89' lang='lat' dir='ltr'>remedium</span> <span class='ocrx_word' id='word_1_7' title='bbox 1387 727 1480 789; x_wconf 86' lang='lat' dir='ltr'>ad</span> <span class='ocrx_word' id='word_1_8' title='bbox 1513 725 1949 808; x_wconf 89' lang='lat' dir='ltr'>aliquantum</span> <span class='ocrx_word' id='word_1_9' title='bbox 1981 734 2261 809; x_wconf 90' lang='lat' dir='ltr'>tempus</span> <span class='ocrx_word' id='word_1_10' title='bbox 2288 723 2559 789; x_wconf 90' lang='lat' dir='ltr'>differri</span> <span class='ocrx_word' id='word_1_11' title='bbox 2606 731 2883 807; x_wconf 80' lang='lat' dir='ltr'>posset3</span> 
     </span>
     <span class='ocr_line' id='line_1_3' title="bbox 316 831 2885 915; baseline 0 -22"><span class='ocrx_word' id='word_1_12' title='bbox 316 831 440 894; x_wconf 84' lang='lat' dir='ltr'>illa.</span> <span class='ocrx_word' id='word_1_13' title='bbox 485 852 664 896; x_wconf 87' lang='lat' dir='ltr'>vero</span> <span class='ocrx_word' id='word_1_14' title='bbox 712 832 1084 914; x_wconf 86' lang='lat' dir='ltr'>superiora.</span> <span class='ocrx_word' id='word_1_15' title='bbox 1132 853 1266 896; x_wconf 90' lang='lat' dir='ltr'>nec</span> <span class='ocrx_word' id='word_1_16' title='bbox 1314 834 1620 915; x_wconf 87' lang='lat' dir='ltr'>spatium</span> <span class='ocrx_word' id='word_1_17' title='bbox 1668 854 1800 897; x_wconf 89' lang='lat' dir='ltr'>nec</span> <span class='ocrx_word' id='word_1_18' title='bbox 1849 854 2116 897; x_wconf 89' lang='lat' dir='ltr'>moram</span> <span class='ocrx_word' id='word_1_19' title='bbox 2173 834 2387 896; x_wconf 89' lang='lat' dir='ltr'>ullam</span> <span class='ocrx_word' id='word_1_20' title='bbox 2448 839 2885 915; x_wconf 88' lang='lat' dir='ltr'>paterentur.</span> 
     </span>
     <span class='ocr_line' id='line_1_4' title="bbox 317 936 2888 1023; baseline -0 -22"><span class='ocrx_word' id='word_1_21' title='bbox 317 937 560 1019; x_wconf 80' lang='lat' dir='ltr'><strong>Quare</strong></span> <span class='ocrx_word' id='word_1_22' title='bbox 609 938 666 1002; x_wconf 92' lang='lat' dir='ltr'>si</span> <span class='ocrx_word' id='word_1_23' title='bbox 724 942 815 1002; x_wconf 91' lang='lat' dir='ltr'>ab</span> <span class='ocrx_word' id='word_1_24' title='bbox 863 939 1262 1003; x_wconf 88' lang='lat' dir='ltr'>huiusmodi</span> <span class='ocrx_word' id='word_1_25' title='bbox 1317 940 1604 1023; x_wconf 87' lang='lat' dir='ltr'>optimis</span> <span class='ocrx_word' id='word_1_26' title='bbox 1650 940 2091 1023; x_wconf 89' lang='lat' dir='ltr'>principibus</span> <span class='ocrx_word' id='word_1_27' title='bbox 2138 949 2212 1004; x_wconf 90' lang='lat' dir='ltr'>et</span> <span class='ocrx_word' id='word_1_28' title='bbox 2255 938 2413 1022; x_wconf 87' lang='lat' dir='ltr'>ipse</span> <span class='ocrx_word' id='word_1_29' title='bbox 2460 936 2888 1002; x_wconf 83' lang='lat' dir='ltr'>Germaniae</span> 
     </span>
     <span class='ocr_line' id='line_1_5' title="bbox 315 1048 2887 1130; baseline 0 -23"><span class='ocrx_word' id='word_1_30' title='bbox 315 1054 716 1109; x_wconf 87' lang='lat' dir='ltr'>conventus</span> <span class='ocrx_word' id='word_1_31' title='bbox 763 1048 940 1110; x_wconf 88' lang='lat' dir='ltr'>haec</span> <span class='ocrx_word' id='word_1_32' title='bbox 985 1066 1103 1109; x_wconf 89' lang='lat' dir='ltr'>res</span> <span class='ocrx_word' id='word_1_33' title='bbox 1150 1049 1279 1109; x_wconf 91' lang='lat' dir='ltr'>abs</span> <span class='ocrx_word' id='word_1_34' title='bbox 1326 1057 1398 1112; x_wconf 89' lang='lat' dir='ltr'>te</span> <span class='ocrx_word' id='word_1_35' title='bbox 1455 1049 1879 1130; x_wconf 91' lang='lat' dir='ltr'>postulatur,</span> <span class='ocrx_word' id='word_1_36' title='bbox 1948 1068 2089 1111; x_wconf 89' lang='lat' dir='ltr'>non</span> <span class='ocrx_word' id='word_1_37' title='bbox 2138 1049 2363 1130; x_wconf 81' lang='lat' dir='ltr'>solum</span> <span class='ocrx_word' id='word_1_38' title='bbox 2409 1048 2592 1109; x_wconf 86' lang='lat' dir='ltr'>hanc</span> <span class='ocrx_word' id='word_1_39' title='bbox 2643 1065 2887 1109; x_wconf 90' lang='lat' dir='ltr'>eorum</span> 
     </span>
     <span class='ocr_line' id='line_1_6' title="bbox 315 1150 2887 1236; baseline 0 -23"><span class='ocrx_word' id='word_1_40' title='bbox 315 1150 654 1217; x_wconf 87' lang='lat' dir='ltr'>virtutem</span> <span class='ocrx_word' id='word_1_41' title='bbox 718 1162 791 1215; x_wconf 91' lang='lat' dir='ltr'>et</span> <span class='ocrx_word' id='word_1_42' title='bbox 855 1152 1340 1236; x_wconf 89' lang='lat' dir='ltr'>dignissimam</span> <span class='ocrx_word' id='word_1_43' title='bbox 1405 1154 1595 1218; x_wconf 89' lang='lat' dir='ltr'>omni</span> <span class='ocrx_word' id='word_1_44' title='bbox 1658 1156 1853 1218; x_wconf 90' lang='lat' dir='ltr'>laudi</span> <span class='ocrx_word' id='word_1_45' title='bbox 1917 1157 2355 1218; x_wconf 87' lang='lat' dir='ltr'>voluntatem</span> <span class='ocrx_word' id='word_1_46' title='bbox 2424 1154 2497 1216; x_wconf 88' lang='lat' dir='ltr'>in</span> <span class='ocrx_word' id='word_1_47' title='bbox 2578 1152 2887 1215; x_wconf 90' lang='lat' dir='ltr'>Domino</span> 
     </span>
     <span class='ocr_line' id='line_1_7' title="bbox 316 1256 2888 1345; baseline 0 -25"><span class='ocrx_word' id='word_1_48' title='bbox 316 1260 917 1341; x_wconf 83' lang='lat' dir='ltr'>commendamus,</span> <span class='ocrx_word' id='word_1_49' title='bbox 979 1261 1106 1323; x_wconf 91' lang='lat' dir='ltr'>sed</span> <span class='ocrx_word' id='word_1_50' title='bbox 1153 1271 1434 1343; x_wconf 87' lang='lat' dir='ltr'>gratum</span> <span class='ocrx_word' id='word_1_51' title='bbox 1496 1262 1787 1345; x_wconf 81' lang='lat' dir='ltr'>insuper</span> <span class='ocrx_word' id='word_1_52' title='bbox 1853 1262 2197 1325; x_wconf 89' lang='lat' dir='ltr'>habemus</span> <span class='ocrx_word' id='word_1_53' title='bbox 2259 1261 2451 1342; x_wconf 90' lang='lat' dir='ltr'>quod</span> <span class='ocrx_word' id='word_1_54' title='bbox 2522 1259 2625 1323; x_wconf 87' lang='lat' dir='ltr'>rei</span> <span class='ocrx_word' id='word_1_55' title='bbox 2681 1256 2888 1322; x_wconf 92' lang='lat' dir='ltr'>nobis</span> 
     </span>
     <span class='ocr_line' id='line_1_8' title="bbox 315 1365 2889 1451; baseline 0.001 -25"><span class='ocrx_word' id='word_1_56' title='bbox 315 1365 702 1430; x_wconf 84' lang='lat' dir='ltr'>admodum</span> <span class='ocrx_word' id='word_1_57' title='bbox 781 1366 1234 1431; x_wconf 85' lang='lat' dir='ltr'>desideratae</span> <span class='ocrx_word' id='word_1_58' title='bbox 1294 1370 1614 1431; x_wconf 90' lang='lat' dir='ltr'>laborem</span> <span class='ocrx_word' id='word_1_59' title='bbox 1696 1389 1823 1432; x_wconf 90' lang='lat' dir='ltr'>sua</span> <span class='ocrx_word' id='word_1_60' title='bbox 1887 1368 2259 1451; x_wconf 81' lang='lat' dir='ltr'>diligentia</span> <span class='ocrx_word' id='word_1_61' title='bbox 2329 1367 2535 1432; x_wconf 91' lang='lat' dir='ltr'>nobis</span> <span class='ocrx_word' id='word_1_62' title='bbox 2614 1366 2889 1430; x_wconf 87' lang='lat' dir='ltr'>faciunt</span> 
     </span>
     <span class='ocr_line' id='line_1_9' title="bbox 314 1471 2885 1559; baseline 0 -25"><span class='ocrx_word' id='word_1_63' title='bbox 314 1472 684 1537; x_wconf 87' lang='lat' dir='ltr'>leviorem.</span> <span class='ocrx_word' id='word_1_64' title='bbox 793 1471 943 1539; x_wconf 90' lang='lat' dir='ltr'>Sed</span> <span class='ocrx_word' id='word_1_65' title='bbox 1001 1474 1179 1538; x_wconf 92' lang='lat' dir='ltr'>illud</span> <span class='ocrx_word' id='word_1_66' title='bbox 1248 1484 1355 1538; x_wconf 89' lang='lat' dir='ltr'>est</span> <span class='ocrx_word' id='word_1_67' title='bbox 1418 1474 1961 1559; x_wconf 84' lang='lat' dir='ltr'>diligentissime</span> <span class='ocrx_word' id='word_1_68' title='bbox 2024 1474 2733 1538; x_wconf 87' lang='lat' dir='ltr'>animadvertendum</span> <span class='ocrx_word' id='word_1_69' title='bbox 2795 1474 2885 1535; x_wconf 91' lang='lat' dir='ltr'>de</span> 
     </span>
     <span class='ocr_line' id='line_1_10' title="bbox 315 1579 2885 1665; baseline 0 -24"><span class='ocrx_word' id='word_1_70' title='bbox 315 1598 456 1661; x_wconf 92' lang='lat' dir='ltr'>quo</span> <span class='ocrx_word' id='word_1_71' title='bbox 522 1590 600 1641; x_wconf 94' lang='lat' dir='ltr'>tu</span> <span class='ocrx_word' id='word_1_72' title='bbox 659 1579 867 1644; x_wconf 91' lang='lat' dir='ltr'>nobis</span> <span class='ocrx_word' id='word_1_73' title='bbox 931 1600 1077 1644; x_wconf 89' lang='lat' dir='ltr'>non</span> <span class='ocrx_word' id='word_1_74' title='bbox 1138 1580 1239 1644; x_wconf 90' lang='lat' dir='ltr'>ita</span> <span class='ocrx_word' id='word_1_75' title='bbox 1301 1583 1514 1664; x_wconf 89' lang='lat' dir='ltr'>plene</span> <span class='ocrx_word' id='word_1_76' title='bbox 1581 1592 1975 1665; x_wconf 89' lang='lat' dir='ltr'>aperteque</span> <span class='ocrx_word' id='word_1_77' title='bbox 2044 1582 2421 1665; x_wconf 88' lang='lat' dir='ltr'>scripsisti,</span> <span class='ocrx_word' id='word_1_78' title='bbox 2495 1601 2659 1644; x_wconf 89' lang='lat' dir='ltr'>num</span> <span class='ocrx_word' id='word_1_79' title='bbox 2720 1580 2885 1643; x_wconf 89' lang='lat' dir='ltr'>huic</span> 
     </span>
     <span class='ocr_line' id='line_1_11' title="bbox 315 1686 2885 1771; baseline 0.001 -24"><span class='ocrx_word' id='word_1_80' title='bbox 315 1695 568 1749; x_wconf 89' lang='lat' dir='ltr'>sancto</span> <span class='ocrx_word' id='word_1_81' title='bbox 617 1686 822 1769; x_wconf 87' lang='lat' dir='ltr'>operi</span> <span class='ocrx_word' id='word_1_82' title='bbox 869 1707 1112 1751; x_wconf 90' lang='lat' dir='ltr'>omnes</span> <span class='ocrx_word' id='word_1_83' title='bbox 1159 1688 1521 1771; x_wconf 89' lang='lat' dir='ltr'>principes</span> <span class='ocrx_word' id='word_1_84' title='bbox 1570 1690 1690 1771; x_wconf 90' lang='lat' dir='ltr'>qui</span> <span class='ocrx_word' id='word_1_85' title='bbox 1729 1690 1803 1754; x_wconf 93' lang='lat' dir='ltr'>in</span> <span class='ocrx_word' id='word_1_86' title='bbox 1838 1700 2195 1753; x_wconf 89' lang='lat' dir='ltr'>conventu</span> <span class='ocrx_word' id='word_1_87' title='bbox 2227 1691 2460 1753; x_wconf 89' lang='lat' dir='ltr'>locum</span> <span class='ocrx_word' id='word_1_88' title='bbox 2491 1707 2885 1769; x_wconf 89' lang='lat' dir='ltr'>vocemque</span> 
     </span>
     <span class='ocr_line' id='line_1_12' title="bbox 317 1792 2885 1879; baseline 0 -25"><span class='ocrx_word' id='word_1_89' title='bbox 317 1792 651 1856; x_wconf 88' lang='lat' dir='ltr'>obtinent</span> <span class='ocrx_word' id='word_1_90' title='bbox 730 1803 874 1857; x_wconf 91' lang='lat' dir='ltr'>tam</span> <span class='ocrx_word' id='word_1_91' title='bbox 943 1797 1378 1876; x_wconf 89' lang='lat' dir='ltr'>temporales</span> <span class='ocrx_word' id='word_1_92' title='bbox 1459 1817 1668 1879; x_wconf 92' lang='lat' dir='ltr'>quam</span> <span class='ocrx_word' id='word_1_93' title='bbox 1740 1796 2199 1860; x_wconf 89' lang='lat' dir='ltr'>ecclesiastici</span> <span class='ocrx_word' id='word_1_94' title='bbox 2272 1794 2750 1869; x_wconf 80' lang='lat' dir='ltr'>consentiant3</span> <span class='ocrx_word' id='word_1_95' title='bbox 2828 1793 2885 1856; x_wconf 89' lang='lat' dir='ltr'>si</span> 
     </span>
     <span class='ocr_line' id='line_1_13' title="bbox 317 1900 2884 1968; baseline 0 -6"><span class='ocrx_word' id='word_1_96' title='bbox 317 1900 504 1963; x_wconf 85' lang='lat' dir='ltr'>enim</span> <span class='ocrx_word' id='word_1_97' title='bbox 554 1920 736 1964; x_wconf 90' lang='lat' dir='ltr'>unus</span> <span class='ocrx_word' id='word_1_98' title='bbox 784 1910 892 1965; x_wconf 90' lang='lat' dir='ltr'>est</span> <span class='ocrx_word' id='word_1_99' title='bbox 941 1902 1216 1965; x_wconf 87' lang='lat' dir='ltr'>animus</span> <span class='ocrx_word' id='word_1_100' title='bbox 1263 1904 1570 1967; x_wconf 89' lang='lat' dir='ltr'>omnium</span> <span class='ocrx_word' id='word_1_101' title='bbox 1635 1916 1705 1966; x_wconf 90' lang='lat' dir='ltr'>et</span> <span class='ocrx_word' id='word_1_102' title='bbox 1765 1925 1907 1967; x_wconf 90' lang='lat' dir='ltr'>una</span> <span class='ocrx_word' id='word_1_103' title='bbox 1966 1925 2050 1967; x_wconf 92' lang='lat' dir='ltr'>ac</span> <span class='ocrx_word' id='word_1_104' title='bbox 2109 1904 2561 1968; x_wconf 90' lang='lat' dir='ltr'>consentiens</span> <span class='ocrx_word' id='word_1_105' title='bbox 2620 1902 2689 1965; x_wconf 89' lang='lat' dir='ltr'>in</span> <span class='ocrx_word' id='word_1_106' title='bbox 2748 1902 2884 1964; x_wconf 92' lang='lat' dir='ltr'>hoc</span> 
     </span>
     <span class='ocr_line' id='line_1_14' title="bbox 314 2005 2885 2094; baseline 0.002 -26"><span class='ocrx_word' id='word_1_107' title='bbox 314 2005 413 2069; x_wconf 87' lang='lat' dir='ltr'>ita</span> <span class='ocrx_word' id='word_1_108' title='bbox 457 2006 588 2070; x_wconf 88' lang='lat' dir='ltr'>fiet</span> <span class='ocrx_word' id='word_1_109' title='bbox 633 2008 1053 2090; x_wconf 89' lang='lat' dir='ltr'>postulatio,</span> <span class='ocrx_word' id='word_1_110' title='bbox 1103 2029 1194 2073; x_wconf 90' lang='lat' dir='ltr'>ne</span> <span class='ocrx_word' id='word_1_111' title='bbox 1240 2019 1579 2092; x_wconf 90' lang='lat' dir='ltr'>punctum</span> <span class='ocrx_word' id='word_1_112' title='bbox 1628 2012 1913 2094; x_wconf 90' lang='lat' dir='ltr'>quidem</span> <span class='ocrx_word' id='word_1_113' title='bbox 1959 2010 2302 2094; x_wconf 88' lang='lat' dir='ltr'>temporis</span> <span class='ocrx_word' id='word_1_114' title='bbox 2348 2011 2675 2074; x_wconf 88' lang='lat' dir='ltr'>volumus</span> <span class='ocrx_word' id='word_1_115' title='bbox 2724 2030 2765 2071; x_wconf 92' lang='lat' dir='ltr'>a</span> <span class='ocrx_word' id='word_1_116' title='bbox 2812 2017 2885 2072; x_wconf 89' lang='lat' dir='ltr'>te</span> 
     </span>
     <span class='ocr_line' id='line_1_15' title="bbox 313 2113 2884 2200; baseline 0 -25"><span class='ocrx_word' id='word_1_117' title='bbox 313 2134 464 2177; x_wconf 89' lang='lat' dir='ltr'>rem</span> <span class='ocrx_word' id='word_1_118' title='bbox 516 2113 821 2195; x_wconf 87' lang='lat' dir='ltr'>differri,</span> <span class='ocrx_word' id='word_1_119' title='bbox 884 2116 1156 2199; x_wconf 84' lang='lat' dir='ltr'>tibique</span> <span class='ocrx_word' id='word_1_120' title='bbox 1221 2126 1293 2180; x_wconf 86' lang='lat' dir='ltr'>et</span> <span class='ocrx_word' id='word_1_121' title='bbox 1353 2118 1810 2200; x_wconf 88' lang='lat' dir='ltr'>praesidendi</span> <span class='ocrx_word' id='word_1_122' title='bbox 1858 2118 1931 2180; x_wconf 91' lang='lat' dir='ltr'>in</span> <span class='ocrx_word' id='word_1_123' title='bbox 1978 2117 2133 2200; x_wconf 91' lang='lat' dir='ltr'>ipso</span> <span class='ocrx_word' id='word_1_124' title='bbox 2182 2126 2533 2180; x_wconf 87' lang='lat' dir='ltr'>conventu</span> <span class='ocrx_word' id='word_1_125' title='bbox 2583 2126 2654 2179; x_wconf 88' lang='lat' dir='ltr'>et</span> <span class='ocrx_word' id='word_1_126' title='bbox 2701 2135 2884 2197; x_wconf 87' lang='lat' dir='ltr'>quae</span> 
     </span>
     <span class='ocr_line' id='line_1_16' title="bbox 313 2219 2881 2289; baseline 0.001 -8"><span class='ocrx_word' id='word_1_127' title='bbox 313 2219 384 2281; x_wconf 89' lang='lat' dir='ltr'>in</span> <span class='ocrx_word' id='word_1_128' title='bbox 432 2240 522 2283; x_wconf 91' lang='lat' dir='ltr'>eo</span> <span class='ocrx_word' id='word_1_129' title='bbox 575 2219 867 2284; x_wconf 87' lang='lat' dir='ltr'>decreta</span> <span class='ocrx_word' id='word_1_130' title='bbox 929 2222 1022 2285; x_wconf 91' lang='lat' dir='ltr'>ad</span> <span class='ocrx_word' id='word_1_131' title='bbox 1088 2244 1456 2288; x_wconf 91' lang='lat' dir='ltr'>comunem</span> <span class='ocrx_word' id='word_1_132' title='bbox 1503 2224 2085 2289; x_wconf 87' lang='lat' dir='ltr'>reformationem</span> <span class='ocrx_word' id='word_1_133' title='bbox 2141 2244 2413 2288; x_wconf 90' lang='lat' dir='ltr'>morum</span> <span class='ocrx_word' id='word_1_134' title='bbox 2477 2223 2647 2287; x_wconf 89' lang='lat' dir='ltr'>cleri</span> <span class='ocrx_word' id='word_1_135' title='bbox 2712 2222 2881 2285; x_wconf 88' lang='lat' dir='ltr'>Ger-</span> 
     </span>
     <span class='ocr_line' id='line_1_17' title="bbox 315 2326 2888 2413; baseline 0.001 -26"><span class='ocrx_word' id='word_1_136' title='bbox 315 2326 550 2389; x_wconf 91' lang='lat' dir='ltr'>manie</span> <span class='ocrx_word' id='word_1_137' title='bbox 611 2326 916 2391; x_wconf 89' lang='lat' dir='ltr'>fecerint</span> <span class='ocrx_word' id='word_1_138' title='bbox 982 2330 1434 2413; x_wconf 89' lang='lat' dir='ltr'>approbandi</span> <span class='ocrx_word' id='word_1_139' title='bbox 1497 2340 1569 2395; x_wconf 86' lang='lat' dir='ltr'>et</span> <span class='ocrx_word' id='word_1_140' title='bbox 1635 2329 2098 2395; x_wconf 88' lang='lat' dir='ltr'>confirmandi</span> <span class='ocrx_word' id='word_1_141' title='bbox 2161 2330 2581 2395; x_wconf 88' lang='lat' dir='ltr'>auctoritate</span> <span class='ocrx_word' id='word_1_142' title='bbox 2643 2339 2888 2392; x_wconf 87' lang='lat' dir='ltr'>nostra</span> 
     </span>
     <span class='ocr_line' id='line_1_18' title="bbox 314 2435 2884 2521; baseline 0.001 -27"><span class='ocrx_word' id='word_1_143' title='bbox 314 2440 569 2496; x_wconf 86' lang='lat' dir='ltr'>tenore</span> <span class='ocrx_word' id='word_1_144' title='bbox 643 2435 1124 2517; x_wconf 87' lang='lat' dir='ltr'>praesentium</span> <span class='ocrx_word' id='word_1_145' title='bbox 1195 2440 1504 2520; x_wconf 88' lang='lat' dir='ltr'>amplam</span> <span class='ocrx_word' id='word_1_146' title='bbox 1573 2447 2004 2521; x_wconf 89' lang='lat' dir='ltr'>potestatem</span> <span class='ocrx_word' id='word_1_147' title='bbox 2083 2438 2287 2502; x_wconf 91' lang='lat' dir='ltr'>simul</span> <span class='ocrx_word' id='word_1_148' title='bbox 2357 2447 2430 2501; x_wconf 93' lang='lat' dir='ltr'>et</span> <span class='ocrx_word' id='word_1_149' title='bbox 2471 2437 2884 2501; x_wconf 88' lang='lat' dir='ltr'>facultatem</span> 
     </span>
     <span class='ocr_line' id='line_1_19' title="bbox 315 2540 2885 2628; baseline 0.002 -26"><span class='ocrx_word' id='word_1_150' title='bbox 315 2540 804 2614; x_wconf 87' lang='lat' dir='ltr'>concedimus;</span> <span class='ocrx_word' id='word_1_151' title='bbox 855 2542 964 2607; x_wconf 91' lang='lat' dir='ltr'>sin</span> <span class='ocrx_word' id='word_1_152' title='bbox 1012 2553 1247 2606; x_wconf 88' lang='lat' dir='ltr'>autem</span> <span class='ocrx_word' id='word_1_153' title='bbox 1279 2544 1638 2626; x_wconf 90' lang='lat' dir='ltr'>intelligas</span> <span class='ocrx_word' id='word_1_154' title='bbox 1671 2565 1811 2608; x_wconf 89' lang='lat' dir='ltr'>non</span> <span class='ocrx_word' id='word_1_155' title='bbox 1845 2566 1922 2609; x_wconf 91' lang='lat' dir='ltr'>re</span> <span class='ocrx_word' id='word_1_156' title='bbox 1953 2544 2240 2628; x_wconf 92' lang='lat' dir='ltr'>publice</span> <span class='ocrx_word' id='word_1_157' title='bbox 2272 2544 2345 2607; x_wconf 90' lang='lat' dir='ltr'>in</span> <span class='ocrx_word' id='word_1_158' title='bbox 2375 2544 2885 2608; x_wconf 85' lang='lat' dir='ltr'>discussionem</span> 
     </span>
     <span class='ocr_line' id='line_1_20' title="bbox 315 2647 2883 2735; baseline 0.002 -27"><span class='ocrx_word' id='word_1_159' title='bbox 315 2647 660 2730; x_wconf 91' lang='lat' dir='ltr'>adducta,</span> <span class='ocrx_word' id='word_1_160' title='bbox 727 2670 816 2712; x_wconf 91' lang='lat' dir='ltr'>ne</span> <span class='ocrx_word' id='word_1_161' title='bbox 883 2670 1024 2732; x_wconf 91' lang='lat' dir='ltr'>qua</span> <span class='ocrx_word' id='word_1_162' title='bbox 1071 2652 1435 2716; x_wconf 86' lang='lat' dir='ltr'>contentio</span> <span class='ocrx_word' id='word_1_163' title='bbox 1485 2650 1883 2735; x_wconf 83' lang='lat' dir='ltr'>exoriatur,</span> <span class='ocrx_word' id='word_1_164' title='bbox 1942 2654 2071 2716; x_wconf 91' lang='lat' dir='ltr'>sed</span> <span class='ocrx_word' id='word_1_165' title='bbox 2118 2651 2527 2733; x_wconf 88' lang='lat' dir='ltr'>singulatim</span> <span class='ocrx_word' id='word_1_166' title='bbox 2574 2650 2883 2714; x_wconf 91' lang='lat' dir='ltr'>omnium</span> 
     </span>
     <span class='ocr_line' id='line_1_21' title="bbox 315 2754 2881 2842; baseline 0.002 -27"><span class='ocrx_word' id='word_1_167' title='bbox 315 2754 804 2819; x_wconf 88' lang='lat' dir='ltr'>voluntatibus</span> <span class='ocrx_word' id='word_1_168' title='bbox 870 2757 1305 2840; x_wconf 80' lang='lat' dir='ltr'>perspectiS,</span> <span class='ocrx_word' id='word_1_169' title='bbox 1379 2758 1686 2841; x_wconf 85' lang='lat' dir='ltr'>aliquam</span> <span class='ocrx_word' id='word_1_170' title='bbox 1745 2770 2022 2842; x_wconf 86' lang='lat' dir='ltr'>partem</span> <span class='ocrx_word' id='word_1_171' title='bbox 2071 2778 2579 2840; x_wconf 87' lang='lat' dir='ltr'>numerumque</span> <span class='ocrx_word' id='word_1_172' title='bbox 2625 2758 2881 2841; x_wconf 90' lang='lat' dir='ltr'>princi-</span> 
     </span>
     <span class='ocr_line' id='line_1_22' title="bbox 314 2864 2877 2949; baseline 0.002 -27"><span class='ocrx_word' id='word_1_173' title='bbox 314 2880 480 2942; x_wconf 90' lang='lat' dir='ltr'>pum</span> <span class='ocrx_word' id='word_1_174' title='bbox 532 2871 606 2926; x_wconf 91' lang='lat' dir='ltr'>et</span> <span class='ocrx_word' id='word_1_175' title='bbox 654 2882 898 2931; x_wconf 88' lang='lat' dir='ltr'>eorum</span> <span class='ocrx_word' id='word_1_176' title='bbox 947 2864 1065 2948; x_wconf 93' lang='lat' dir='ltr'>qui</span> <span class='ocrx_word' id='word_1_177' title='bbox 1111 2864 1537 2930; x_wconf 88' lang='lat' dir='ltr'>auctoritate</span> <span class='ocrx_word' id='word_1_178' title='bbox 1585 2868 1861 2949; x_wconf 92' lang='lat' dir='ltr'>pollent</span> <span class='ocrx_word' id='word_1_179' title='bbox 1916 2867 2010 2929; x_wconf 92' lang='lat' dir='ltr'>ab</span> <span class='ocrx_word' id='word_1_180' title='bbox 2055 2866 2189 2929; x_wconf 84' lang='lat' dir='ltr'>hac</span> <span class='ocrx_word' id='word_1_181' title='bbox 2239 2864 2593 2929; x_wconf 89' lang='lat' dir='ltr'>sententia</span> <span class='ocrx_word' id='word_1_182' title='bbox 2658 2884 2877 2928; x_wconf 91' lang='lat' dir='ltr'>remo-</span> 
     </span>
     <span class='ocr_line' id='line_1_23' title="bbox 316 2970 2881 3056; baseline 0.002 -26"><span class='ocrx_word' id='word_1_183' title='bbox 316 2978 458 3032; x_wconf 91' lang='lat' dir='ltr'>tum</span> <span class='ocrx_word' id='word_1_184' title='bbox 523 2991 717 3051; x_wconf 88' lang='lat' dir='ltr'>esse,</span> <span class='ocrx_word' id='word_1_185' title='bbox 773 2970 1418 3053; x_wconf 89' lang='lat' dir='ltr'>pertimescendum</span> <span class='ocrx_word' id='word_1_186' title='bbox 1468 2982 1633 3036; x_wconf 90' lang='lat' dir='ltr'>tunc</span> <span class='ocrx_word' id='word_1_187' title='bbox 1699 2974 1907 3037; x_wconf 90' lang='lat' dir='ltr'>nobis</span> <span class='ocrx_word' id='word_1_188' title='bbox 1954 2973 2272 3056; x_wconf 87' lang='lat' dir='ltr'>graviter</span> <span class='ocrx_word' id='word_1_189' title='bbox 2320 2982 2506 3038; x_wconf 89' lang='lat' dir='ltr'>esset</span> <span class='ocrx_word' id='word_1_190' title='bbox 2554 2992 2665 3053; x_wconf 90' lang='lat' dir='ltr'>ne,</span> <span class='ocrx_word' id='word_1_191' title='bbox 2715 2974 2881 3035; x_wconf 89' lang='lat' dir='ltr'>dum</span> 
     </span>
     <span class='ocr_line' id='line_1_24' title="bbox 315 3077 2882 3144; baseline 0.002 -7"><span class='ocrx_word' id='word_1_192' title='bbox 315 3085 598 3140; x_wconf 79' lang='lat' dir='ltr'>veteres</span> <span class='ocrx_word' id='word_1_193' title='bbox 646 3077 1034 3142; x_wconf 89' lang='lat' dir='ltr'>seditiones</span> <span class='ocrx_word' id='word_1_194' title='bbox 1092 3098 1186 3143; x_wconf 83' lang='lat' dir='ltr'>ex</span> <span class='ocrx_word' id='word_1_195' title='bbox 1231 3079 1355 3142; x_wconf 90' lang='lat' dir='ltr'>illa</span> <span class='ocrx_word' id='word_1_196' title='bbox 1403 3081 1610 3144; x_wconf 88' lang='lat' dir='ltr'>nobis</span> <span class='ocrx_word' id='word_1_197' title='bbox 1658 3080 2117 3144; x_wconf 90' lang='lat' dir='ltr'>dilectissima</span> <span class='ocrx_word' id='word_1_198' title='bbox 2164 3080 2451 3143; x_wconf 88' lang='lat' dir='ltr'>natione</span> <span class='ocrx_word' id='word_1_199' title='bbox 2500 3079 2751 3142; x_wconf 89' lang='lat' dir='ltr'>tollere</span> <span class='ocrx_word' id='word_1_200' title='bbox 2810 3088 2882 3143; x_wconf 89' lang='lat' dir='ltr'>et</span> 
     </span>
     <span class='ocr_line' id='line_1_25' title="bbox 316 3182 2880 3270; baseline 0.001 -24"><span class='ocrx_word' id='word_1_201' title='bbox 316 3182 678 3264; x_wconf 85' lang='lat' dir='ltr'>extirpare</span> <span class='ocrx_word' id='word_1_202' title='bbox 729 3205 1202 3268; x_wconf 80' lang='lat' dir='ltr'>quereremuS,</span> <span class='ocrx_word' id='word_1_203' title='bbox 1251 3206 1476 3250; x_wconf 90' lang='lat' dir='ltr'>novas</span> <span class='ocrx_word' id='word_1_204' title='bbox 1522 3186 1816 3270; x_wconf 88' lang='lat' dir='ltr'>insuper</span> <span class='ocrx_word' id='word_1_205' title='bbox 1865 3187 2401 3269; x_wconf 89' lang='lat' dir='ltr'>concitaremus,</span> <span class='ocrx_word' id='word_1_206' title='bbox 2452 3187 2642 3268; x_wconf 93' lang='lat' dir='ltr'>quod</span> <span class='ocrx_word' id='word_1_207' title='bbox 2673 3185 2880 3248; x_wconf 89' lang='lat' dir='ltr'>nobis</span> 
     </span>
     <span class='ocr_line' id='line_1_26' title="bbox 317 3292 2881 3377; baseline 0 -24"><span class='ocrx_word' id='word_1_208' title='bbox 317 3311 578 3374; x_wconf 86' lang='lat' dir='ltr'>magno</span> <span class='ocrx_word' id='word_1_209' title='bbox 627 3292 880 3372; x_wconf 84' lang='lat' dir='ltr'>dolori,</span> <span class='ocrx_word' id='word_1_210' title='bbox 928 3293 1104 3376; x_wconf 91' lang='lat' dir='ltr'>ipsis</span> <span class='ocrx_word' id='word_1_211' title='bbox 1153 3292 1528 3358; x_wconf 89' lang='lat' dir='ltr'>Germanis</span> <span class='ocrx_word' id='word_1_212' title='bbox 1575 3293 1781 3377; x_wconf 89' lang='lat' dir='ltr'>gravi</span> <span class='ocrx_word' id='word_1_213' title='bbox 1815 3294 2238 3358; x_wconf 90' lang='lat' dir='ltr'>detrimento</span> <span class='ocrx_word' id='word_1_214' title='bbox 2272 3301 2479 3374; x_wconf 91' lang='lat' dir='ltr'>esset,</span> <span class='ocrx_word' id='word_1_215' title='bbox 2523 3313 2705 3374; x_wconf 89' lang='lat' dir='ltr'>quae</span> <span class='ocrx_word' id='word_1_216' title='bbox 2738 3311 2881 3354; x_wconf 95' lang='lat' dir='ltr'>uno</span> 
     </span>
     <span class='ocr_line' id='line_1_27' title="bbox 321 3397 2879 3482; baseline 0 -22"><span class='ocrx_word' id='word_1_217' title='bbox 321 3397 606 3478; x_wconf 89' lang='lat' dir='ltr'>quidem</span> <span class='ocrx_word' id='word_1_218' title='bbox 651 3399 814 3480; x_wconf 90' lang='lat' dir='ltr'>plus</span> <span class='ocrx_word' id='word_1_219' title='bbox 861 3400 1080 3462; x_wconf 90' lang='lat' dir='ltr'>multo</span> <span class='ocrx_word' id='word_1_220' title='bbox 1130 3421 1340 3482; x_wconf 90' lang='lat' dir='ltr'>quam</span> <span class='ocrx_word' id='word_1_221' title='bbox 1388 3401 1732 3464; x_wconf 88' lang='lat' dir='ltr'>vellemus</span> <span class='ocrx_word' id='word_1_222' title='bbox 1791 3400 2250 3464; x_wconf 85' lang='lat' dir='ltr'>dissensionis</span> <span class='ocrx_word' id='word_1_223' title='bbox 2306 3419 2570 3482; x_wconf 89' lang='lat' dir='ltr'>genere</span> <span class='ocrx_word' id='word_1_224' title='bbox 2616 3399 2879 3462; x_wconf 90' lang='lat' dir='ltr'>iamdu-</span> 
     </span>
     <span class='ocr_line' id='line_1_28' title="bbox 316 3503 2876 3589; baseline 0.001 -24"><span class='ocrx_word' id='word_1_225' title='bbox 316 3505 478 3567; x_wconf 90' lang='lat' dir='ltr'>dum</span> <span class='ocrx_word' id='word_1_226' title='bbox 527 3503 799 3569; x_wconf 87' lang='lat' dir='ltr'>afflicta</span> <span class='ocrx_word' id='word_1_227' title='bbox 847 3516 976 3570; x_wconf 90' lang='lat' dir='ltr'>est.</span> <span class='ocrx_word' id='word_1_228' title='bbox 1077 3506 1280 3570; x_wconf 86' lang='lat' dir='ltr'>Facit</span> <span class='ocrx_word' id='word_1_229' title='bbox 1328 3507 1512 3570; x_wconf 88' lang='lat' dir='ltr'>enim</span> <span class='ocrx_word' id='word_1_230' title='bbox 1580 3516 1652 3570; x_wconf 89' lang='lat' dir='ltr'>et</span> <span class='ocrx_word' id='word_1_231' title='bbox 1698 3527 1899 3570; x_wconf 90' lang='lat' dir='ltr'>amor</span> <span class='ocrx_word' id='word_1_232' title='bbox 1944 3516 2334 3589; x_wconf 84' lang='lat' dir='ltr'>perpetuus</span> <span class='ocrx_word' id='word_1_233' title='bbox 2380 3505 2452 3568; x_wconf 90' lang='lat' dir='ltr'>in</span> <span class='ocrx_word' id='word_1_234' title='bbox 2502 3505 2693 3568; x_wconf 90' lang='lat' dir='ltr'>illam</span> <span class='ocrx_word' id='word_1_235' title='bbox 2759 3525 2876 3568; x_wconf 88' lang='lat' dir='ltr'>na·</span> 
     </span>
     <span class='ocr_line' id='line_1_29' title="bbox 315 3610 2877 3697; baseline 0.002 -25"><span class='ocrx_word' id='word_1_236' title='bbox 315 3610 577 3676; x_wconf 88' lang='lat' dir='ltr'>tionem</span> <span class='ocrx_word' id='word_1_237' title='bbox 637 3622 881 3676; x_wconf 86' lang='lat' dir='ltr'>noster</span> <span class='ocrx_word' id='word_1_238' title='bbox 952 3621 1022 3677; x_wconf 89' lang='lat' dir='ltr'>et</span> <span class='ocrx_word' id='word_1_239' title='bbox 1071 3633 1156 3678; x_wconf 91' lang='lat' dir='ltr'>ea</span> <span class='ocrx_word' id='word_1_240' title='bbox 1205 3634 1370 3697; x_wconf 88' lang='lat' dir='ltr'>spes</span> <span class='ocrx_word' id='word_1_241' title='bbox 1443 3634 1652 3696; x_wconf 88' lang='lat' dir='ltr'>quam</span> <span class='ocrx_word' id='word_1_242' title='bbox 1700 3615 2045 3678; x_wconf 89' lang='lat' dir='ltr'>habemus</span> <span class='ocrx_word' id='word_1_243' title='bbox 2100 3614 2321 3695; x_wconf 88' lang='lat' dir='ltr'>quod,</span> <span class='ocrx_word' id='word_1_244' title='bbox 2386 3613 2511 3676; x_wconf 90' lang='lat' dir='ltr'>illa</span> <span class='ocrx_word' id='word_1_245' title='bbox 2556 3612 2741 3674; x_wconf 89' lang='lat' dir='ltr'>inter</span> <span class='ocrx_word' id='word_1_246' title='bbox 2798 3633 2877 3676; x_wconf 88' lang='lat' dir='ltr'>se</span> 
     </span>
     <span class='ocr_line' id='line_1_30' title="bbox 317 3718 2876 3804; baseline 0 -24"><span class='ocrx_word' id='word_1_247' title='bbox 317 3718 654 3784; x_wconf 90' lang='lat' dir='ltr'>concordi</span> <span class='ocrx_word' id='word_1_248' title='bbox 716 3719 788 3784; x_wconf 87' lang='lat' dir='ltr'>vi</span> <span class='ocrx_word' id='word_1_249' title='bbox 864 3721 1178 3803; x_wconf 88' lang='lat' dir='ltr'>placata,</span> <span class='ocrx_word' id='word_1_250' title='bbox 1245 3721 1629 3785; x_wconf 84' lang='lat' dir='ltr'>maximum</span> <span class='ocrx_word' id='word_1_251' title='bbox 1689 3721 2029 3785; x_wconf 82' lang='lat' dir='ltr'>auxilium</span> <span class='ocrx_word' id='word_1_252' title='bbox 2093 3741 2175 3784; x_wconf 91' lang='lat' dir='ltr'>ac</span> <span class='ocrx_word' id='word_1_253' title='bbox 2253 3719 2684 3804; x_wconf 85' lang='lat' dir='ltr'>praesidium</span> <span class='ocrx_word' id='word_1_254' title='bbox 2744 3719 2876 3781; x_wconf 86' lang='lat' dir='ltr'>toti</span> 
     </span>
     <span class='ocr_line' id='line_1_31' title="bbox 317 3825 2877 3911; baseline -0 -23"><span class='ocrx_word' id='word_1_255' title='bbox 317 3825 810 3891; x_wconf 87' lang='lat' dir='ltr'>christianitati</span> <span class='ocrx_word' id='word_1_256' title='bbox 867 3829 1130 3892; x_wconf 89' lang='lat' dir='ltr'>debeat</span> <span class='ocrx_word' id='word_1_257' title='bbox 1199 3848 1358 3892; x_wconf 90' lang='lat' dir='ltr'>esse</span> <span class='ocrx_word' id='word_1_258' title='bbox 1406 3837 1760 3911; x_wconf 89' lang='lat' dir='ltr'>paratum,</span> <span class='ocrx_word' id='word_1_259' title='bbox 1824 3835 1901 3891; x_wconf 92' lang='lat' dir='ltr'>ut</span> <span class='ocrx_word' id='word_1_260' title='bbox 1948 3825 2376 3892; x_wconf 85' lang='lat' dir='ltr'>Germaniae</span> <span class='ocrx_word' id='word_1_261' title='bbox 2450 3826 2877 3909; x_wconf 91' lang='lat' dir='ltr'>populorum</span> 
     </span>
     <span class='ocr_line' id='line_1_32' title="bbox 317 3931 2875 4017; baseline -0.001 -22"><span class='ocrx_word' id='word_1_262' title='bbox 317 3933 704 3997; x_wconf 88' lang='lat' dir='ltr'>commodis</span> <span class='ocrx_word' id='word_1_263' title='bbox 778 3934 1386 4017; x_wconf 88' lang='lat' dir='ltr'>incommodisque</span> <span class='ocrx_word' id='word_1_264' title='bbox 1452 3955 1593 3999; x_wconf 88' lang='lat' dir='ltr'>non</span> <span class='ocrx_word' id='word_1_265' title='bbox 1675 3937 1893 4000; x_wconf 88' lang='lat' dir='ltr'>semel</span> <span class='ocrx_word' id='word_1_266' title='bbox 1968 3934 2364 3998; x_wconf 88' lang='lat' dir='ltr'>afficiamur</span> <span class='ocrx_word' id='word_1_267' title='bbox 2443 3953 2521 3996; x_wconf 87' lang='lat' dir='ltr'>ac</span> <span class='ocrx_word' id='word_1_268' title='bbox 2594 3931 2875 3995; x_wconf 90' lang='lat' dir='ltr'>nostris.</span> 
     </span>
     <span class='ocr_line' id='line_1_33' title="bbox 317 4037 2873 4125; baseline -0.001 -23"><span class='ocrx_word' id='word_1_269' title='bbox 317 4039 522 4103; x_wconf 89' lang='lat' dir='ltr'>Hanc</span> <span class='ocrx_word' id='word_1_270' title='bbox 569 4061 717 4105; x_wconf 90' lang='lat' dir='ltr'>rem</span> <span class='ocrx_word' id='word_1_271' title='bbox 775 4051 854 4104; x_wconf 87' lang='lat' dir='ltr'>ut</span> <span class='ocrx_word' id='word_1_272' title='bbox 913 4042 1251 4125; x_wconf 81' lang='lat' dir='ltr'>exquiras</span> <span class='ocrx_word' id='word_1_273' title='bbox 1308 4041 1693 4125; x_wconf 89' lang='lat' dir='ltr'>diligenter</span> <span class='ocrx_word' id='word_1_274' title='bbox 1739 4062 1824 4104; x_wconf 90' lang='lat' dir='ltr'>ac</span> <span class='ocrx_word' id='word_1_275' title='bbox 1881 4041 2261 4123; x_wconf 66' lang='lat' dir='ltr'>percipias,</span> <span class='ocrx_word' id='word_1_276' title='bbox 2325 4037 2647 4102; x_wconf 90' lang='lat' dir='ltr'>adhibito</span> <span class='ocrx_word' id='word_1_277' title='bbox 2714 4058 2873 4100; x_wconf 91' lang='lat' dir='ltr'>con·</span> 
     </span>
     <span class='ocr_line' id='line_1_34' title="bbox 319 4144 2877 4231; baseline 0 -24"><span class='ocrx_word' id='word_1_278' title='bbox 319 4144 473 4210; x_wconf 90' lang='lat' dir='ltr'>silio</span> <span class='ocrx_word' id='word_1_279' title='bbox 521 4167 766 4211; x_wconf 90' lang='lat' dir='ltr'>eorum</span> <span class='ocrx_word' id='word_1_280' title='bbox 837 4169 1017 4231; x_wconf 91' lang='lat' dir='ltr'>quos</span> <span class='ocrx_word' id='word_1_281' title='bbox 1086 4159 1157 4212; x_wconf 89' lang='lat' dir='ltr'>et</span> <span class='ocrx_word' id='word_1_282' title='bbox 1217 4149 1640 4213; x_wconf 87' lang='lat' dir='ltr'>auctoritate</span> <span class='ocrx_word' id='word_1_283' title='bbox 1707 4157 1779 4211; x_wconf 90' lang='lat' dir='ltr'>et</span> <span class='ocrx_word' id='word_1_284' title='bbox 1839 4148 2219 4231; x_wconf 89' lang='lat' dir='ltr'>prudentia</span> <span class='ocrx_word' id='word_1_285' title='bbox 2276 4147 2606 4229; x_wconf 90' lang='lat' dir='ltr'>publicae</span> <span class='ocrx_word' id='word_1_286' title='bbox 2666 4144 2877 4208; x_wconf 87' lang='lat' dir='ltr'>saluti</span> 
     </span>
     <span class='ocr_line' id='line_1_35' title="bbox 319 4252 2873 4336; baseline 0 -22"><span class='ocrx_word' id='word_1_287' title='bbox 319 4252 529 4318; x_wconf 90' lang='lat' dir='ltr'>totius</span> <span class='ocrx_word' id='word_1_288' title='bbox 577 4254 1004 4320; x_wconf 87' lang='lat' dir='ltr'>Germaniae</span> <span class='ocrx_word' id='word_1_289' title='bbox 1052 4256 1300 4320; x_wconf 86' lang='lat' dir='ltr'>favere</span> <span class='ocrx_word' id='word_1_290' title='bbox 1346 4255 1810 4336; x_wconf 81' lang='lat' dir='ltr'>intellexeriS,</span> <span class='ocrx_word' id='word_1_291' title='bbox 1860 4256 2011 4319; x_wconf 80' lang='lat' dir='ltr'>cir¹²¹</span> <span class='ocrx_word' id='word_1_292' title='bbox 2065 4263 2229 4318; x_wconf 89' lang='lat' dir='ltr'>tuae</span> <span class='ocrx_word' id='word_1_293' title='bbox 2293 4253 2721 4336; x_wconf 88' lang='lat' dir='ltr'>iniungimus</span> <span class='ocrx_word' id='word_1_294' title='bbox 2769 4273 2873 4315; x_wconf 91' lang='lat' dir='ltr'>ra·</span> 
     </span>
     <span class='ocr_line' id='line_1_36' title="bbox 319 4358 2880 4444; baseline -0 -22"><span class='ocrx_word' id='word_1_295' title='bbox 319 4359 767 4444; x_wconf 89' lang='lat' dir='ltr'>tionibusque</span> <span class='ocrx_word' id='word_1_296' title='bbox 817 4363 1142 4426; x_wconf 91' lang='lat' dir='ltr'>omnibus</span> <span class='ocrx_word' id='word_1_297' title='bbox 1187 4364 1374 4426; x_wconf 90' lang='lat' dir='ltr'>ultro</span> <span class='ocrx_word' id='word_1_298' title='bbox 1425 4371 1496 4426; x_wconf 89' lang='lat' dir='ltr'>et</span> <span class='ocrx_word' id='word_1_299' title='bbox 1543 4362 1720 4426; x_wconf 90' lang='lat' dir='ltr'>citro</span> <span class='ocrx_word' id='word_1_300' title='bbox 1779 4362 2011 4442; x_wconf 86' lang='lat' dir='ltr'>dictis,</span> <span class='ocrx_word' id='word_1_301' title='bbox 2080 4358 2138 4426; x_wconf 89' lang='lat' dir='ltr'>si</span> <span class='ocrx_word' id='word_1_302' title='bbox 2205 4360 2333 4423; x_wconf 91' lang='lat' dir='ltr'>tibi</span> <span class='ocrx_word' id='word_1_303' title='bbox 2392 4361 2491 4423; x_wconf 91' lang='lat' dir='ltr'>ita</span> <span class='ocrx_word' id='word_1_304' title='bbox 2552 4359 2880 4423; x_wconf 86' lang='lat' dir='ltr'>videatur</span> 
     </span>
     <span class='ocr_line' id='line_1_37' title="bbox 321 4466 2876 4544; baseline 0.001 -16"><span class='ocrx_word' id='word_1_305' title='bbox 321 4466 410 4529; x_wconf 89' lang='lat' dir='ltr'>ad</span> <span class='ocrx_word' id='word_1_306' title='bbox 457 4488 586 4532; x_wconf 90' lang='lat' dir='ltr'>nos</span> <span class='ocrx_word' id='word_1_307' title='bbox 632 4468 940 4544; x_wconf 87' lang='lat' dir='ltr'>referas;</span> <span class='ocrx_word' id='word_1_308' title='bbox 1003 4491 1132 4534; x_wconf 91' lang='lat' dir='ltr'>nos</span> <span class='ocrx_word' id='word_1_309' title='bbox 1203 4469 1390 4533; x_wconf 91' lang='lat' dir='ltr'>enim</span> <span class='ocrx_word' id='word_1_310' title='bbox 1438 4470 1529 4532; x_wconf 90' lang='lat' dir='ltr'>ad</span> <span class='ocrx_word' id='word_1_311' title='bbox 1578 4469 1816 4533; x_wconf 90' lang='lat' dir='ltr'>omnia</span> <span class='ocrx_word' id='word_1_312' title='bbox 1861 4471 2161 4532; x_wconf 89' lang='lat' dir='ltr'>honesta</span> <span class='ocrx_word' id='word_1_313' title='bbox 2210 4477 2282 4531; x_wconf 93' lang='lat' dir='ltr'>et</span> <span class='ocrx_word' id='word_1_314' title='bbox 2328 4466 2667 4530; x_wconf 89' lang='lat' dir='ltr'>salutaria</span> <span class='ocrx_word' id='word_1_315' title='bbox 2714 4487 2876 4531; x_wconf 89' lang='lat' dir='ltr'>con·</span> 
     </span>
     <span class='ocr_line' id='line_1_38' title="bbox 321 4572 2874 4658; baseline 0.001 -23"><span class='ocrx_word' id='word_1_316' title='bbox 321 4572 512 4655; x_wconf 90' lang='lat' dir='ltr'>silia,</span> <span class='ocrx_word' id='word_1_317' title='bbox 592 4577 1073 4658; x_wconf 88' lang='lat' dir='ltr'>voluntatem,</span> <span class='ocrx_word' id='word_1_318' title='bbox 1152 4597 1434 4640; x_wconf 91' lang='lat' dir='ltr'>manum</span> <span class='ocrx_word' id='word_1_319' title='bbox 1508 4575 2133 4640; x_wconf 90' lang='lat' dir='ltr'>accomodabimus</span> <span class='ocrx_word' id='word_1_320' title='bbox 2209 4583 2281 4638; x_wconf 91' lang='lat' dir='ltr'>et</span> <span class='ocrx_word' id='word_1_321' title='bbox 2357 4573 2874 4638; x_wconf 88' lang='lat' dir='ltr'>auctoritatem.</span> 
     </span>
     <span class='ocr_line' id='line_1_39' title="bbox 324 4679 2874 4766; baseline 0 -23"><span class='ocrx_word' id='word_1_322' title='bbox 324 4679 526 4760; x_wconf 80' lang='lat' dir='ltr'>Quod</span> <span class='ocrx_word' id='word_1_323' title='bbox 573 4681 654 4764; x_wconf 90' lang='lat' dir='ltr'>si,</span> <span class='ocrx_word' id='word_1_324' title='bbox 701 4682 854 4746; x_wconf 89' lang='lat' dir='ltr'>sine</span> <span class='ocrx_word' id='word_1_325' title='bbox 917 4683 1156 4764; x_wconf 90' lang='lat' dir='ltr'>aliquo</span> <span class='ocrx_word' id='word_1_326' title='bbox 1221 4681 1428 4766; x_wconf 88' lang='lat' dir='ltr'>gravi</span> <span class='ocrx_word' id='word_1_327' title='bbox 1492 4692 1704 4766; x_wconf 90' lang='lat' dir='ltr'>motu,</span> <span class='ocrx_word' id='word_1_328' title='bbox 1784 4702 1916 4765; x_wconf 93' lang='lat' dir='ltr'>per</span> <span class='ocrx_word' id='word_1_329' title='bbox 1974 4683 2385 4766; x_wconf 89' lang='lat' dir='ltr'>generalem</span> <span class='ocrx_word' id='word_1_330' title='bbox 2446 4679 2874 4746; x_wconf 88' lang='lat' dir='ltr'>Germaniae</span> 
     </span>
     <span class='ocr_line' id='line_1_40' title="bbox 323 4786 2875 4871; baseline 0.002 -25"><span class='ocrx_word' id='word_1_331' title='bbox 323 4796 742 4852; x_wconf 89' lang='lat' dir='ltr'>conventum</span> <span class='ocrx_word' id='word_1_332' title='bbox 787 4789 1156 4871; x_wconf 85' lang='lat' dir='ltr'>provideri</span> <span class='ocrx_word' id='word_1_333' title='bbox 1201 4789 1366 4853; x_wconf 87' lang='lat' dir='ltr'>huic</span> <span class='ocrx_word' id='word_1_334' title='bbox 1419 4789 1907 4853; x_wconf 88' lang='lat' dir='ltr'>reformationi</span> <span class='ocrx_word' id='word_1_335' title='bbox 1956 4809 2097 4851; x_wconf 93' lang='lat' dir='ltr'>non</span> <span class='ocrx_word' id='word_1_336' title='bbox 2146 4809 2359 4870; x_wconf 91' lang='lat' dir='ltr'>posse</span> <span class='ocrx_word' id='word_1_337' title='bbox 2405 4786 2705 4868; x_wconf 79' lang='lat' dir='ltr'>videriS,</span> <span class='ocrx_word' id='word_1_338' title='bbox 2752 4807 2875 4870; x_wconf 94' lang='lat' dir='ltr'>po-</span> 
     </span>
     <span class='ocr_line' id='line_1_41' title="bbox 326 4892 2875 4980; baseline 0.002 -26"><span class='ocrx_word' id='word_1_339' title='bbox 326 4892 491 4956; x_wconf 88' lang='lat' dir='ltr'>teris</span> <span class='ocrx_word' id='word_1_340' title='bbox 531 4901 629 4976; x_wconf 88' lang='lat' dir='ltr'>tu,</span> <span class='ocrx_word' id='word_1_341' title='bbox 674 4894 734 4959; x_wconf 78' lang='lat' dir='ltr'>si</span> <span class='ocrx_word' id='word_1_342' title='bbox 779 4895 880 4960; x_wconf 90' lang='lat' dir='ltr'>ita</span> <span class='ocrx_word' id='word_1_343' title='bbox 927 4896 1322 4980; x_wconf 86' lang='lat' dir='ltr'>expediens</span> <span class='ocrx_word' id='word_1_344' title='bbox 1370 4896 1602 4979; x_wconf 85' lang='lat' dir='ltr'>fuerit,</span> <span class='ocrx_word' id='word_1_345' title='bbox 1652 4904 1725 4959; x_wconf 87' lang='lat' dir='ltr'>et</span> <span class='ocrx_word' id='word_1_346' title='bbox 1769 4917 1901 4979; x_wconf 93' lang='lat' dir='ltr'>per</span> <span class='ocrx_word' id='word_1_347' title='bbox 1949 4905 2019 4958; x_wconf 91' lang='lat' dir='ltr'>te</span> <span class='ocrx_word' id='word_1_348' title='bbox 2068 4903 2141 4959; x_wconf 88' lang='lat' dir='ltr'>et</span> <span class='ocrx_word' id='word_1_349' title='bbox 2186 4915 2316 4978; x_wconf 89' lang='lat' dir='ltr'>per</span> <span class='ocrx_word' id='word_1_350' title='bbox 2365 4896 2653 4960; x_wconf 87' lang='lat' dir='ltr'>eosdem</span> <span class='ocrx_word' id='word_1_351' title='bbox 2700 4893 2875 4976; x_wconf 91' lang='lat' dir='ltr'>opti-</span> 
     </span>
    </p>
   </div>
   <div class='ocr_carea' id='block_1_3' title="bbox 3539 2522 3545 3352">
    <p class='ocr_par' dir='ltr' id='par_1_3' title="bbox 3539 2522 3545 3352">
     <span class='ocr_line' id='line_1_42' title="bbox 3539 2522 3545 3352; baseline 0 0"><span class='ocrx_word' id='word_1_352' title='bbox 3539 2522 3545 3352; x_wconf 95' lang='lat' dir='ltr'> </span> 
     </span>
    </p>
   </div>
  </div>
 </body>
</html>
