3575 5775
1726 597 1786 648 <3
1866 597 1936 648 8⁴3
2018 595 2131 646 εἴ.»

615 763 775 804 nem
843 751 1092 803 contra
1141 741 1558 822 Martinum,
1631 761 1887 803 cavere
1955 741 2173 804 debet
2222 741 2561 805 Maiestas
2620 763 2745 804 sua
2793 742 3193 804 huiusmodi

617 851 1060 912 consultores
1108 859 1444 930 tanquam
1493 849 1746 912 honori
1800 857 1870 911 et
1918 851 2291 910 commodo
2340 849 2489 910 eius
2521 848 2972 932 pernitiOSOS,
3022 851 3193 931 quin

613 957 754 1019 imo
815 955 1080 1038 poterit
1125 955 1468 1018 Maiestas
1529 977 1656 1019 sua
1705 956 2087 1018 conventui
2136 958 2571 1036 persuadere
2622 955 3003 1020 Martinum
3054 979 3193 1020 non

615 1085 772 1126 esse
840 1063 1124 1146 publice
1188 1063 1620 1125 audiendum
1661 1072 1979 1145 'propter
2038 1062 2431 1125 simultates
2500 1071 2571 1124 et
2618 1063 2949 1127 incendia
3008 1085 3195 1146 quae

615 1169 799 1232 inter
845 1170 1204 1252 principes
1255 1171 1677 1232 Alemaniae
1727 1171 2060 1233 videntur
2110 1169 2299 1247 oriri,
2354 1189 2511 1232 cum
2561 1171 2867 1234 maxime
2916 1171 3197 1234 intersit

614 1277 1061 1359 imperatoris
1093 1285 1164 1339 et
1195 1277 1636 1338 subditorum
1670 1279 1939 1340 habere
1972 1287 2300 1358 pacatum
2338 1276 2739 1357 Imperium,
2790 1277 3195 1360 offerreque

615 1405 691 1447 se
747 1383 1130 1446 Martinum
1199 1383 1600 1447 auditurum
1664 1403 1821 1447 esse
1886 1383 2175 1446 semotis
2244 1383 2528 1446 arbitris
2590 1395 2885 1466 propter
2948 1406 3191 1448 eorum

614 1511 862 1573 pacem
901 1501 972 1553 et
1011 1491 1343 1573 quietem,
1395 1500 1466 1553 et
1503 1491 1560 1553 si
1609 1491 1783 1553 velit
1830 1507 2352 1570 recognoscere
2403 1511 2681 1554 errores
2731 1512 2903 1554 suos.
2944 1513 3163 1574 procu

612 1607 924 1661 raturam
973 1597 1424 1660 Maiestatem
1493 1617 1688 1659 suam
1751 1607 1829 1659 ut
1880 1595 1951 1659 S.
2004 1598 2089 1660 D.
2142 1597 2224 1660 N.
2290 1617 2447 1660 eum
2516 1597 2817 1680 recipiat
2883 1600 2972 1662 ad
3031 1619 3191 1663 eum

613 1714 870 1768 statum
932 1705 1000 1766 in
1071 1723 1211 1785 quo
1269 1713 1434 1766 ante
1484 1703 1883 1767 huiusmodi
1934 1723 2215 1766 errores
2265 1714 2445 1777 erat;
2516 1707 2709 1785 quod
2757 1705 2814 1767 si
2864 1708 3190 1787 voluerit,

616 1813 940 1875 daturam
990 1809 1126 1873 sibi
1161 1810 1610 1873 Maiestatem
1645 1831 1841 1873 suam
1879 1812 2149 1873 sa1vum
2184 1811 2612 1874 conductum
2644 1812 3035 1894 imperiale,
3086 1837 3193 1877 ac·

614 1929 827 2002 cepta
873 1917 1015 1980 fide
1050 1939 1092 1981 a
1123 1919 1393 1981 summo
1430 1917 1777 1980 Pontifice
1828 1927 1905 1979 ut
1934 1917 2245 1980 Romam
2296 1927 2633 1999 quantum
2684 1921 2991 1983 voluerit
3038 1923 3191 1983 sine

612 2027 864 2108 quavis
910 2026 1225 2089 laesione
1275 2046 1403 2088 sua
1451 2035 1572 2088 aut
1620 2047 1904 2088 suorum
1955 2025 2310 2098 audiatur;
2362 2027 2553 2107 quod
2604 2026 2661 2086 si
2711 2026 2922 2089 etiam
2955 2030 3194 2091 nolue-

612 2135 704 2196 rit
754 2154 1157 2215 quanquam
1206 2133 1658 2196 manifestum
1707 2135 1988 2215 signum
2033 2131 2123 2196 sit
2156 2133 2574 2211 calumniae,
2623 2141 2697 2197 ut
2730 2134 3021 2214 quinon
3062 2135 3197 2198 nisi

610 2240 683 2303 in
735 2240 1014 2321 angulis
1063 2240 1254 2321 loqui
1303 2240 1498 2320 velit,
1549 2251 1694 2302 tum
1743 2241 2195 2303 Maiestatem
2246 2261 2443 2302 suam
2494 2241 2586 2303 ad
2634 2241 3195 2306 convincendam

611 2346 914 2409 hominis
965 2347 1302 2409 malitiam
1353 2367 1510 2409 eum
1561 2345 2131 2409 transmissuram
2180 2367 2338 2410 esse
2388 2348 2479 2409 ad
2515 2347 2919 2429 Hispanias,
2970 2350 3060 2412 ad
3094 2350 3192 2413 in·

612 2455 992 2535 quisitores
1041 2453 1140 2516 ibi
1189 2453 1582 2516 existentes
1629 2469 1706 2515 ut
1754 2463 1909 2517 tuto
1959 2454 2057 2517 ibi
2106 2473 2389 2517 causam
2436 2475 2633 2518 suam
2664 2456 2903 2518 dicere
2936 2458 3194 2536 possit:

613 2564 804 2642 quod
843 2562 901 2624 si
927 2581 1055 2626 nec
1107 2561 1242 2624 hoc
1291 2561 1799 2643 acceptaverit,
1840 2560 2015 2624 nihil
2050 2559 2240 2624 aliud
2276 2581 2651 2644 superesse
2684 2562 2989 2643 quam-si
3034 2583 3193 2628 cum

613 2673 812 2734 salvo
876 2671 1231 2734 conductu
1293 2672 1384 2732 ad
1451 2670 1604 2733 eius
1651 2670 2101 2734 Maiestatem
2150 2669 2463 2750 venerit,
2530 2691 2689 2734 eum
2740 2671 2938 2736 iuxta
2983 2672 3197 2734 fidem

613 2779 851 2840 datam
923 2777 1283 2840 remittere
1358 2787 1426 2840 et
1494 2777 1749 2840 ceteris
1816 2775 2258 2858 principibus
2326 2775 2757 2841 Germaniae
2824 2781 3195 2844 declarare

610 2885 923 2950 futurum
972 2887 1248 2949 hostem
1276 2885 1588 2951 Romani
1615 2885 1900 2967 Imperii
1953 2884 2377 2966 quicumque
2426 2883 2658 2967 ipsum
2709 2890 2895 2950 ultra
2942 2908 3191 2971 accep·

612 2993 895 3056 taverit.
962 2993 1291 3056 Laudare
1342 3003 1576 3057 tamen
1627 2994 2133 3075 imperatorem
2196 3002 2481 3074 oportet
2530 2996 2719 3075 quod
2770 3016 2919 3059 rem
2954 2997 3195 3061 Eccle-

610 3102 758 3164 siae
805 3103 1173 3183 hucusque
1223 3102 1483 3164 acriter
1540 3110 1811 3164 tutatus
1862 3102 1969 3179 sit,
2018 3102 2188 3164 licet
2242 3103 2556 3165 nondum
2606 3104 2697 3165 ad
2748 3113 3071 3186 optatum
3120 3117 3193 3170 et

609 3208 864 3271 iustum
895 3206 1105 3271 finem
1139 3208 1518 3271 deduxerit
1560 3219 1629 3271 et
1675 3209 2162 3271 reducendum
2210 3209 2302 3270 ad
2352 3208 2761 3273 memoriam
2790 3210 3189 3275 Caesareae

611 3314 1007 3377 Maiestatis
1039 3316 1228 3395 quod
1263 3336 1404 3378 non
1441 3316 1558 3397 qui
1606 3314 1955 3398 inceperit
2005 3316 2131 3378 sed
2180 3314 2298 3396 qui
2346 3336 2569 3397 usque
2617 3318 2709 3379 ad
2756 3317 2969 3381 finem
3032 3340 3188 3400 per-

610 3420 1049 3485 severaverit
1116 3420 1230 3485 hic
1291 3424 1530 3485 salvus
1597 3422 1765 3502 erit,
1837 3431 1907 3485 et
1968 3424 2159 3504 quod
2223 3422 2471 3487 melius
2520 3433 2627 3486 est
2676 3446 2816 3487 non
2868 3426 3186 3508 incipere

612 3549 824 3609 quam
871 3531 962 3591 ab
1012 3528 1314 3612 inceptis
1371 3530 1677 3611 turpiter
1723 3530 2091 3594 desistere.
2186 3530 2463 3610 Itaque,
2518 3540 2895 3613 postquam
2944 3532 3183 3596 Eccle-

609 3636 784 3699 siam
835 3646 908 3697 ut
959 3634 1195 3699 decuit
1242 3635 1770 3699 defendendam
1820 3648 1890 3700 et
1940 3636 2219 3699 Bullam
2255 3636 2567 3699 Romani
2602 3636 2971 3703 Pontificis
3021 3660 3185 3702 exe-

610 3744 964 3825 quendam
1014 3740 1360 3825 suscepit,
1417 3764 1563 3806 non
1612 3754 1851 3825 potest
1899 3740 2049 3805 sine
2100 3742 2251 3807 eius
2302 3763 2562 3825 magna
2610 3752 2780 3807 nota
2828 3745 2898 3807 in
2949 3747 3188 3809 medio

613 3871 820 3912 cursu
871 3848 1205 3922 deficere;
1259 3852 1448 3931 quod
1497 3850 1555 3912 si
1605 3872 1718 3912 res
1753 3849 1823 3914 in
1858 3850 2171 3932 longum,
2220 3859 2296 3911 ut
2329 3849 2654 3913 fortassis
2686 3852 2943 3914 aemuli
2977 3852 3189 3917 Sedis

613 3956 1078 4041 Apostolicae
1129 3966 1198 4019 et
1245 3956 1510 4018 inimici
1557 3956 1955 4020 Maiestatis
2005 3977 2174 4019 suae
2224 3967 2549 4038 querunt,
2601 3956 3041 4041 differantur,
3092 3960 3187 4023 vi-

611 4066 778 4126 deat
821 4064 1163 4126 Maiestas
1221 4084 1349 4126 sua
1396 4064 1466 4125 in
1517 4064 1759 4144 primis
1810 4064 2143 4146 auspiciis
2192 4074 2434 4127 tantae
2484 4065 2965 4147 amplitudinis
3015 4088 3189 4131 suae

612 4192 822 4253 quam
886 4173 977 4233 de
1043 4194 1117 4233 se
1183 4172 1758 4253 expectationem
1826 4170 2203 4235 universae
2266 4172 2693 4235 christianae
2746 4173 3189 4256 reipublicae

609 4278 1041 4360 praebuerit,
1092 4288 1342 4341 contra
1376 4288 1710 4360 coeptam
1743 4280 2235 4343 defensionem
2269 4279 2658 4341 communis
2690 4280 2995 4343 omnium
3028 4302 3185 4347 cau-

611 4406 732 4448 sae
783 4396 852 4447 et
901 4386 1146 4449 salutis
1197 4407 1379 4466 quae
1429 4386 1500 4448 in
1549 4407 1761 4449 manu
1811 4408 1937 4448 sua
1986 4396 2113 4467 est,
2164 4388 2471 4449 deserat.

789 4492 948 4573 Quo
999 4514 1170 4557 vero
1220 4495 1312 4555 ad
1361 4492 1643 4555 libellos
1671 4492 1961 4556 Martini
2009 4494 2257 4557 mirum
2308 4504 2436 4574 est,
2487 4514 2702 4575 quum
2751 4506 2894 4557 tam
2944 4506 3187 4577 paten-

611 4608 720 4661 tes
755 4620 1036 4663 errores
1077 4602 1512 4681 contineant,
1567 4622 1708 4665 non
1758 4610 2182 4666 concurrant
2230 4602 2464 4665 statim
2498 4601 2837 4667 Germani
2888 4604 2976 4665 ad
3027 4603 3191 4667 illos

612 4708 1133 4769 comburendos
1183 4718 1257 4770 ut
1306 4707 1755 4772 continentes
1798 4710 2218 4791 religionem
2258 4729 2502 4772 eorum
2538 4708 2861 4792 patribus
2908 4710 3189 4773 omnino

609 4812 928 4894 ignotam
993 4824 1064 4876 et
1125 4812 1404 4879 Christo
1469 4816 1861 4896 inimicam,
1924 4826 2389 4881 veruntamen
2438 4816 2605 4898 quia
2650 4818 2904 4881 nolunt
2950 4817 3189 4899 aliquo

611 4922 822 4985 modo
873 4931 1260 5005 expectare
1311 4923 1368 4985 si
1401 4924 1749 4987 Martinus
1800 4924 1974 4987 velit
2022 4946 2147 4987 eos
2192 4943 2539 4989 revocare
2578 4934 2649 4987 et
2680 4924 2751 4986 in
2787 4944 2925 5006 qua
2957 4934 3189 5011 parte,
