3575 5775
1605 560 2063 617 0—4322822

1806 772 1867 835 9.

1293 878 1949 959 Vioeoanoellarius
2005 878 2383 959 Aloandm.

1379 1008 1574 1080 (Nunt.
1611 1009 1862 1068 German.
1899 1007 1961 1067 1..
2000 1008 2091 1067 fol.
2128 1008 2175 1075 7,
2212 1009 2284 1080 8.)

894 1109 1040 1177 (Dat.
1083 1116 1277 1173 Rome,
1319 1124 1366 1175 7.
1407 1114 1624 1177 Januar.
1664 1139 1731 1148 -—
1775 1114 2050 1175 Receptae
2090 1112 2419 1159 Wormatiae
2468 1125 2543 1174 17·
2592 1112 2763 1181 1521.)

863 1219 1318 1285 Venerabilis
1367 1219 1499 1281 Vir
1549 1218 1801 1282 Amice
1852 1218 1944 1280 mi
1995 1217 2392 1281 Carissime.
2644 1216 2649 1219 ’

730 1330 1054 1391 Havemo
1120 1328 1438 1391 ricevute
1501 1326 1987 1389 ultimamente
2044 1327 2113 1387 le
2175 1337 2417 1389 vostre
2481 1328 2570 1389 de
2636 1327 2957 1401 XXIIII.
3026 1332 3118 1393 da

551 1436 970 1516 wormatia,
1024 1446 1093 1498 et
1140 1436 1208 1498 le
1257 1436 1436 1498 altre
1485 1442 1726 1496 vostre
1777 1432 2139 1514 duplicate
2188 1441 2260 1495 et
2307 1432 2597 1515 copiose
2646 1455 2829 1516 poco
2867 1436 3114 1517 prima.

552 1544 762 1605 Certo
827 1564 968 1606 non
1039 1542 1096 1605 si
1171 1542 1406 1624 potria
1471 1540 1873 1623 exprimere
1944 1548 2209 1620 quanto
2268 1540 2336 1602 la
2398 1537 2674 1603 Santita
2730 1542 2800 1603 di
2854 1541 3116 1605 Nostro

551 1648 862 1733 Signore
914 1659 984 1713 et
1033 1649 1151 1711 noi
1200 1650 1532 1728 restiamo
1583 1650 1672 1710 de
1721 1648 1877 1727 voi,
1940 1649 2029 1710 de
2095 1646 2138 1708 l'
2176 1668 2428 1729 opera,
2496 1646 2756 1731 fatiga,
2821 1662 2891 1711 et
2952 1651 3118 1713 fede

552 1767 797 1820 vostra
845 1757 1222 1821 sodissatti.
2056 1822 2064 1831 ‚

733 1864 958 1927 Cerea
1006 1864 1072 1926 le
1121 1863 1510 1945 provisioni
1563 1862 1631 1924 di
1664 1861 1881 1924 Brevi
1931 1873 2001 1924 et
2049 1862 2229 1924 altre
2278 1881 2464 1941 cose,
2517 1865 2648 1926 che
2700 1865 2789 1925 de
2839 1864 2959 1947 qui
2991 1866 3107 1927 de·

549 1971 858 2033 siderate
907 1980 1090 2032 tutta
1137 1971 1253 2033 via
1304 1992 1344 2033 a
1396 1970 1505 2032 cio
1556 1970 1613 2031 si
1663 1971 1981 2049 attende,
2032 1980 2102 2032 et
2152 1968 2261 2030 fra
2309 1978 2563 2049 quatro
2613 1991 2654 2032 o
2712 1970 2967 2052 cinque
3014 1972 3113 2053 gi-

552 2077 706 2140 orni
755 2077 826 2139 vi
875 2077 929 2139 si
982 2078 1462 2140 manderanno
1513 2076 1883 2158 expedite,
1947 2086 2020 2138 et
2069 2075 2215 2139 cosi
2279 2078 2347 2139 la
2395 2078 2805 2159 provisione
2857 2078 2926 2139 di
2980 2080 3113 2141 Da-

548 2184 734 2250 nari:
817 2184 934 2247 voi
999 2183 1350 2264 seguitate
1414 2183 1816 2247 virilmente
1884 2204 2083 2247 come
2146 2182 2243 2245 fin
2306 2183 2424 2264 qui
2487 2186 2744 2247 havete
2801 2186 2981 2248 fatto
3044 2196 3119 2249 et

550 2289 1054 2371 persuadetevi
1105 2292 1236 2353 che
1285 2290 1548 2353 Nostro
1601 2288 1909 2371 Signore
1958 2291 2163 2354 Iddio
2232 2300 2303 2353 et
2361 2290 2410 2353 il
2458 2292 2751 2374 proprio
2816 2314 2943 2355 suo
2996 2293 3111 2355 Vi-

549 2398 741 2460 cario
803 2397 875 2460 in
921 2396 1117 2460 Cielo
1186 2406 1257 2459 et
1304 2396 1374 2458 in
1437 2405 1631 2459 terra
1695 2397 1766 2461 vi
1814 2398 2314 2479 premiaranno
2376 2398 2445 2461 in
2496 2400 2741 2481 modo,
2792 2401 2926 2462 che
2976 2402 3113 2463 mai

555 2525 691 2566 non
746 2504 1227 2567 v'increscera
1272 2505 1496 2569 haver
1543 2514 1910 2567 sostenuto
1959 2525 2090 2586 per
2138 2506 2207 2567 la
2246 2504 2502 2568 Chiesa
2550 2516 2622 2567 et
2666 2526 2798 2588 per
2844 2507 2895 2570 il
2940 2506 3111 2571 San-

547 2630 690 2693 gue
739 2610 810 2673 di
859 2610 1141 2674 Christo
1191 2621 1386 2674 tante
1435 2610 1733 2693 fatighe,
1785 2622 1856 2673 et
1904 2612 2403 2694 persecutioni.
2501 2612 2736 2694 Sopra
2781 2615 2851 2676 la
2899 2634 3113 2678 causa

548 2719 619 2779 di
657 2719 926 2781 Luther
976 2717 1034 2780 si
1067 2717 1382 2781 scrivera
1430 2720 1656 2781 anche
1697 2720 1765 2781 al
1801 2718 2247 2790 Caracciolo;
2298 2718 2565 2782 aiutate
2612 2720 2775 2783 tutti
2823 2721 3115 2797 insieme

546 2826 616 2888 la
665 2845 879 2888 causa
943 2845 1315 2889 commune
1382 2827 1473 2889 de
1523 2824 1662 2888 Dio
1730 2835 1803 2889 et
1872 2825 2271 2908 supplicate
2322 2826 2584 2892 Cesare
2647 2849 2787 2892 non
2851 2833 3111 2894 abban-

550 2933 720 2996 doni
769 2933 817 2996 il
866 2953 995 2996 suo
1043 2935 1234 2995 bono
1282 2932 1654 3016 proposito
1714 2934 1771 2997 si
1837 2954 2037 2997 come
2108 2935 2176 2997 la
2239 2934 2481 2998 divina
2539 2937 2915 3000 clementia
2970 2958 3110 3001 non

551 3061 802 3102 manca
849 3061 893 3102 a
939 3039 1057 3120 lui,
1108 3048 1180 3102 et
1227 3042 1674 3106 benevalete.

725 3148 1006 3210 Romae
1055 3147 1214 3211 VII.
1264 3147 1581 3227 Januarii
1629 3145 1997 3212 MDXXI.

726 3252 822 3316 Se
885 3254 957 3315 la
1019 3254 1401 3335 prudentia
1465 3263 1536 3316 et
1597 3256 1831 3318 studio
1902 3267 2145 3320 vostro
2208 3257 2279 3320 in
2329 3267 2582 3340 questa
2630 3279 2800 3322 cosa
2862 3281 3001 3322 non
3052 3261 3114 3323 si

547 3369 933 3422 mostrasse
984 3359 1354 3442 maggiore
1403 3361 1474 3423 di
1521 3363 1760 3443 quello
1809 3364 1901 3424 da
1948 3363 2065 3425 voi
2114 3364 2173 3425 si
2222 3373 2599 3446 aspettava
2663 3387 3110 3430 usaressemo

546 3469 762 3530 molto
811 3465 933 3548 piu
982 3469 1230 3548 parole
1278 3467 1350 3531 in
1401 3469 1832 3533 exhortarvi.

2091 3611 2186 3674 Vr.
2226 3611 2439 3684 Frater,
2480 3614 2613 3664 Vice
2656 3615 3031 3668 cancellarius,

1781 3895 1883 3980 10.

1096 4020 1372 4104 Cardin.
1430 4021 1744 4104 sanctor.
1804 4023 2115 4128 quatuor
2170 4025 2547 4110 Aleandro.

1410 4152 1605 4220 (Nunt.
1643 4153 1895 4228 Gernau.
1931 4153 1993 4213 1..
2030 4153 2120 4213 fol.
2158 4155 2230 4226 9.)

1567 4247 1891 4310 (1521—15.
1940 4245 2087 4312 Jan.)

864 4353 1301 4416 Reverende
1351 4353 1567 4416 Pater
1618 4353 1867 4417 Amice
1916 4353 2009 4417 mi
2060 4356 2473 4419 charissime
2523 4357 2863 4422 Salutem.

723 4459 834 4522 Ex
893 4459 1145 4521 litteris
1207 4460 1464 4523 vestris
1525 4481 1683 4523 cum
1750 4463 1841 4523 ad
1892 4460 2429 4527 Sanctissimum
2495 4465 2873 4528 Dominum
2934 4468 3105 4530 Nos-

545 4577 728 4629 trum
775 4575 922 4628 tum
973 4565 1185 4631 etiam
1232 4569 1322 4630 ad
1371 4589 1501 4631 nos
1550 4567 1833 4650 scriptis
1882 4572 2167 4635 abunde
2214 4569 2697 4636 intelleximus
2746 4593 2929 4655 quae
2979 4597 3097 4658 pet

545 4693 676 4736 vos
713 4673 783 4735 in
835 4693 1051 4736 causa
1081 4673 1490 4738 Lutherana
1535 4675 1828 4739 fuerunt
1874 4688 2057 4756 acta,
2107 4689 2177 4741 et
2224 4699 2433 4759 quam
2466 4699 2828 4762 propenso
2870 4682 3104 4744 animo

546 4779 851 4861 cupiatis
900 4789 972 4842 et
1019 4781 1256 4843 nervis
1305 4781 1632 4845 omnibus
1681 4782 2087 4863 enitamini,
2152 4793 2229 4847 ut
2293 4785 2670 4866 negocium
2738 4787 2941 4851 vobis
2989 4790 3105 4852 de-

545 4888 954 4950 mandatum
1003 4886 1192 4950 omni
1224 4890 1606 4969 prudentia
1655 4900 1725 4953 et
1773 4891 2089 4954 sollertia
2136 4903 2379 4954 vestra
2427 4893 2862 4976 transigatur
2896 4897 3107 4959 nullis
