3575 5775
1331 559 1825 617 2—<z31268>-0

325 709 584 796 propria
643 706 1082 772 conscientia
1147 728 1284 770 non
1350 707 1394 768 li
1464 729 1666 770 move
1731 707 1823 768 ad
1888 707 2043 768 fare
2106 709 2292 768 bene
2353 712 2424 766 et
2473 702 2863 766 defendere

323 817 384 878 13
424 815 755 896 religione
804 815 876 877 di
909 815 1190 880 Christo
1241 814 1666 890 universale,
1717 812 1979 877 movali
2028 815 2096 876 lo
2146 811 2493 876 interesse
2543 810 2660 871 del
2710 810 2864 871 loro

321 923 602 1004 Imperio
651 933 724 987 et
771 921 1106 1006 Signorie
1154 922 1531 1004 temporali
1581 931 1652 984 et
1699 920 2071 1003 spirituali,
2121 941 2163 982 a
2211 917 2401 1001 quali
2434 915 2745 980 Martino
2796 923 2867 978 et

321 1029 584 1094 Huthen
649 1041 722 1094 et
785 1031 833 1093 li
883 1031 1212 1112 complici
1261 1051 1400 1093 non
1453 1047 1711 1092 manco
1755 1047 1932 1092 sono
1981 1027 2222 1091 infesti
2270 1028 2403 1090 che
2452 1027 2595 1088 alla
2641 1022 2867 1085 Santa

318 1137 628 1200 Romana
660 1138 940 1216 Chiesa,
990 1159 1120 1220 per
1168 1139 1300 1200 che
1350 1158 1492 1200 non
1527 1136 1644 1219 gia
1679 1155 1817 1200 con
1848 1139 2004 1198 loro
2034 1155 2249 1216 arme,
2301 1135 2387 1197 ne
2420 1141 2555 1196 con
2584 1129 2867 1194 heresie

317 1245 700 1308 Thodeschi
772 1247 1012 1310 hanno
1053 1245 1494 1326 'conseguito
1543 1245 1594 1306 il
1642 1246 1873 1307 culme
1921 1241 2299 1325 Imperiale
2348 1251 2418 1305 et
2465 1237 2746 1321 potesta
2796 1235 2868 1298 di

317 1351 670 1434 eleggerez
738 1371 854 1416 ma
915 1356 1070 1416 solo
1135 1373 1269 1434 per
1331 1371 1527 1415 mera
1589 1350 1825 1433 gratia
1887 1365 1959 1413 et
2018 1348 2369 1414 liberalita
2434 1348 2621 1412 della
2678 1345 2869 1408 Sede

315 1458 740 1539 Apostolica,
790 1469 864 1522 et
911 1461 1080 1523 delli
1115 1459 1428 1524 Romani
1463 1457 1823 1530 Pontifici3
1874 1457 2121 1539 percio
2167 1459 2299 1520 che
2346 1477 2425 1518 se
2472 1453 2595 1516 alli
2642 1449 2870 1516 meriti

311 1585 387 1626 se
449 1567 727 1629 havessi
799 1570 892 1630 ad
965 1569 1358 1650 guardare,
1431 1585 1580 1628 non·
1649 1587 1902 1629 manco
1972 1564 2225 1628 merita
2291 1566 2359 1626 la
2424 1561 2729 1626 Natione
2800 1557 2869 1620 di

310 1669 598 1755 Spagna
635 1675 729 1738 ne
761 1695 1014 1738 manco
1055 1678 1124 1739 la
1157 1675 1246 1737 de
1278 1674 1732 1756 Inghilterra,
1781 1695 1825 1736 o
1864 1673 1937 1736 di
1968 1672 2293 1750 Francia,
2345 1667 2763 1750 Hungheria
2801 1674 2874 1728 'et

310 1777 650 1860 Pollonia,
701 1783 836 1846 che
883 1785 954 1844 la
983 1782 1382 1845 Thodesca.
1465 1782 1734 1862 Queste
1777 1801 1953 1843 cose
1982 1799 2127 1843 non
2171 1777 2233 1840 si
2272 1777 2598 1842 scriveno
2630 1775 2721 1840 ad
2754 1773 2872 1838 voi

307 1885 576 1950 Messer
619 1887 1038 1952 Hieronimo
1087 1908 1219 1971 per
1263 1887 1653 1966 instruirvi,
1699 1889 1830 1950 che
1878 1887 2097 1950 molto
2147 1882 2430 1966 miglior
2477 1881 2753 1964 ragioni
2803 1888 2875 1942 et

306 1994 600 2076 consigli
661 1996 734 2058 vi
797 2014 1111 2059 nascono
1178 1996 1248 2060 in
1318 2017 1522 2074 casa,
1573 1995 1976 2058 ·et··Nostro
2025 1993 2335 2074 Signore
2398 1994 2433 2056 e
2492 1999 2689 2054 certo
2740 1989 2871 2050 che

305 2121 446 2164 non
505 2113 660 2166 sete
709 2112 896 2166 stato
945 2104 1036 2166 ad
1084 2113 1340 2185 questa
1388 2105 1566 2166 hora
1599 2105 1706 2165 ad
1753 2101 2063 2164 metterli
2108 2099 2180 2166 in
2230 2118 2483 2181 opera:
2555 2117 2669 2162 vma
2718 2094 2871 2161 solo

302 2227 434 2289 per
495 2212 630 2272 che
694 2211 1072 2275 scrivendo
1136 2212 1254 2274 noi
1314 2211 1388 2272 in
1436 2208 1859 2273 conformita
1924 2207 1995 2270 di
2058 2208 2297 2289 quello
2358 2206 2419 2268 si
2476 2206 2512 2268 ὲ
2562 2203 2753 2266 dicto
2804 2209 2876 2264 et

300 2326 604 2397 pensato
653 2337 786 2398 per
829 2318 970 2396 voi,
1019 2317 1432 2381 conosciate
1473 2315 1622 2379 Sua·
1649 2313 1949 2380 Santita.
1978 2310 2509 2378 commendarvi
2556 2319 2629 2374 et
2675 2305 2873 2372 accio

299 2423 528 2486 anche
620 2425 839 2506 quelli
901 2426 1294 2489 intendano
1361 2423 1410 2492 li
1477 2423 1774 2486 discor-si
1836 2421 2059 2486 vostri
2118 2420 2518 2503 procedere
2576 2418 2669 2479 da
2728 2413 2877 2478 Sua

303 2531 789 2613 Beatitu‘dine,
878 2531 1143 2596 Nostro
1173 2531 1484 2614 Signore
1533 2531 1603 2592 in
1653 2549 1830 2594 vero
1873 2539 2015 2592 *non
2068 2529 2105 2592 ὲ
2153 2529 2225 2592 in
2257 2537 2453 2592 tucto
2486 2523 2874 2588 sodisfacto

301 2638 370 2699 in
445 2651 696 2720 questa
761 2659 931 2702 cosa
994 2639 1063 2701 di
1115 2639 1376 2702 Cesare
1441 2658 1576 2720 per
1635 2639 1708 2700 la
1758 2646 1964 2700 tanta
2008 2635 2348 2704 dilatione
2398 2635 2531 2698 che
2580 2632 2637 2694 si
2686 2630 2760 2694 fa
2806 2628 2875 2691 in

299 2745 650 2827 exeguire
700 2748 940 2828 quello
989 2748 1121 2810 che
1171 2749 1264 2809 da
1291 2744 1444 2808 Sua
1474 2744 1752 2810 Maesta
1779 2754 2030 2808 .stessa
2078 2744 2115 2808 ὲ
2159 2753 2345 2810 stato
2380 2739 2875 2806 commandato

297 2851 370 2915 in
435 2851 686 2917 favore
747 2854 938 2918 della
1001 2873 1217 2918 causa
1282 2854 1353 2916 di
1403 2853 1682 2917 Christo
1730 2861 1809 2916 et
1854 2853 2047 2917 della
2088 2851 2376 2934 justitia.
2471 2849 2531 2911 Il
2580 2847 2711 2911 che
2762 2845 2873 2909 de·

297 2971 478 3023 nota
524 2958 673 3023 Sua
721 2958 998 3023 Maesta
1063 2980 1324 3042 parere
1383 2960 1825 3024 raffreddata
1888 2972 1961 3023 et
2020 2961 2195 3023 dare
2256 2956 2541 3023 orechie
2591 2953 2709 3019 alli
2758 2954 2872 3015 ad-

299 3067 600 3130 versarii
667 3066 739 3130 di
790 3066 1076 3131 Christo
1122 3080 1194 3130 et
1241 3070 1432 3132 della
1480 3069 1721 3131 chiesa
1770 3068 1983 3131 della=
2006 3069 2219 3148 quale
2265 3064 2575 3131 essendo·
2618 3060 2713 3125 lei
2760 3060 2875 3123 ad-

301 3186 598 3254 vocata,
665 3176 853 3239 veda
902 3174 1052 3239 Sua
1098 3176 1374 3241 Maesta
1436 3185 1706 3257 quanto
1770 3177 2048 3239 honore
2108 3174 2155 3237 li
2218 3173 2323 3238 sia
2383 3194 2427 3235 a
2487 3168 2878 3234 defendere

299 3284 743 3346 lentamente
775 3285 842 3345 le
873 3300 1039 3346 cose
1067 3282 1136 3347 d’
1151 3302 1318 3346 essa
1347 3283 1610 3362 chiesa,
1659 3284 1870 3363 quale
1904 3281 1975 3344 in
2011 3290 2263 3363 questo
2296 3278 2347 3343 li
2378 3280 2413 3341 ὲ
2444 3275 2645 3359 quasi
2678 3294 2881 3339 come

301 3390 582 3462 niente;
651 3410 730 3452 se
787 3388 934 3452 Sua
983 3389 1258 3453 Maesta
1328 3390 1610 3453 innanzi
1679 3392 1816 3453 che
1875 3390 1934 3452 si
1994 3387 2279 3452 termini
2342 3390 2415 3450 la
2458 3385 2674 3449 Dieta
2738 3402 2879 3450 non

301 3494 656 3559 diffinisse
705 3497 776 3558 la
824 3515 994 3559 cosa
1041 3508 1114 3560 et
1159 3497 1451 3579 impone·
1495 3499 1719 3561 totale
1755 3496 2069 3560 ,selentio
2118 3496 2209 3559 ad
2243 3496 2343 3559 tal
2373 3493 2693 3571 materia,
2742 3510 2883 3555 non

300 3603 618 3683 bisogna
664 3602 723 3666 si
771 3604 985 3685 speri,
1032 3625 1111 3667 se
1159 3624 1302 3667 non
1349 3603 1953 3667 scandalosissimi
2000 3603 2195 3683 exiti,
2241 3603 2335 3665 de
2382 3600 2573 3683 quali
2620 3600 2883 3663 Nostro

301 3708 620 3791 Signore
669 3720 994 3791 protesta
1041 3732 1084 3773 a
1117 3712 1256 3774 Dio
1308 3722 1380 3773 et
1428 3713 1496 3775 al
1544 3712 1809 3774 mondo
1860 3712 1992 3773 che
2041 3712 2137 3773 da
2184 3730 2261 3773 se
2310 3730 2449 3773 non
2486 3709 2522 3772 ἐ
2554 3714 2883 3771 maneato

301 3816 424 3879 far
487 3826 682 3880 tucte
745 3818 814 3879 le
879 3818 1272 3900 provisioni
1337 3818 1662 3900 possibili
1710 3819 1851 3881 alle
1896 3817 2166 3881 faculta
2210 3818 2403 3881 della
2450 3814 2642 3879 Sede
2692 3814 2883 3894 Apo-

297 3923 585 3988 stolica.
681 3923 820 3986 Nel
868 3926 1232 4000 resto-Dio
1281 3946 1426 3989 non
1475 3924 1859 3988 manchera
1906 3925 1966 3988 si
2016 3946 2219 3988 come
2264 3945 2405 3988 non
2458 3922 2708 3985 manco
2748 3918 2887 3981 mai

299 4033 452 4095 alla
477 4028 628 4093 Sua
675 4030 945 4105 chiesa:
991 4033 1134 4096 Voi
1181 4034 1536 4115 segnitate
1584 4041 2201 4096 constantemente
2248 4040 2324 4095 et
2370 4028 2683 4093 unanimi
2710 4024 2885 4089 tucti

301 4150 378 4201 et
427 4148 540 4201 tre
587 4137 645 4201 si
696 4158 896 4202 come
943 4138 1088 4203 fino
1137 4140 1257 4223 qui
1304 4142 1566 4205 havete
1614 4140 1831 4223 factO,
1880 4150 1951 4205 et
1999 4139 2439 4205 comunicate
2490 4138 2601 4201 col
2637 4136 2885 4200 Caras:-

301 4246 498 4308 ciolo
565 4253 637 4308 et
699 4246 978 4310 Messer
1034 4247 1410 4321 Rafaello;
1483 4249 1674 4311 nella
1731 4248 2115 4330 prudentia
2174 4256 2419 4310 vostra
2483 4253 2555 4308 et
2613 4245 2769 4306 loro
2830 4240 2889 4303 si

303 4354 594 4416 rimette
659 4352 710 4416 il
777 4354 1106 4437 bisogna
1200 4354 1294 4417 Di
1362 4375 1504 4437 qua
1548 4355 1620 4417 vi
1669 4356 1731 4417 si
1773 4374 1955 4418 sono
2002 4356 2337 4418 mandate
2384 4360 2565 4415 tutte
2614 4351 2682 4415 le
2728 4368 2887 4431 pro-

303 4460 572 4523 visioni
635 4462 951 4524 secondo
1013 4464 1274 4525 havete
1338 4462 1642 4544 chieste,
1711 4471 1785 4525 et
1832 4464 1901 4525 al
1950 4457 2351 4525 Cameriere
2401 4459 2472 4521 di
2521 4458 2784 4523 Cesare
2833 4456 2889 4519 si

304 4568 345 4631 ὁ
399 4566 792 4633 sodisfacto
841 4587 1044 4631 come
1089 4570 1388 4633 havrete
1433 4568 1618 4632 visto
1667 4590 1801 4651 per
1846 4572 1917 4632 la
1964 4567 2488 4651 supplicatione
2535 4576 2607 4629 et
2652 4562 2888 4636 brevi;

307 4678 460 4738 cosi
511 4694 556 4737 a
601 4674 800 4738 molti
849 4676 1032 4739 altri.

497 4780 603 4845 La
649 4802 818 4845 cosa
867 4784 982 4846 del
1022 4783 1297 4847 Doctor
1327 4784 1678 4866 Capitone
1723 4783 1783 4846 si
1832 4782 2170 4846 mandere
2218 4780 2505 4845 omnino
2554 4778 2893 4862 expedita

309 4910 520 4953 come
579 4892 794 4953 vuole
861 4899 934 4952 et
981 4887 1225 4954 Sancti
1277 4891 1580 4971 Quattro
1639 4892 1733 4953 ha
1794 4890 1867 4953 in
1930 4910 2138 4953 mano
2188 4898 2379 4953 tucte
2428 4890 2494 4953 le
2544 4887 2891 4972 scripture
