3575 5775
1630 586 1746 641 0<3
1824 586 1931 640 374
2006 580 2123 637 &0

779 732 1130 795 Vedendo
1178 734 1277 795 tal
1323 734 1562 796 buona
1595 731 2057 813 dispositione
2106 732 2176 795 di
2223 733 2421 795 detta
2452 731 2599 813 liga
2638 734 2733 795 ho
2767 734 2937 796 dato
2970 733 3155 813 qual-

602 842 734 901 che
781 839 1133 921 principio
1183 840 1323 903 alla
1351 840 1677 921 praticha
1723 841 1854 902 che
1886 840 1954 902 io
1985 839 2225 903 scrissi
2272 840 2388 902 del
2420 840 2684 904 Dottor
2713 837 2912 902 Sath.
2962 860 3159 902 come

601 950 694 1010 da
739 968 850 1010 me
899 957 972 1010 et
1016 967 1147 1029 per
1193 947 1611 1029 interposite
1657 967 1964 1029 persone
1971 995 2189 1011 .....
2282 946 2612 1009 Viennae
2642 946 2928 1010 XXIII.
2961 944 3159 1027 Sept.

601 1054 1036 1119 MDXXIV.

782 1178 910 1242 Col
957 1178 1280 1260 principe
1329 1179 1421 1240 ho
1470 1176 1651 1241 fatto
1699 1198 1923 1259 opera
1970 1178 2076 1241 ch’
2115 1178 2258 1259 egli
2307 1189 2378 1241 et
2424 1180 2495 1241 la
2525 1178 2966 1261 principessa
3000 1177 3161 1241 scri·

603 1307 917 1350 veranno
979 1286 1420 1348 caldamente
1473 1286 1536 1346 al
1584 1284 1703 1347 Re
1765 1305 1893 1348 suo
1943 1295 2252 1367 cognato
2314 1296 2384 1349 et
2449 1286 2731 1350 fratello
2791 1286 2864 1349 in
2914 1286 3164 1349 favore

602 1395 692 1457 de
740 1396 812 1457 la
858 1412 1026 1455 cosa
1075 1392 1144 1453 di
1193 1390 1507 1454 Boemia.

783 1500 899 1563 Un
948 1499 1262 1561 Misseno
1323 1499 1534 1560 homo
1585 1499 1784 1561 dotto
1855 1510 1925 1561 et
1974 1499 2337 1563 celebrato
2398 1500 2471 1563 in
2520 1500 2756 1582 quelle
2803 1501 2989 1583 parti
3052 1520 3167 1563 ma

601 1610 973 1672 lutherano
1023 1617 1095 1668 et
1143 1606 1463 1685 rubaldo,
1515 1604 1924 1687 navigando
1961 1626 2092 1687 per
2136 1606 2395 1669 flumen
2427 1606 2666 1671 Albim
2718 1628 2848 1671 con
2885 1610 2955 1671 la
2984 1628 3163 1671 com-

603 1714 870 1798 pagnia
917 1733 1116 1777 come
1165 1713 1780 1775 mirculosamente
1831 1712 1889 1775 si
1938 1714 1975 1775 ὲ
2024 1712 2363 1795 affogatO.

780 1823 842 1885 Il
889 1819 1158 1886 Senato
1208 1819 1273 1881 d'
1305 1820 1634 1901 Augusta
1682 1820 1977 1883 intendo
2036 1822 2167 1883 che
2216 1824 2309 1885 ha
2354 1820 2535 1884 fatto
2585 1820 2997 1903 decapitare
3047 1821 3166 1882 doi

605 1931 676 1995 di
742 1930 905 2016 quei
953 1927 1282 2011 populari
1347 1936 1420 1990 et
1466 1948 1555 1990 ne
1604 1927 1797 1990 tiene
1864 1927 2097 1990 alcuni
2162 1928 2325 1991 altri
2387 1928 2702 2011 prigioni
2769 1938 2838 1991 et
2902 1937 3169 1991 mostra

603 2039 846 2102 volere
909 2036 1261 2116 castigare
1311 2035 1475 2116 quel
1522 2036 1875 2116 populazo
1940 2037 2208 2098 anchor
2274 2035 2405 2098 che
2455 2056 2598 2099 non
2648 2035 2889 2099 caccia
2951 2034 3170 2116 quelli

604 2144 1040 2229 predicatori
1085 2142 1462 2206 lutherani.

1673 2348 2085 2360 mmm-tw

1814 2562 1961 2627 168.

1105 2687 1495 2791 Episcopus
1548 2687 2037 2769 Lausanensis
2094 2686 2439 2767 Clementi
2493 2687 2650 2768 VH.

1465 2834 1660 2910 (Epist.
1697 2834 2019 2908 principum
2054 2834 2125 2894 11.
2164 2833 2299 2906 2⁷5.)

1544 2959 1648 3009 (29.
1688 2948 2015 3012 Septembris
2060 2951 2230 3010 15²4·)

787 3083 1118 3148 Intellexi
1149 3084 1438 3144 dolosos
1470 3083 1813 3161 quosdam
1844 3081 2036 3143 viros
2084 3080 2387 3143 sinistris
2435 3079 2881 3143 suasionibus
2916 3090 2988 3144 et
3022 3103 3165 3144 ver-

610 3192 821 3256 suciis
868 3192 1216 3254 sinceram
1265 3189 1351 3252 V.
1403 3187 1474 3253 S.
1526 3207 1698 3269 erga
1745 3209 1858 3250 me
1926 3186 2291 3251 caritatem
2354 3191 2644 3250 turbare
2694 3196 2765 3250 et
2812 3187 3175 3251 divertere

611 3308 1034 3380 temptasse;
1095 3318 1206 3360 me
1255 3294 1808 3379 apostolicorum
1839 3295 2331 3358 mandatorum
2382 3305 2943 3378 contemptorem
2992 3293 3175 3358 false

612 3409 1054 3470 invehentes,
1165 3405 1255 3466 Et
1319 3404 1485 3466 licet
1551 3404 1745 3464 nullo
1810 3422 2119 3484 unquam
2168 3411 2379 3483 pacto
2428 3401 2638 3463 michi
2703 3403 3175 3483 persuadeam

611 3514 838 3596 ipsam
905 3511 978 3576 S.
1029 3511 1115 3576 V.
1178 3531 1310 3593 pro
1375 3509 1582 3574 solita
1643 3509 1794 3572 eius
1861 3508 2214 3570 constanti
2279 3509 2659 3590 prudentia
2722 3517 2795 3570 et
2858 3507 3175 3590 equitate

613 3630 826 3702 atque
875 3639 1032 3682 mea
1067 3637 1239 3700 erga
1286 3639 1438 3680 eam
1471 3615 1928 3699 integerrima
1975 3615 2117 3678 fide
2168 3625 2237 3678 et
2286 3614 2745 3679 observantia
2791 3617 3003 3679 ullam
3053 3617 3173 3677 du-

611 3727 1028 3791 bitationem
1080 3727 1169 3788 de
1217 3746 1328 3788 me
1377 3724 1877 3806 quoquomodo
1926 3732 2449 3805 suscepturam:
2502 3723 2714 3786 nichil
2761 3732 2997 3786 tamen
3037 3725 3175 3785 hoc

613 3833 1022 3898 calamitoso
1073 3843 1394 3914 tempore
1441 3830 1805 3894 molestius
1852 3830 2235 3912 graviusve
2285 3831 2494 3894 michi
2545 3829 2873 3893 accidere
2920 3829 3175 3910 potuit,

612 3963 820 4024 quam
878 3939 1424 4004 sussurrantium
1485 3938 1843 4001 hominum
1906 3937 2305 4000 huiusmodi
2368 3937 2734 4001 detracti0.
2843 3937 3173 4018 Quando·

612 4049 896 4131 quidem
948 4047 1166 4110 nichil
1212 4065 1518 4127 unquam
1568 4045 1834 4107 dictum
1883 4065 1925 4106 a
1974 4066 2084 4114 me
2132 4047 2250 4106 vel
2298 4043 2592 4125 factum,
2655 4064 2818 4125 ymo
2882 4045 3171 4125 quidem

612 4177 745 4220 nec
831 4155 1219 4238 cogitatum
1301 4151 1436 4215 fuit
1532 4153 1723 4234 quod
1820 4151 2046 4214 Bea¹¹²⁸
2142 4159 2424 4214 vestrae
2512 4161 2631 4212 aut
2709 4150 3173 4232 Apostolicae

614 4261 826 4325 Sedis
871 4261 1317 4324 incommoda
1369 4258 1790 4340 respiceret;
1844 4259 1971 4321 sed
2019 4257 2155 4340 ipsi
2202 4257 2533 4320 continue
2584 4258 2685 4339 (ut
2732 4259 3003 4338 teneor)
3055 4259 3173 4320 ob·

613 4369 810 4450 sequi
857 4367 1260 4430 desideravi
1311 4377 1381 4430 et
1429 4364 1638 4448 cupio
1687 4385 1986 4447 semper.
2084 4365 2174 4426 Et
2220 4367 2356 4426 hoc
2406 4364 2867 4446 integerrimo
2918 4364 3175 4426 ductus

613 4475 894 4553 affectu,
943 4494 1081 4536 non
1132 4473 1358 4537 minus
1389 4493 1519 4556 pro
1571 4472 2097 4536 ecclesiasticae
2144 4472 2499 4534 libertatis
2529 4470 2927 4534 defensioni
2958 4491 3169 4552 quam

613 4602 745 4664 pro
795 4580 1192 4662 apostolica
1257 4579 1676 4643 auctoritate
1741 4581 2098 4642 servanda
2156 4599 2297 4642 non
2361 4580 2585 4642 solum
2650 4597 2825 4660 opes
2874 4575 3175 4659 exiguas

612 4709 806 4752 meas
853 4689 982 4752 sed
1030 4697 1100 4750 et
1147 4707 1524 4770 personam
1574 4687 1907 4764 continue
1942 4707 2308 4768 exponere
2333 4705 2470 4748 non
2505 4685 2785 4767 negavi.
2882 4683 3176 4748 Constat

612 4807 987 4879 praeterea
1037 4795 1290 4876 quibus
1338 4794 1704 4857 laboribus
1752 4813 1984 4875 quove
2042 4793 2276 4856 studio
2340 4791 2753 4874 pestiferam
2816 4791 3009 4854 illam
3078 4794 3171 4855 lu-

611 4901 1005 4966 therianam
1067 4911 1367 4984 sectam,
1436 4922 1593 4964 mea
1647 4901 1720 4964 in
1770 4900 2037 4965 diocesi
2086 4903 2282 4965 velut
2328 4901 2597 4962 hedera
2637 4900 2779 4983 jam
2826 4900 3169 4981 pullulan-
