3575 5775
1701 582 2197 639 0-43344ffl

668 733 980 795 absurdo
1047 733 1178 793 che
1224 731 1558 793 havendo
1607 748 1765 793 cum
1814 737 2013 793 tanto
2062 737 2337 793 matura
2384 728 2899 792 deliberatione
2960 730 3052 793 de
3102 729 3259 791 tuti

668 838 986 921 Principi
1060 846 1128 901 et
1176 836 1423 920 populi
1473 836 1628 899 suoi
1689 834 1993 919 subditi,
2064 856 2265 901 come
2311 837 2524 900 volea
2570 838 2639 899 la
2684 836 2978 919 ragion,
3050 835 3259 901 fatto

670 946 737 1008 el
784 946 1119 1009 mandato
1169 951 1417 1009 contra
1464 953 1718 1026 questa
1761 942 2113 1023 haeresia,
2162 964 2305 1007 non
2353 946 2746 1008 solamente
2794 963 2938 1006 non
2986 944 3061 1007 lo
3090 943 3257 1006 faci

671 1052 964 1135 exequir
987 1102 1004 1133 ,
1054 1073 1170 1115 ma
1214 1051 1422 1116 toleri
1472 1051 1642 1133 ogni
1689 1049 1759 1113 di
1810 1049 2333 1132 quodammodo
2378 1050 2450 1113 in
2501 1051 2831 1132 despetto
2878 1069 3009 1113 suo
3057 1050 3261 1113 farsi

669 1160 1022 1243 maggiori
1069 1156 1472 1222 desordeni.

845 1266 939 1329 Et
1003 1286 1219 1329 ancor
1281 1266 1414 1327 che
1461 1263 1723 1326 Nostro
1772 1260 2081 1345 Signore
2136 1261 2333 1326 habii
2394 1263 2577 1327 fatto
2643 1272 2908 1345 quanto
2976 1284 3255 1347 appar·

667 1372 860 1436 tiene
924 1394 968 1436 a
1028 1393 1106 1436 se
1161 1371 1234 1433 in
1299 1378 1550 1453 questa
1599 1389 1803 1450 cosa,
1876 1377 1947 1432 et
1993 1371 2125 1432 che
2174 1370 2326 1432 solo
2392 1370 2595 1449 resti,
2667 1390 2712 1433 a
2758 1368 2905 1434 Sua
2950 1370 3261 1433 Maesta

667 1480 780 1542 far
827 1481 900 1542 la
947 1478 1370 1542 executione
1416 1496 1616 1540 come
1664 1484 1817 1539 tute
1863 1478 2026 1557 lege
2056 1478 2340 1557 voleno,
2390 1496 2528 1539 non
2566 1476 2847 1540 dimeno
2878 1474 3031 1540 Sua
3058 1476 3257 1541 San-

667 1586 796 1650 tita
860 1584 1021 1650 sera
1067 1604 1350 1667 sempre
1395 1592 1640 1665 presta
1701 1602 1861 1645 cum
1908 1602 2037 1645 suo
2083 1583 2227 1645 bon
2277 1582 2591 1645 conselio
2658 1594 2729 1646 et
2776 1582 2935 1645 altri
2984 1585 3259 1666 meggi

667 1695 799 1758 che
847 1694 942 1756 da
988 1702 1240 1775 questa
1288 1688 1480 1754 Sede
1528 1710 1607 1753 se
1654 1691 1778 1771 pol
1824 1699 1896 1753 et
1944 1689 2128 1753 deve
2176 1699 2541 1772 expettar‚
2606 1688 2927 1771 assister‚
2999 1702 3079 1753 et
3126 1691 3261 1755 far

665 1801 708 1864 1²
737 1800 976 1865 officio
1025 1800 1116 1862 de
1163 1801 1305 1862 bon
1356 1797 1644 1861 Vicario
1695 1796 1784 1859 de
1833 1796 2002 1876 Jesu
2050 1795 2353 1860 Christo,

845 1909 989 1970 Per
1032 1906 1084 1968 li
1129 1904 1459 1983 remedii,
1528 1904 1568 1967 ὲ
1625 1902 2031 1967 necessario
2080 1903 2213 1967 che
2260 1901 2409 1966 Sua
2454 1902 2735 1967 Maesta
2778 1912 3048 1986 quanto
3112 1905 3257 1987 piis

669 2022 914 2095 presto
977 2012 1216 2075 mandi
1285 2031 1416 2093 per
1472 2019 1724 2093 questa
1785 2030 2001 2073 causa
2056 2018 2640 2093 expressamente
2708 2009 2781 2074 in
2844 2008 3261 2091 Germania

667 2142 764 2185 un
812 2122 1023 2184 homo
1071 2121 1212 2182 ben
1260 2117 1613 2195 instruttO,
1666 2126 1738 2181 et
1784 2120 1917 2181 che
1965 2116 2049 2181 sii
2098 2118 2189 2181 de
2220 2117 2483 2199 qualite
2534 2128 2605 2181 et
2638 2117 3047 2182 conditione
3102 2122 3259 2184 che

669 2226 887 2310 quelli
935 2224 1252 2307 Principi
1302 2234 1374 2288 et
1419 2224 1667 2308 populi
1717 2224 2201 2306 cognoschino
2250 2224 2867 2289 manifestamente
2913 2225 3051 2290 che
3087 2223 3259 2291 Sua

666 2332 948 2397 Maesta
995 2353 1072 2395 se
1119 2342 1403 2396 resente
1453 2341 1524 2394 et
1573 2332 1738 2395 dole
1786 2350 1986 2395 esser
2030 2330 2211 2395 satta
2256 2351 2391 2413 per
2436 2333 2590 2395 loro
2638 2343 2891 2414 questa
2938 2352 3257 2398 enorme

667 2438 926 2504 iniuria
997 2460 1042 2501 a
1107 2438 1281 2520 Di0‚
1342 2459 1385 2500 a
1431 2438 1502 2501 la
1547 2438 1851 2520 religion
1903 2437 2271 2501 Catholica
2320 2446 2393 2501 et
2460 2461 2503 2502 a
2550 2436 2698 2502 Sua
2744 2438 3023 2502 Maesta
3074 2461 3253 2505 cum

666 2565 896 2629 pocco
942 2546 1174 2609 honor
1223 2545 1314 2607 de
1362 2545 1579 2626 quelli
1626 2544 1897 2627 populi,
1946 2554 2016 2607 et
2064 2544 2516 2609 damnatione
2564 2546 2755 2608 dele
2789 2546 3021 2608 anime
3054 2546 3255 2611 loro.

667 2653 752 2716 Li
799 2653 990 2735 quali
1049 2652 1121 2716 in
1185 2671 1350 2713 cose
1399 2651 1490 2713 de
1536 2651 1607 2712 la
1661 2650 1829 2713 fede
1878 2657 2075 2713 tanto
2141 2658 2655 2715 maturamente
2728 2662 2801 2715 et
2866 2651 3253 2735 religiosa·

665 2768 902 2823 mente
951 2758 1416 2823 determinate
1464 2756 1693 2839 primo
1741 2777 1871 2839 per
1918 2757 1987 2819 la
2034 2754 2228 2820 Sede
2275 2757 2729 2839 Apostolica‚
2795 2767 2867 2822 et
2921 2760 3045 2841 poi
3104 2780 3257 2842 per

673 2865 824 2933 Sua
871 2866 1146 2932 Maesta
1197 2875 1268 2930 et
1325 2865 1416 2929 de
1476 2863 1789 2930 conselio
1848 2865 2001 2928 loro
2064 2864 2136 2927 in
2200 2869 2347 2928 cosi
2408 2867 2760 2948 populosa
2816 2865 3081 2930 Diaeta
3149 2869 3253 2932 de

667 2975 1004 3039 Wormes
1050 2995 1191 3040 non
1241 2975 1632 3039 solamente
1692 2991 1834 3035 non
1897 2971 2190 3035 habiino
2250 2972 2542 3036 obedito
2610 2973 2702 3034 ad
2771 2974 2871 3035 tal
2932 2975 3251 3040 decreto

667 3103 782 3146 ma
827 3103 1042 3145 ancor
1088 3081 1379 3146 habiino
1428 3081 1644 3143 hauto
1676 3078 1869 3142 ardir
1916 3078 1987 3142 in
2037 3089 2287 3160 queste
2336 3081 2489 3142 loro
2522 3079 2775 3143 Diaete
2809 3081 2902 3142 de
2934 3079 3249 3146 Norem-

665 3191 922 3271 berga,
984 3209 1196 3252 senza
1244 3187 1714 3252 deliberation
1764 3187 1855 3248 de
1903 3183 2050 3250 Sua
2098 3185 2373 3249 Maesta
2421 3186 2679 3250 limitar
2727 3188 2923 3250 detto
2972 3186 3252 3253 Edicto

666 3295 1228 3375 Wormatiense,
1288 3304 1360 3358 et
1421 3295 1622 3357 voler
1690 3293 1803 3357 far
1850 3313 2038 3356 nova
2084 3293 2604 3375 congregation
2652 3313 2867 3376 sopra
2911 3294 3041 3356 tali
3092 3315 3247 3361 tna-

665 3400 881 3482 terie3
945 3401 990 3463 il
1057 3403 1189 3463 che
1245 3400 1282 3463 ὲ
1346 3401 1434 3464 de
1483 3400 1755 3463 directo
1802 3409 2055 3463 eontra
2104 3419 2265 3462 esso
2314 3401 2578 3482 edicto,
2628 3410 2701 3464 et
2746 3401 2813 3464 le
2861 3401 3007 3482 legi
3057 3403 3249 3466 anti·

667 3528 806 3589 que
873 3527 1109 3588 sacre,
1181 3515 1253 3570 et
1309 3505 1681 3571 Caesaree.
1775 3506 1867 3568 Et
1936 3507 2069 3570 che
2142 3508 2427 3589 quando
2484 3506 2627 3572 Sua
2688 3507 2967 3571 Maesta
3033 3507 3249 3574 fusse

666 3617 808 3678 ben
857 3623 1044 3678 stata
1081 3625 1418 3696 presente
1464 3614 1536 3680 in
1584 3613 2083 3698 Norimberga‚
2130 3635 2264 3696 per
2308 3616 2463 3678 zelo
2511 3616 2601 3677 de
2651 3616 2719 3678 la
2764 3615 2953 3695 fede,
3002 3625 3079 3677 et
3112 3617 3247 3680 ho·

667 3741 801 3785 nor
861 3741 990 3784 suo
1068 3742 1212 3784 non
1285 3723 1640 3786 harrebbe
1703 3729 2165 3804 praesumpto
2239 3722 2670 3786 determinat
2737 3729 2989 3803 questa
3060 3743 3249 3787 cosa

668 3828 1090 3892 altramente
1139 3829 1270 3892 che
1320 3827 1438 3909 gia
1487 3848 1609 3891 era
1657 3838 1846 3891 stata
1892 3830 2226 3892 conclusa
2273 3829 2459 3892 cossi
2506 3837 3009 3892 sanctamente.

849 3937 1038 4000 Pero
1088 3934 1235 3999 Sua
1279 3933 1554 3997 Maesta
1615 3955 1747 4017 per
1808 3935 1849 3996 l’
1896 3936 2109 3998 homo
2166 3936 2298 3998 che
2346 3935 2390 3997 l’
2430 3936 2523 3999 ha
2584 3935 2678 3998 ad
2739 3935 3041 3998 mandar
3078 3935 3249 4000 'faci

664 4043 1031 4123 intendet,
1093 4063 1136 4104 a
1183 4041 1401 4124 quelli
1459 4041 1591 4103 tuti
1657 4041 2012 4124 Principi‚
2077 4051 2148 4104 et
2204 4042 2483 4125 populi,
2552 4043 2685 4105 che
2732 4061 2874 4106 non
2950 4043 2987 4105 ὲ
3060 4063 3249 4108 cosa

666 4151 1013 4230 honesta,
1081 4150 1168 4212 ne
1217 4148 1721 4230 ragionevole,
1786 4158 1859 4211 et
1917 4150 2469 4212 resolutamente
2524 4167 2668 4211 non
2742 4148 2778 4211 ὲ
2841 4149 2931 4211 de
2990 4163 3247 4215 mente

666 4277 828 4337 sua,
892 4257 1024 4318 che
1069 4275 1202 4319 con
1253 4255 1310 4318 si
1359 4254 1736 4320 manifesto
1785 4256 2123 4318 scandalo
2176 4256 2265 4318 de
2313 4257 2383 4318 la
2432 4253 2777 4337 Religion
2826 4253 3247 4322 Christiana

666 4365 820 4425 loro
886 4361 1122 4425 facino
1189 4363 1709 4446 congregation
1771 4365 2027 4426 alcuna
2097 4362 2171 4426 in
2233 4363 2532 4426 materia
2593 4362 2726 4426 che
2790 4361 2980 4424 tochi
3040 4364 3243 4429 altro

670 4470 804 4532 che
852 4469 917 4532 le
969 4489 1134 4532 cose
1182 4471 1335 4534 loro
1385 4479 1723 4534 consuete
1771 4470 1888 4533 del
1952 4469 2286 4551 imperi0‚
2336 4469 2395 4532 si
2452 4489 2651 4533 como
2704 4467 2803 4532 fin
2863 4468 2981 4552 qui
3048 4491 3243 4538 sono

668 4576 1130 4639 accostumati
1186 4578 1274 4641 de
1328 4577 1460 4640 far.
1566 4577 1656 4639 Et
1723 4575 1795 4639 in
1856 4575 2153 4640 materia
2210 4577 2298 4639 de
2355 4574 2655 4640 Concilii
2710 4576 2995 4657 quando
3069 4579 3237 4642 loro

669 4681 1210 4746 desiderasseno
1260 4686 1513 4748 alcuna
1561 4703 1749 4764 cosa,
1800 4684 2081 4746 devono
2129 4701 2474 4764 recorrer,
2522 4703 2565 4744 a
2598 4679 2745 4746 Sua
2774 4682 3074 4764 Maesta,
3124 4685 3240 4750 La

668 4789 837 4869 qual
882 4809 958 4850 se
1007 4808 1448 4872 cognoscera
1495 4793 1561 4852 el
1628 4789 1984 4853 desiderio
2047 4791 2201 4853 loro
2268 4808 2464 4853 esser
2518 4789 2707 4870 justo
2766 4797 2839 4852 et
2896 4791 3235 4870 honest0,

665 4892 1116 4960 intercedera
1164 4916 1508 4980 appresso
1557 4897 1821 4960 Nostro
1869 4895 2177 4982 Signore
2226 4897 2323 4979 (al
2372 4897 2539 4980 qual
2585 4894 3009 4982 appartiene
3060 4917 3237 4964 con·
