3575 5775
1330 578 1823 637 (>-<ἔ3393ἒ“2>-θ

303 727 366 789 in
417 726 699 791 Christo
746 735 956 809 pater
1001 737 1074 791 et
1119 728 1425 809 domine,
1473 728 1757 792 domine
1808 727 2013 791 nobis
2062 746 2344 809 semper
2386 724 2856 807 suspiciende.

305 834 507 915 Quod
557 834 778 917 digna
832 846 1074 898 vestra
1118 836 1510 916 amplitudo
1557 836 1754 899 hisce
1804 834 2243 916 temporibus
2290 834 2575 920 (quibus
2618 832 2858 895 nobile

304 942 641 1005 Bohemie
673 942 1012 1025 Regnum
1063 942 1508 1005 multitudine
1557 951 1628 1005 et
1671 942 2021 1005 varietate
2070 939 2477 1022 opinionum
2508 950 2861 1003 sectarum

303 1048 878 1131 perditorumque
921 1048 1279 1112 hominum
1315 1050 1871 1113 Pil-{barthorum
1919 1058 2133 1130 atque
2168 1048 2526 1111 erroribus
2559 1048 2857 1131 pseudo·

305 1156 898 1237 Lutheranorum,
964 1158 1102 1219 huc
1149 1164 1364 1239 atque
1423 1157 1590 1221 illuc
1641 1157 2053 1220 distrahitur
2116 1165 2189 1218 et
2234 1154 2557 1219 Ecclesia
2604 1154 2863 1219 Christi

307 1282 428 1325 ceu
477 1260 815 1345 procellis
863 1262 1286 1344 quibusdam
1335 1262 1629 1345 agitata,
1677 1282 1865 1327 nunc
1916 1284 2284 1346 emergere
2326 1263 2395 1326 in
2445 1274 2728 1345 portum
2763 1262 2861 1323 in·

307 1370 471 1451 cipit
538 1368 675 1433 Dei
739 1368 1116 1451 beneficio)
1186 1371 1458 1433 litteras
1522 1374 1610 1434 ad
1683 1392 1813 1434 nos
1863 1372 2266 1453 Pragenses
2331 1372 2503 1433 dare
2568 1370 2866 1451 dignata

307 1486 440 1555 est,
507 1495 640 1539 nos
703 1486 909 1559 grate
957 1478 1363 1560 accepimus
1430 1478 1596 1560 quia
1643 1478 2149 1560 gratulatorias
2215 1498 2257 1539 a
2316 1485 2514 1540 tanto
2579 1476 2863 1539 domino

307 1604 509 1666 quern
569 1586 914 1648 hactenus
961 1587 1156 1648 nullo
1205 1585 1403 1648 licuit
1450 1586 1658 1649 nobis
1706 1594 1951 1649 nostro
2000 1585 2351 1648 demereri
2400 1583 2657 1665 offici0‚
2708 1602 2863 1664 gra·

308 1690 484 1755 tioso
533 1691 820 1773 inquam
867 1692 1103 1756 animo
1151 1693 1284 1755 has
1331 1693 1653 1774 legimu5‚
1702 1694 2051 1775 siquidem
2102 1695 2361 1774 plenae
2392 1699 2540 1755 tum
2587 1690 2862 1773 gratiae

305 1807 450 1862 tum
512 1798 935 1863 christianae
1003 1800 1371 1863 doctrinae
1439 1808 1662 1863 erant.
1759 1796 2254 1863 Gratissimum
2322 1818 2494 1861 vero
2556 1798 2864 1861 omnium

309 1904 458 1985 fuit,
505 1906 672 1969 Vre.
711 1905 876 1987 Dig.
912 1902 1187 1969 Revd.:
1238 1926 1532 1989 operam
1569 1926 1851 1970 omnem
1901 1916 1972 1969 et
2004 1906 2311 1969 studium
2346 1925 2577 1986 suum,
2626 1913 2868 1987 preter

311 2033 502 2093 spem
549 2022 621 2076 et
667 2012 991 2076 meritum
1041 2021 1377 2093 nostrum,
1429 2014 1638 2077 nobis
1684 2012 1945 2077 offerre
1990 2034 2077 2076 ac
2133 2013 2455 2094 polliceri
2502 2014 2869 2094 dignatam

313 2140 482 2183 esse.
573 2119 786 2182 Unde
847 2139 978 2200 pro
1027 2120 1428 2183 huiusmodi
1492 2120 1564 2183 in
1614 2141 1746 2183 nos
1791 2122 2273 2202 propensione
2324 2120 2707 2183 christiana
2768 2118 2863 2181 in-

314 2237 558 2307 gentes
619 2227 898 2308 agimus
956 2237 1029 2289 et
1092 2228 1458 2293 habemuS.
1529 2237 1578 2290 t.
1630 2248 1692 2310 q.
1761 2227 2067 2309 gratias;
2139 2247 2551 2309 persuasum
2617 2226 2865 2307 procul

315 2332 522 2397 dubio
581 2336 932 2397 habentes
998 2343 1075 2397 ut
1121 2332 1180 2397 si
1229 2334 1516 2415 quando
1576 2354 1693 2397 res
1739 2342 1986 2397 nostra
2034 2334 2243 2397 immo
2293 2334 2429 2397 Dei
2497 2332 2733 2415 potius
2782 2354 2868 2395 eo

316 2443 898 2523 progrederetur,
971 2442 1161 2523 quod
1239 2440 1554 2521 presidio
1633 2444 1748 2504 vel
1828 2440 2094 2504 auxilio
2159 2441 2595 2522 consilioque
2658 2441 2869 2521 ampl.

317 2546 406 2615 R.
433 2548 518 2610 V.
549 2547 1034 2631 indigeremus
1065 2547 1383 2629 illudque
1414 2547 1953 2628 imploraremus
1982 2548 2071 2611 V.
2106 2548 2245 2612 Re.
2276 2549 2365 2614 D.
2396 2548 2581 2611 votis
2614 2546 2873 2610 nostris

317 2663 707 2735 presentem
756 2663 829 2718 et
877 2654 1345 2717 favorabilem
1393 2652 1823 2717 adfuturum.
1918 2654 2262 2719 Novimus
2326 2654 2510 2719 enim
2571 2654 2873 2735 grandia

321 2774 386 2824 et
429 2764 722 2846 egregia
769 2762 1091 2826 facinora
1151 2771 1226 2826 et
1273 2782 1358 2825 ea
1403 2763 1779 2843 presertim
1848 2780 2029 2843 quae
2078 2762 2565 2845 Relligionem
2616 2760 2874 2824 Christi

321 2891 699 2952 pacemque
768 2868 1124 2954 publicam
1213 2868 1575 2952 attingunt
1639 2890 1782 2933 non
1852 2867 1983 2932 nisi
2067 2889 2493 2933 summorum
2564 2868 2875 2932 virorum

322 2977 670 3060 utriusque
737 2987 960 3042 status
1025 2987 1171 3042 tam
1235 2976 1619 3058 spiritualis
1689 2992 1901 3058 quam
1972 2976 2313 3040 secularis
2380 2975 2739 3058 suffragiis
2806 2985 2879 3038 et

321 3083 595 3150 calculis
654 3085 954 3148 stabiliri
1017 3084 1422 3166 firmarique
1469 3103 1704 3166 posse.
1799 3083 2025 3146 Porro
2076 3103 2169 3146 ex
2216 3082 2567 3164 principio
2614 3082 2877 3144 littera-

323 3211 467 3254 rum
523 3193 758 3274 Ampl.
809 3191 896 3258 V.
963 3191 1444 3256 intelleximus
1507 3190 1714 3253 nobis
1775 3191 1849 3253 id
1914 3210 2091 3252 cum·
2132 3191 2223 3252 ab
2287 3190 2611 3252 omnibus
2672 3189 2879 3252 bonis

320 3307 461 3362 tum
535 3299 974 3381 potissimum
1042 3317 1126 3362 ac
1191 3299 1428 3379 Ampl.
1490 3299 1577 3361 D.
1644 3296 1730 3360 V.
1800 3297 1993 3360 laudi
2062 3297 2215 3360 dari
2296 3298 2487 3378 quod
2549 3298 2743 3359 facta
2809 3297 2879 3358 in

325 3404 568 3486 impios
613 3415 686 3468 et
732 3405 1056 3468 homines
1106 3424 1384 3468 veneno
1436 3425 1751 3467 errorum
1802 3404 2341 3487 pikartheorum
2387 3403 2693 3468 infectos
2740 3424 2879 3466 mo-

327 3509 518 3575 cione
563 3531 688 3576 eos
735 3511 807 3574 in
855 3509 1147 3574 civitate
1195 3523 1442 3574 nostra
1474 3511 1827 3593 Pragensi
1876 3511 2437 3593 compescuimus
2485 3520 2699 3592 atque
2734 3510 2881 3573 vin·

329 3616 496 3681 culis
535 3618 604 3683 in
649 3619 812 3683 illos
870 3619 1520 3682 animadvertimus
1616 3618 2171 3700 Respondemus
2233 3618 2571 3699 quicquid
2619 3619 2882 3681 factum

335 3733 456 3805 est,
500 3725 568 3788 id
617 3726 1026 3788 universum
1075 3725 1360 3788 nomine
1395 3724 1531 3787 Dei
1579 3725 1822 3806 optimi
1873 3723 2162 3787 maximi
2208 3725 2413 3788 simul
2461 3745 2593 3808 pro
2642 3725 2881 3788 vendi·

331 3833 548 3895 canda
595 3853 648 3895 a
715 3832 1078 3915 pestiferis
1127 3831 1339 3894 sectis
1399 3829 1542 3892 fide
1597 3831 1982 3910 catholica,
2042 3831 2247 3894 simul
2310 3831 2544 3914 gratia
2605 3851 2883 3894 conser-

330 3939 592 4002 vandae
639 3939 929 4002 unitatis
989 3948 1061 4001 et
1117 3936 1486 4000 charitatis
1535 3937 1789 4001 civium
1842 3946 2243 4000 nostrorum
2290 3958 2473 4019 quae
2519 3937 2659 4000 iam
2708 3937 2883 4000 alias

331 4027 641 4126 exposit‘a
702 4045 875 4126 fuit,
947 4045 1212 4108 factum
1281 4065 1460 4108 esse.
1554 4045 1634 4106 In
1702 4064 1843 4126 quo
1894 4063 2111 4126 opere
2176 4053 2247 4107 et
2291 4045 2625 4126 incoepto
2687 4045 2879 4106 auxi·

329 4150 532 4215 liante
587 4133 826 4236 ‘gratia
875 4151 1116 4215 divina
1177 4152 1269 4214 ad
1319 4161 1720 4234 postremas
1781 4171 2006 4232 usque
2054 4150 2245 4212 vires
2307 4160 2378 4213 et
2426 4150 2716 4232 spiritus
2764 4172 2881 4214 no-

332 4265 502 4320 stros
561 4260 819 4322 durare
881 4273 1096 4340 atque
1159 4275 1625 4340 perseverare
1691 4258 2313 4340 (quemadmodum
2363 4257 2601 4338 Ampl.
2654 4255 2737 4321 V.
2786 4259 2881 4321 R.

334 4383 600 4429 monere
661 4383 794 4429 nos
858 4362 1222 4450 dignatur)
1281 4365 1353 4427 in
1417 4365 1689 4427 animos
1749 4361 2177 4427 induximus.
2274 4363 2667 4428 Credentes
2724 4367 2883 4429 Deo

334 4471 510 4550 quod
555 4491 733 4556 opus
777 4469 977 4553 illud,
1026 4478 1168 4554 quo
1201 4472 1480 4535 vineam
1531 4493 1728 4534 suam
1776 4491 2090 4554 purgare
2138 4481 2211 4534 et
2252 4473 2579 4554 plantare
2613 4471 2883 4555 incipit,

335 4576 424 4638 ad
465 4574 662 4643 finem
711 4589 785 4642 et
829 4575 1140 4642 fructum
1173 4577 1577 4641 vindemiae
1625 4579 1844 4660 longe
1891 4577 2284 4641 uberimum
2332 4580 2699 4659 perducet,
2749 4600 2879 4642 nec

338 4701 462 4745 nos
504 4695 1001 4769 cooperatores
1049 4705 1250 4765 suOS‚
1316 4683 1584 4747 auxilio
1634 4687 1824 4766 quod
1873 4685 2015 4748 suis
2064 4685 2421 4766 pollicitus
2469 4693 2612 4767 est,
2675 4687 2880 4750 desti-

340 4797 496 4852 tuet.
580 4793 766 4875 Quid
829 4792 1016 4856 enim
1065 4791 1272 4855 nobis
1335 4791 1753 4854 mortalibus
1814 4802 1938 4854 aut
1994 4792 2219 4854 maius
2286 4803 2407 4854 aut
2454 4793 2879 4874 praetiosius

339 4907 566 4976 posset
615 4917 662 4964 a
708 4900 867 4964 Deo
916 4917 1103 4962 max.
1154 4897 1574 4983 contingere
1635 4907 1852 4982 atque
1900 4899 1958 4962 si
2006 4899 2359 4964 unanimis
2408 4919 2656 4964 sensus
2714 4899 2885 4964 fidei
