3575 5775
1683 547 1951 602 0<382
2028 543 2144 598 [3:-0

1865 853 1973 918 33.

1275 959 2069 1042 vicecancellarius
2125 961 2559 1042 Alcandm.

1443 1091 1726 1162 (Nuntiat.
1765 1091 2019 1152 German.
2056 1090 2121 1150 10.
2154 1090 2397 1152 89—32.)

1057 1194 1156 1254 (Ex
1195 1192 1469 1241 Florentia
1511 1203 1562 1252 3.
1603 1193 1801 1242 Martii.
1841 1219 1910 1228 —-
1950 1194 2211 1244 Wormat.
2260 1205 2336 1242 ΙΙ.
2378 1193 2559 1242 Martii
2605 1205 2624 1241 Ι
2636 1191 2778 1260 521.)

955 1317 1394 1381 Reverende
1440 1317 1658 1380 Pater
1709 1315 1957 1379 Amice
2008 1325 2251 1379 noster
2298 1315 2703 1398 praecipue.

807 1441 1135 1504 Havemo
1196 1451 1534 1505 recevuto
1595 1450 1881 1523 quattro
1930 1443 2188 1504 lettere
2235 1450 2509 1521 vostre,
2560 1441 2699 1503 due
2750 1441 2841 1502 de
2890 1439 3091 1502 VIII.
3146 1441 3229 1520 ⁴la

631 1557 824 1610 terza
873 1549 944 1610 di
993 1549 1159 1610 XII.
1211 1558 1283 1611 et
1330 1549 1371 1610 l'
1400 1551 1583 1611 altra
1633 1548 1704 1611 di
1755 1547 1939 1609 XIII
1989 1548 2103 1611 del
2154 1569 2377 1628 mese,
2444 1569 2575 1629 per
2624 1548 2689 1610 le
2737 1547 2930 1629 quali
2980 1547 3042 1608 ci
3096 1567 3229 1608 av·

631 1653 857 1718 visate
907 1677 950 1718 a
1009 1657 1224 1738 pieno
1288 1659 1355 1719 le
1421 1655 1757 1738 publiche
1823 1665 1895 1718 et
1959 1655 2371 1737 particulari
2432 1664 2675 1718 vostre
2744 1653 3234 1728 tribulationi,

630 1762 822 1843 quali
871 1772 1206 1826 mostrate
1256 1772 1622 1826 sustenere
1672 1773 1744 1826 et
1790 1763 2135 1825 ributtare
2184 1783 2315 1825 con
2368 1781 2637 1824 summa
2685 1761 3077 1843 pacientia,
3154 1771 3239 1822 et

629 1869 940 1932 fortezza
999 1881 1071 1932 et
1137 1869 1372 1932 animo
1436 1872 1566 1933 che
1633 1881 1818 1932 tutto
1880 1891 2021 1932 non
2084 1890 2337 1933 manco
2388 1891 2431 1931 a
2476 1867 2654 1949 Dio,
2706 1871 2776 1931 la
2822 1888 3043 1930 causa
3097 1870 3239 1930 del

631 1980 839 2058 quale
905 1977 1305 2055 difendete‚
1375 1980 1505 2041 che
1568 2000 1612 2040 a
1658 1977 1921 2040 Nostro
1974 1974 2281 2058 Signore
2344 1989 2414 2038 et
2476 1978 2619 2038 alla
2683 1975 3093 2038 universale
3154 1986 3241 2038 et

631 2095 877 2146 sancta
934 2083 1174 2147 chiesa
1222 2084 1258 2146 ὲ
1308 2084 1749 2165 gratissimO,
1820 2094 1891 2146 et
1954 2105 1997 2145 a
2058 2084 2177 2145 voi
2242 2085 2330 2144 de
2395 2083 2795 2145 immortale
2862 2083 3077 2145 laude
3154 2095 3241 2144 et

630 2191 890 2273 gloria3
941 2200 1122 2254 tutte
1170 2191 1238 2252 le
1288 2210 1508 2271 opere
1555 2191 1821 2254 fatiche
1872 2201 1947 2253 et
1992 2191 2290 2272 periculi
2338 2190 2561 2253 vostri
2610 2211 2749 2252 non
2800 2191 2859 2252 si
2893 2211 3242 2272 possono

629 2300 982 2379 spendere
1047 2299 1133 2362 ne
1182 2300 1518 2361 tollerare
1581 2299 1699 2380 piu
1750 2301 2403 2378 honorevolmente,
2454 2299 2541 2360 ne
2592 2297 2945 2380 maggiori
2992 2296 3244 2361 fructi

631 2416 701 2467 et
750 2406 1002 2487 premii
1033 2425 1276 2487 ponno
1325 2415 1712 2486 expectare
1762 2416 1835 2468 et
1882 2415 2066 2468 tutto
2102 2404 2173 2466 'si
2222 2416 2393 2468 nota
2442 2414 2513 2468 et
2560 2406 2790 2467 scrive
2840 2405 3033 2467 nella
3074 2425 3237 2467 me·

629 2513 853 2576 moria
915 2513 988 2576 di
1035 2513 1296 2576 Nostro
1347 2511 1654 2593 Signore
1721 2524 1795 2575 et
1848 2513 1947 2575 dil
1996 2532 2201 2575 sacro
2250 2512 2630 2594 colleggio.
2728 2513 2831 2574 La
2880 2511 3245 2576 oratione

630 2629 874 2683 vostra
918 2620 1112 2682 facta
1157 2639 1396 2681 coram
1431 2619 1738 2683 Caesare
1789 2630 1864 2682 et
1910 2619 2361 2701 Principibus
2410 2620 2479 2681 in
2530 2619 2743 2699 dieta,
2802 2619 3109 2681 sicondo
3174 2622 3247 2683 si

629 2731 772 2808 puo
823 2727 1335 2811 comprendere
1383 2747 1514 2808 per
1563 2729 1632 2789 la
1681 2730 2081 2790 excelle-nte
2132 2727 2455 2789 doctrina
2502 2735 2744 2788 vostra
2794 2735 2865 2788 et
2895 2727 3143 2789 anche
3188 2729 3247 2790 il

631 2832 1183 2899 Prothonotario
1250 2833 1618 2915 referisce‚
1667 2835 1706 2897 e
1773 2845 1933 2897 suta
1981 2855 2149 2898 cosa
2214 2835 2505 2897 laudata
2568 2843 2640 2897 et
2702 2836 2770 2897 al
2836 2835 3252 2915 proposito

629 2946 814 3005 bene
844 2944 1406 3015 accommodat-213
1459 2952 1530 3005 et
1561 2945 1825 3025 perche
1875 2944 1961 3004 ne
2014 2942 2085 3004 di
2133 2942 2298 3004 fede
2349 2942 2435 3004 ne
2487 2940 2559 3003 di
2608 2940 3075 3003 suffittientia
3136 2946 3250 3007 ne

630 3051 700 3113 di
764 3050 1135 3133 diligentia
1194 3061 1266 3114 et
1326 3050 1546 3114 fatica
1599 3050 1672 3112 in
1722 3060 1975 3131 questa
2024 3070 2240 3111 causa
2288 3049 2592 3112 essendo
2642 3052 2819 3110 costi
2872 3048 2989 3110 voi
3044 3059 3129 3111 et
3192 3052 3251 3114 il

629 3157 1201 3237 Prothonotario‚
1251 3158 1314 3220 ci
1364 3178 1540 3239 pare
1588 3157 1646 3219 si
1695 3176 1913 3238 possa
1961 3156 2372 3219 desiderare
2421 3155 2565 3237 piu,
2617 3152 2767 3218 Sua
2808 3154 3097 3218 Santita
3166 3160 3251 3222 vi

631 3267 934 3328 exhorta
1001 3275 1071 3328 et
1135 3265 1408 3346 stringe
1475 3275 1740 3346 quanto
1804 3264 1948 3345 puo
1996 3284 2039 3325 a
2090 3263 2450 3345 seguitare
2498 3262 2901 3326 virilmente
2951 3265 3041 3326 ne
3101 3267 3251 3331 du-

630 3370 860 3433 bitare
923 3382 1110 3434 sotto
1171 3372 1222 3434 il
1285 3380 1486 3435 scuto
1551 3371 1625 3432 di
1671 3370 1813 3433 Dio
1864 3380 1935 3433 et
1981 3372 2052 3433 di
2102 3370 2442 3448 Caesare,
2512 3370 2671 3432 anci
2718 3390 2959 3435 essere
3012 3385 3253 3439 certo

631 3479 821 3541 della
867 3477 1166 3540 victoria
1211 3486 1284 3539 et
1329 3478 1712 3540 ricordarsi
1761 3479 1893 3540 che
1940 3477 2130 3539 mille
2180 3479 2374 3539 volte
2425 3479 2493 3540 la
2542 3478 2783 3540 chiesa
2834 3478 2903 3540 di
2936 3477 3083 3541 Dio
3133 3482 3253 3545 ha

631 3586 857 3666 patito
925 3584 1130 3647 simili
1191 3585 1728 3668 persequutioni
1793 3594 1865 3648 et
1926 3604 2208 3665 sempre
2273 3603 2406 3665 per
2453 3583 2697 3647 divina
2745 3585 3149 3649 clementia
3208 3592 3255 3653 ὲ

631 3695 1004 3773 prevaluta
1049 3713 1192 3755 non
1240 3694 1601 3775 possendo
1651 3712 1894 3756 errare
1944 3694 2013 3754 la
2045 3691 2275 3753 verita
2308 3691 2751 3774 evangelica,
2804 3693 3019 3772 quale
3056 3694 3256 3759 dice

631 3820 760 3861 nec
809 3800 1072 3863 Portae
1117 3800 1328 3863 inferi
1374 3802 1898 3882 praevalebunt
1946 3799 2288 3861 adversus
2337 3818 2513 3860 eam.
2589 3798 2824 3861 Resta
2872 3800 3029 3861 solo
3086 3804 3255 3867 che

627 3906 748 3969 voi
814 3908 1298 3989 perseveriate
1367 3906 2173 3971 constantissimamente
2241 3905 2712 3986 supplicando
2782 3917 2853 3969 et
2920 3926 3251 3987 persua—

631 4016 868 4077 dendo
918 4036 962 4077 a
1007 4018 1244 4097 quella
1291 4015 1571 4078 Maesta
1621 4024 1692 4077 et
1739 4036 1781 4076 a
1830 4013 1993 4075 tutti
2041 4012 2256 4093 quelli
2312 4011 2641 4074 catholici
2691 4012 2985 4093 Signori
3044 4019 3251 4081 elet-

632 4123 767 4184 tori
817 4132 888 4185 et
934 4122 1094 4186 altri
1143 4123 1418 4204 grandi,
1469 4121 1776 4185 maxime
1827 4120 2112 4198 Cevers,
2166 4120 2492 4181 Palentia
2542 4132 2614 4181 et
2652 4120 2989 4182 Tudense
3046 4134 3135 4186 et
3194 4128 3257 4190 il

635 4230 1068 4293 Reverendo
1135 4231 1548 4294 confessore
1615 4230 1683 4291 di
1747 4228 1896 4292 Sua
1958 4227 2235 4290 Maesta
2302 4229 2433 4290 che
2498 4227 2795 4308 voglino
2863 4226 3255 4298 animosa-

632 4347 866 4397 mente
929 4358 1128 4400 come
1191 4340 1429 4400 hanno
1477 4334 2047 4399 incomminciato
2099 4334 2487 4397 defendere
2536 4336 2607 4396 la
2654 4354 2871 4419 caus-a
2922 4319 3259 4415 publica

633 4442 705 4505 di
753 4443 1032 4506 Christo
1097 4455 1169 4507 et
1225 4445 1414 4507 della
1462 4443 1628 4507 fede
1677 4453 1749 4505 et
1796 4442 2037 4505 chiesa
2084 4441 2434 4503 catholica
2483 4452 2555 4503 et
2602 4442 3060 4523 persuaderli
3118 4468 3253 4511 so-

630 4570 762 4631 pra
820 4559 1004 4612 tutto
1059 4553 1190 4614 che
1241 4550 1471 4633 questi
1519 4550 1774 4633 perfidi
1823 4548 2116 4612 heretici
2166 4568 2306 4609 non
2357 4549 2511 4610 solo
2560 4568 2867 4611 cei-cano
2915 4550 3256 4617 ruinare

631 4659 700 4719 la
747 4656 1131 4720 Germania
1180 4660 1295 4722 nel
1343 4658 1712 4741 spirituale
1761 4678 1877 4718 ma
1922 4657 2151 4718 anche
2200 4655 2390 4716 nello
2442 4653 2751 4734 Imperio
2803 4664 2873 4717 et
2936 4666 3253 4742 tempo-

630 4763 838 4826 ralita
885 4773 1074 4826 sotto
1123 4773 1442 4845 pretesto
1493 4765 1582 4827 de
1633 4763 1865 4826 uscire
1913 4762 1984 4847 di
2033 4761 2296 4825 servitu
2349 4772 2419 4821 et
2468 4780 2601 4822 con
2653 4772 2908 4842 questo
2968 4767 3256 4835 colore

629 4870 784 4934 fare
833 4873 1074 4933 levare
1125 4872 1145 4933 i
1193 4872 1440 4955 populi
1491 4872 1680 4933 dalla
1729 4868 2142 4933 obedientia
2188 4866 2565 4951 Imperiale
2616 4879 2685 4929 et
2734 4868 2825 4930 de
2874 4872 3039 4933 loro
3106 4896 3253 4942 na-
