3575 5775
1613 520 2106 589 5-42318834

574 683 786 744 modo
856 676 1265 743 demerendi
1340 676 1467 741 sed
1531 687 1601 741 et
1665 681 1891 742 verbo
1950 674 2324 743 erudiendi
2394 686 2559 741 sunt
2618 686 2831 760 atque
2895 658 3161 757 eciam,

577 790 635 851 si
685 788 783 850 ita
832 808 1010 869 opus
1059 786 1182 865 sit,
1247 786 1460 848 armis
1507 786 1996 867 spiritualibus
2064 786 2566 867 expugnandi;
2634 784 2973 867 Episcopi
3042 784 3163 848 sui

582 894 797 959 officii
846 894 1376 973 commonendi,
1427 892 1753 956 civitates
1801 893 1873 956 in
1922 892 2160 956 officio
2210 892 2717 973 continendae,
2766 891 3167 975 gymnasia

578 1004 1054 1080 adhortanda,
1111 999 1442 1063 monachi
1491 999 1882 1079 excitandi,
1955 998 2147 1062 docti
2194 998 2457 1080 ubique
2506 1017 2633 1079 spe
2682 1008 2755 1061 et
2800 998 3165 1080 pollicita-

579 1109 770 1172 tione
818 1108 1193 1172 alliciendi.
1291 1108 1371 1170 In
1424 1107 1678 1190 quibus
1727 1118 1922 1170 certe
1979 1127 2122 1169 non
2186 1104 2547 1169 minimum
2607 1107 3170 1186 ponduS‚-rnea

581 1216 935 1298 opinione,
985 1215 1194 1277 situm
1244 1223 1369 1277 est.
1468 1214 1987 1296 Perpurganda
2036 1232 2319 1295 quoque
2360 1213 2622 1275 rudera
2670 1212 2948 1295 Curiae,
2998 1232 3166 1275 cur-

579 1324 965 1386 tisanorum
1015 1322 1286 1385 scilicet
1337 1320 1480 1399 fex,
1529 1321 1841 1403 bonique
1872 1321 2359 1384 tantummodo
2392 1340 2479 1383 ac
2513 1320 2726 1399 docti,
2775 1319 2843 1382 in
2892 1320 3174 1403 quibus

580 1450 860 1512 semper
907 1428 1294 1511 presidium
1341 1429 1411 1490 in
1462 1438 1795 1510 promptu
1846 1440 1991 1508 est,
2039 1426 2525 1509 provehendi;
2590 1426 2663 1489 id
2711 1428 2901 1509 quod
2953 1434 3173 1489 certe

580 1538 660 1601 T.
711 1536 780 1601 S.
836 1536 969 1599 erit
1015 1535 1086 1597 in
1135 1535 1382 1617 primis
1431 1554 1716 1607 curare;
1786 1544 2000 1616 atque
2048 1545 2124 1597 ut
2170 1534 2360 1597 idem
2408 1533 2536 1596 fiat
2583 1554 2626 1596 a
2673 1534 3013 1596 Patribus
3068 1536 3174 1596 ab

583 1643 956 1728 Episcopis
991 1652 1112 1705 tua
1146 1641 1567 1705 auctoritate
1605 1642 2071 1704 intercedere.
2166 1640 2349 1703 Nam
2398 1640 2457 1703 si
2505 1642 2757 1703 horum
2803 1642 3177 1705 hactenus

585 1751 808 1815 maior
852 1750 1104 1813 fuisset
1153 1749 1398 1812 habita
1447 1748 1652 1830 rati0,
1699 1758 1899 1811 certe
1943 1768 2085 1811 non
2133 1758 2279 1809 tam
2326 1747 2635 1829 pessime
2664 1748 2877 1811 hodie
2908 1747 3179 1811 Eccle-

585 1858 734 1923 siae
783 1856 1150 1939 negotium
1200 1856 1498 1919 audiret.
1612 1855 1985 1917 Postremo
2052 1853 2481 1917 Germaniae
2545 1866 2837 1919 nostrae
2894 1875 3181 1936 grava-

586 1967 776 2030 mina
825 1964 1222 2028 relaxanda
1276 1974 1499 2043 erunt,
1551 1961 1647 2023 ita
1694 1962 1884 2025 enim
1932 1982 2073 2024 non
2123 1980 2511 2043 paucomm
2558 1962 2828 2024 animos
2876 1963 2958 2025 T.
3019 1962 3181 2025 sibi

590 2071 664 2137 S.
713 2070 1210 2135 demerebitur.
1306 2068 1704 2133 Novissime
1753 2090 1929 2132 vero
1978 2068 2206 2133 omnis
2253 2068 2619 2132 Ecclesiae
2666 2068 2915 2151 facies,
2968 2090 3180 2151 quae

590 2189 784 2243 certe
831 2198 974 2240 non
1021 2199 1162 2239 una
1209 2185 1416 2259 parte
1466 2179 1845 2259 deturpata
1908 2186 2047 2257 est,
2096 2175 2551 2239 reformanda
2596 2176 2749 2240 erit.
2844 2176 3057 2239 Haec
3115 2177 3186 2239 si

589 2288 667 2352 T.
721 2284 792 2348 S.
844 2284 1248 2368 promiserit
1280 2284 1813 2365 prestiteritque
1844 2282 2134 2345 dubium
2165 2283 2330 2345 mihi
2375 2302 2517 2347 non
2567 2284 2701 2346 erit
2746 2294 3183 2367 presentem

588 2413 803 2475 posse
852 2398 1350 2474 tempestatem
1401 2390 1658 2454 sedari.
1753 2388 2041 2453 Suadeo
2108 2400 2343 2453 tamen
2393 2391 2668 2454 interea
2718 2399 2790 2454 et
2836 2391 2904 2455 in
2960 2391 3187 2454 Urbe

594 2511 663 2564 et
709 2500 783 2562 in
832 2497 1027 2561 Orbe
1077 2518 1160 2561 ac
1210 2498 1476 2580 passim
1523 2518 1653 2580 per
1718 2497 2000 2580 singula
2062 2498 2493 2561 monasteria
2558 2500 2847 2562 crebras
2911 2518 3187 2587 preca-

593 2608 834 2671 ciones
877 2604 1054 2685 fieri,
1097 2604 1311 2667 indici
1345 2604 1627 2687 ieiunia,
1684 2604 1915 2667 Deum
1958 2605 2444 2667 communibus
2491 2605 2677 2667 votis
2716 2625 2799 2667 ac
2826 2606 3191 2687 lacrymis

593 2732 896 2777 exorare
930 2723 1007 2776 ut
1038 2732 1170 2775 nos
1202 2714 1294 2774 ab
1341 2714 1476 2773 hac
1531 2722 1930 2794 temporum
1976 2711 2246 2774 malitia
2291 2712 2568 2791 liberet,
2618 2724 2689 2775 et
2736 2716 2989 2794 procul
3046 2715 3189 2775 du-

593 2821 712 2884 bio
761 2822 902 2883 nos*
938 2839 1075 2882 non
1128 2821 1440 2900 deseret,
1500 2820 1627 2881 sed
1693 2830 1764 2880 et
1813 2818 2121 2901 spo‘nsae
2170 2815 2477 2881 Sanctae
2527 2818 2893 2882 Ecclesiae
2940 2840 3191 2903 exop-

594 2940 812 2993 tatam
864 2927 1158 2990 donabit
1206 2947 1477 3011 pacem.
1573 2925 1808 2989 Unum
1843 2934 2170 3010 superest
2203 2927 2393 3008 quod
2424 2925 2535 2988 his
2565 2927 2793 2990 turbis
2822 2927 3191 2991 sedandis

597 3035 898 3118 aliquid,
973 3033 1040 3096 ni
1112 3032 1342 3114 fallor,
1395 3034 1849 3097 emolumenti
1922 3033 2219 3100 adferet.
2336 3033 2497 3096 Hoc
2560 3045 2668 3096 est
2737 3033 2795 3096 si
2857 3049 3195 3098 caveant

597 3141 960 3227 principes
1007 3151 1310 3204 caveant
1341 3152 1411 3233 et
1460 3141 1807 3221 civitateS,
1856 3142 2051 3203 nulla
2096 3141 2527 3204 clancularia
2589 3140 2743 3205 fieri
2802 3143 3189 3206 conve-nti-

599 3250 778 3329 cula,
828 3248 1058 3310 nullas
1108 3246 1706 3329 conspiratione53
1758 3267 1874 3310 res
1923 3247 2109 3309 enim
2154 3247 2382 3329 magis
2422 3247 2737 3312 factione
2770 3269 2981 3330 quam
3032 3270 3194 3332 pro

599 3356 902 3418 veritate
949 3355 1222 3436 agitur;
1276 3354 1534 3418 deinde
1569 3354 1963 3418 sediciosae
1999 3364 2076 3416 ut
2107 3355 2179 3417 in
2213 3355 2573 3439 publicum
2606 3357 3197 3424 declamationes

601 3461 1114 3544 prohibeantur
1162 3460 1364 3523 simul
1416 3471 1487 3524 et
1535 3461 1653 3543 qui
1703 3461 2017 3524 famosos
2066 3461 2348 3524 libellos
2409 3464 2523 3524 vel
2590 3464 2809 3526 edunt
2862 3465 2981 3527 vel
3052 3487 3195 3530 ex-

601 3571 869 3632 cudunt
919 3577 1035 3630 aut
1085 3568 1298 3630 etiam
1347 3567 1742 3631 divendant
1801 3579 1878 3630 ut
1943 3567 2355 3651 puniantur;
2425 3569 2834 3652 deligantur
2878 3592 3200 3656 quoque

604 3675 727 3756 qui
774 3674 1269 3757 perquirendis
1316 3675 1455 3738 illis
1502 3676 1774 3758 presint
1823 3675 2026 3738 simul
2078 3685 2149 3738 et
2196 3675 2703 3742 concionantes
2759 3682 3200 3751 observent.

604 3781 944 3866 Episcopi
1023 3782 1235 3844 etiam
1298 3784 1815 3846 auscultatores
1883 3784 2269 3846 decernant
2330 3783 2451 3864 qui
2512 3787 2763 3849 horum
2825 3787 3201 3868 dogmata

605 3890 1013 3957 diiudicent.

785 3997 986 4060 Haec
1035 4019 1167 4080 pro
1218 4019 1374 4060 mea
1399 3996 1822 4077 temeritate,
1870 3997 2293 4078 Beatissime
2324 3998 2561 4080 Pater,
2608 3999 2931 4081 pluribus
2982 4000 3201 4067 forte

609 4124 818 4186 quam
870 4125 1048 4186 opus
1100 4115 1273 4185 erat,
1331 4105 1411 4168 T.
1463 4103 1535 4168 S.
1596 4125 2045 4168 commonere
2110 4105 2337 4184 volui,
2399 4126 2541 4169 non
2606 4108 2796 4189 quod
2851 4108 3203 4174 dubitem

611 4213 862 4274 adesse
911 4211 1038 4274 tibi
1089 4213 1202 4295 qui
1274 4209 1345 4274 S.
1397 4211 1476 4274 T.
1541 4211 1795 4274 similia
1856 4219 1929 4274 et
1984 4211 2268 4275 saniora
2329 4224 2751 4296 suggerant,
2813 4215 2935 4280 sed
3010 4219 3207 4297 quia

609 4337 720 4380 me
769 4316 986 4380 officii
1034 4339 1316 4401 quoque
1345 4317 1482 4380 mei
1515 4319 1864 4380 rationem
1897 4318 2166 4382 habere
2202 4321 2559 4402 oportuit;
2608 4341 2769 4386 nam
2818 4319 2937 4384 ubi
2988 4343 3204 4388 com-

611 4445 818 4489 mune
851 4424 1240 4505 periculum
1271 4424 1606 4504 imminet,
1656 4423 1753 4486 ibi
1804 4434 1999 4488 certe
2028 4425 2097 4488 in
2143 4426 2503 4507 publicum
2538 4427 2984 4491 consultandi
3035 4449 3211 4496 om-

611 4533 818 4594 nibus
868 4550 1098 4613 aequa
1143 4530 1446 4594 facultas
1493 4542 1602 4594 est
1715 4531 1998 4594 Vellem
2048 4552 2185 4614 ego
2232 4533 2419 4596 hunc
2468 4533 2773 4597 animum
2818 4555 3057 4598 meum
3118 4539 3209 4604 in

611 4637 864 4701 litteris
911 4657 1106 4717 esse,
1172 4649 1248 4700 ut
1310 4638 1578 4702 scilicet
1645 4659 1787 4701 non
1852 4638 2163 4701 consiliis
2208 4641 2421 4703 modo
2470 4643 2596 4702 sed
2644 4661 2723 4704 re
2770 4661 3060 4724 quoque
3122 4658 3212 4710 et

611 4765 832 4827 opera
861 4746 1216 4807 turbatam
1251 4745 1616 4808 Ecclesiae
1663 4765 1917 4828 pacem
1964 4747 2449 4822 vindicarent;
2498 4766 2745 4810 verum
2775 4759 3213 4816 mutescunt

613 4848 1019 4935 gymnasia,
1087 4850 1441 4914 dormiunt
1500 4851 1829 4915 monachi
1878 4861 1949 4915 et
1996 4854 2208 4936 pauci
2268 4855 2647 4917 admodum
2712 4864 2874 4919 sunt
2928 4855 3053 4938 qui
3114 4879 3211 4923 se
