3575 5775
1288 546 1781 604 0-4346154

272 693 548 776 quando
594 709 885 776 praeter
930 693 1061 756 has
1124 693 1293 756 nihil
1358 693 1748 757 desiderari
1810 702 2089 776 potest,
2154 714 2312 758 cum
2377 694 2824 779 munitioneS,

268 799 794 882 machinaeque,
845 810 916 863 et
965 801 1299 884 quicquid
1351 803 1441 863 ad
1489 822 1637 864 rem
1688 802 2014 864 bellicam
2045 803 2491 869 tractandam
2523 813 2822 886 spectat,

268 907 527 970 affatim
576 907 763 970 adsit
812 907 1039 988 nobis,
1091 917 1160 970 et
1208 907 1463 988 ingens
1511 908 1872 990 peditatus
1938 907 2368 972 Bohemicus
2428 910 2822 992 praecipue

270 1013 773 1098 quamprimum
823 1015 1127 1077 conduci
1174 1013 1419 1096 possit.
1514 1015 1713 1077 Haec
1766 1023 1875 1078 est
1921 1034 2062 1078 una
2109 1036 2278 1098 spes
2339 1026 2412 1080 et
2476 1028 2671 1080 certa
2719 1040 2820 1080 sa-

268 1122 424 1184 lutis
470 1121 673 1184 ratio,
769 1119 1080 1184 Proinde
1130 1121 1653 1184 Beatitudinem
1704 1122 2034 1186 Vestram
2085 1144 2215 1205 pro
2265 1144 2423 1188 mea
2473 1124 2541 1186 in
2592 1127 2820 1188 Deum

272 1240 334 1290 et
380 1229 717 1292 Sanctam
770 1227 983 1290 Suam
1034 1227 1493 1310 Religionem
1542 1228 1830 1309 pietate,
1883 1229 2232 1292 admoneo
2284 1243 2353 1293 et
2401 1233 2682 1313 hortor,
2751 1244 2826 1295 ut

272 1334 602 1399 deflectat
651 1337 896 1398 oculos
944 1355 1109 1397 suos
1158 1355 1373 1418 super
1444 1337 1628 1398 hanc
1702 1335 2090 1416 nationem,
2161 1355 2295 1419 qua
2354 1358 2493 1400 non
2555 1339 2684 1402 fuit
2733 1342 2826 1402 al-

274 1455 418 1506 tera
466 1451 545 1505 ut
594 1445 905 1526 produnt
951 1441 1351 1526 hystoriae,
1415 1451 1484 1504 et
1530 1442 1789 1504 scrinia
1839 1442 2212 1506 Romanae
2261 1443 2625 1510 Ecclesiae
2671 1467 2829 1528 pro·

272 1549 522 1630 ferunt,
572 1549 643 1612 in
678 1549 1082 1613 orthodoxa
1129 1547 1270 1610 fide
1320 1549 1783 1622 constantior;
1851 1570 2080 1632 neque
2128 1553 2511 1632 permittat,
2563 1563 2637 1616 ut
2686 1575 2826 1618 non

275 1657 421 1720 sine
472 1657 689 1720 totius
752 1657 1123 1738 religionis
1178 1655 1493 1738 periculo
1510 1705 1525 1736 ‚
1587 1657 1743 1738 ipsa
1801 1665 1950 1720 tota
2013 1658 2368 1738 concidat,
2432 1669 2502 1722 et
2561 1671 2832 1742 pereat.

276 1763 413 1828 Sed
449 1764 685 1846 potius
719 1767 883 1827 dum
916 1766 1146 1827 adhuc
1180 1763 1346 1845 quid
1384 1764 1535 1845 spei
1568 1764 1912 1847 reliquum
1946 1775 2070 1842 est,
2119 1785 2255 1846 ope
2292 1786 2418 1829 sua
2451 1787 2590 1830 non
2622 1769 2830 1830 desti·

277 1883 443 1954 tuat,
472 1881 543 1936 et
577 1872 847 1934 auxilio
892 1871 1325 1954 pecuniario,
1374 1873 1567 1933 cuius
1604 1891 1771 1934 usus
1815 1892 2021 1952 quarn
2056 1873 2145 1934 ad
2180 1873 2666 1938 reductionem
2695 1875 2832 1938 iam

276 1980 377 2041 hic
420 1979 732 2061 undique
770 1978 1187 2040 insanientis
1226 1978 1474 2060 populi
1513 1977 1584 2040 in
1630 1986 1896 2042 rectam
1923 1979 2109 2042 viam
2151 1979 2398 2042 melius
2443 1981 2828 2045 locarinon

275 2086 552 2167 poterit,
575 2095 649 2148 ut
673 2083 953 2148 firmata
978 2085 1510 2166 tranquillitate,
1538 2087 1975 2167 reductaque
2004 2085 2261 2148 unione
2289 2085 2478 2148 circa
2519 2087 2833 2152 divinum

278 2195 555 2272 cultum,
582 2213 713 2274 pro
755 2213 894 2274 quo
926 2212 1064 2254 non
1110 2213 1284 2274 opes
1328 2201 1620 2272 tantum,
1651 2194 1778 2255 sed
1817 2192 2084 2274 optimo
2115 2193 2368 2278 cuique
2407 2194 2698 2276 sanguis
2729 2204 2840 2258 est

278 2302 807 2382 expendendus,
827 2297 1225 2363 videbimus
1246 2298 1315 2361 in
1336 2298 1589 2362 diebus
1612 2299 1870 2362 nostris
1892 2299 2012 2380 qui
2033 2301 2309 2364 malicia
2333 2302 2721 2385 abundant,
2735 2303 2838 2366 in-

280 2410 550 2470 teritum
579 2417 868 2470 sanctae
903 2405 1287 2488 religionis,
1310 2423 1442 2488 pro
1477 2405 1675 2467 cuius
1705 2405 2142 2488 incremento
2169 2407 2366 2470 Deus
2392 2409 2656 2490 dirigat
2679 2431 2834 2472 con-

275 2514 497 2578 firmet
517 2513 1306 2577 BeatitudinisVestrae
1328 2523 1542 2594 atque
1562 2511 2046 2593 praefatorum
2061 2513 2534 2578 Cardinalium
2553 2537 2836 2581 suorum

280 2642 395 2685 cor
464 2631 533 2684 et
594 2621 964 2684 consilium
1013 2641 1220 2684 omne
1290 2619 1423 2696 ita,
1493 2630 1568 2680 ut
1636 2622 1919 2702 quando
1983 2641 2243 2684 nocero
2292 2624 2472 2685 solet
2521 2644 2716 2686 mora
2764 2625 2834 2688 in

280 2733 519 2807 rebus,
582 2738 1061 2810 opportunum
1126 2726 1463 2790 auxilium
1528 2736 1598 2787 et
1665 2726 2031 2808 suppetias
2097 2728 2168 2790 in
2217 2730 2536 2809 pecuniis
2600 2751 2836 2793 conse-

281 2857 609 2918 quamur,
680 2857 770 2899 ne
819 2833 1137 2898 destituti
1187 2855 1325 2917 ope
1372 2833 1784 2915 redigamur
1833 2835 1926 2898 ad
1980 2835 2446 2897 necessitates
2463 2884 2481 2917 ,
2542 2837 2608 2900 in
2662 2857 2838 2919 quas

278 2947 575 3026 populus
646 2944 1025 3006 meditatur
1100 2963 1228 3005 nos
1300 2942 1493 3004 velut
1563 2942 1946 3023 compedes
1994 2942 2379 3024 coniicere,
2453 2954 2522 3006 et
2573 2942 2840 3009 Sancta

282 3052 594 3114 Ecclesia
641 3052 711 3115 in
762 3054 894 3114 hac
934 3051 1221 3113 natione
1271 3048 1574 3131 accipiat
1624 3069 1861 3112 casum
1912 3051 2103 3112 nullo
2152 3070 2459 3131 unquam
2507 3070 2687 3113 aevo
2736 3073 2836 3115 re·

284 3160 776 3241 cuperandum.
889 3160 1001 3221 De
1078 3178 1217 3239 quo
1298 3156 1821 3219 Beatitudinem
1895 3156 2228 3220 Vestram
2317 3158 2838 3222 admonendam

284 3287 435 3329 esse
498 3266 777 3349 putavi,
840 3277 916 3327 ut
981 3264 1039 3328 si
1110 3264 1303 3327 illum
1366 3262 1518 3325 fieri
1583 3263 1952 3344 contingat
2018 3262 2372 3327 destitutis
2422 3266 2656 3346 nobis„
2722 3268 2838 3349 qui

284 3394 521 3437 omnes
579 3374 811 3437 adhuc
875 3374 967 3435 ad
1023 3371 1396 3453 pristinum
1444 3368 1810 3451 religionis
1873 3371 2135 3433 cultum
2184 3372 2838 3455 redintegrandum,

282 3480 598 3561 pessimis
648 3481 1009 3544 erroribus
1057 3488 1270 3561 atque
1320 3477 1737 3559 improbatis
1786 3476 2101 3540 moribus
2147 3477 2470 3559 refectiS,
2535 3481 2837 3563 suspira-

284 3608 432 3651 mus
464 3588 821 3670 precipue,
871 3594 1221 3668 quatenus
1261 3606 1417 3648 mea
1465 3584 1735 3647 referre
1766 3593 2027 3667 potest,
2077 3588 2270 3667 apud
2304 3588 2602 3651 eandem
2632 3598 2842 3652 testa·

285 3707 429 3759 tum
475 3695 904 3778 reliquerim,
978 3696 1089 3756 me
1162 3693 1254 3755 ad
1329 3690 1500 3754 nihil
1574 3712 1816 3753 eorum
1889 3711 2072 3774 quae
2137 3704 2468 3757 secutura
2528 3707 2690 3759 sunt
2750 3718 2842 3760 ex

286 3805 682 3887 proposit0‚
754 3802 882 3865 sed
930 3800 1087 3883 ipsa
1136 3820 1329 3864 mera
1399 3799 1822 3861 necessitate
1893 3798 2268 3880 impulsum
2337 3800 2596 3883 fuisse,
2665 3803 2844 3866 sicut

288 3912 664 3975 Beatitudo
695 3910 953 3973 Vestra
1001 3908 1211 3971 latius
1260 3916 1667 3988 cognoscet,
1718 3926 1809 3968 ex
1857 3905 2204 3970 relatione
2257 3906 2586 3971 Caesarei
2636 3910 2842 3974 isthic

288 4019 639 4101 Oratoris,
690 4028 762 4081 et
809 4016 943 4080 mei
993 4013 1372 4078 consiliarii
1422 4012 1616 4075 Petri
1666 4014 1753 4074 de
1805 4011 2262 4096 Salamanca,
2312 4036 2491 4096 quos
2538 4037 2669 4098 pro
2718 4040 2846 4083 sua

290 4126 653 4190 clementia
703 4122 1115 4209 dignabitur
1164 4130 1233 4183 et
1279 4120 1594 4201 benigne
1643 4119 1891 4183 audire
1940 4131 2009 4183 et
2043 4122 2378 4203 quicquid
2421 4125 2844 4206 decreveiit,

288 4236 792 4315 quamprimum
844 4232 978 4295 sibi
1028 4228 1253 4291 visum
1285 4227 1520 4307 fuerit,
1569 4226 1736 4290 mihi
1786 4228 2221 4309 significare;
2272 4230 2384 4292 cui
2431 4251 2844 4313 persuasum

290 4363 445 4403 esse
499 4342 743 4421 velim,
816 4340 874 4403 si
924 4349 1028 4402 tot
1080 4332 1450 4418 Principes
1511 4344 1853 4415 vexatOS,
1923 4345 2029 4398 tot
2101 4334 2398 4400 Nobiles
2461 4358 2848 4419 oppressos

292 4450 808 4532 exhaustasque
839 4445 1320 4529 Respublicas
1364 4440 1787 4523 neglexerit,
1837 4443 2026 4504 haud
2075 4443 2294 4505 multo
2328 4454 2494 4525 post
2523 4456 2844 4528 tempore

290 4556 589 4620 visuram
635 4560 913 4639 lapsum
975 4551 1191 4616 totius
1258 4550 1363 4613 rei
1426 4547 1972 4613 Ecclesiasticae
2037 4550 2108 4612 in
2166 4551 2301 4613 hac
2367 4550 2708 4633 Natione,
2775 4566 2848 4616 et

292 4663 675 4743 proximum
762 4662 1095 4747 quodque
1166 4676 1466 4741 regnum
1536 4664 1938 4718 secuturum
2011 4664 2156 4736 est,
2252 4666 2327 4720 ut
2406 4658 2560 4723 fieri
2642 4661 2842 4724 solet.

292 4769 471 4833 Nam
516 4794 648 4836 non
702 4773 881 4835 adeo
930 4778 1093 4833 sunt
1141 4762 1384 4830 infecti
1435 4761 1816 4844 optimates
1883 4782 2040 4825 cum
2089 4763 2584 4847 Principibus;
2649 4778 2724 4830 ut
2787 4769 2846 4831 si

292 4878 431 4941 illis
474 4880 845 4946 accesserit
892 4878 1254 4956 auxilium,
1303 4872 1469 4959 quin
1518 4870 1658 4933 sint
1689 4880 2081 4934 extremum
2116 4873 2434 4936 laborem
2475 4874 2814 4937 tentaturi
2829 4898 2843 4950 ;
