3575 5775
1343 598 1837 659 ο-(Βξὶξὶξὶῷ-ο

1519 882 1671 971 100.

765 1007 1085 1089 Clemens
1141 1008 1300 1089 VH.
1357 1009 1648 1089 Alberto
1705 1006 1901 1090 Gard.
1958 1009 2405 1112 MaguntinO.

870 1146 1062 1217 (010111.
1097 1144 1222 1204 m
1257 1146 1464 1205 Brevia
1498 1147 1640 1205 Ann-
1673 1147 1720 1204 1.
1757 1164 1841 1221 ep.
1878 1148 1994 1207 578.
2030 1147 2121 1207 fol.
2156 1148 2321 1217 1578.)

1341 1255 1446 1326 (20.
1485 1259 1624 1308 Nov.
1672 1261 1841 1323 1524.)

483 1400 600 1463 Ex
647 1400 788 1463 tuis
833 1398 1087 1463 litteris
1157 1420 1240 1463 ac
1304 1421 1629 1464 sermone
1695 1400 1935 1463 dilecti
1997 1400 2124 1464 filii
2186 1402 2468 1465 Alberti
2528 1404 2871 1485 patruelis

314 1508 408 1571 tui
453 1488 906 1591 percepimus
921 1556 940 1588 ,
996 1528 1153 1605 ‚non
1216 1509 1369 1571 sine
1417 1528 1742 1571 maerore
1790 1510 2073 1591 quidem
2120 1529 2205 1572 ac
2256 1510 2531 1591 dolore,
2594 1510 2871 1592 lapsum

315 1624 472 1678 tuae
546 1614 853 1678 civitatis
917 1614 1569 1698 Magdeburgensis
1627 1616 1698 1678 in
1760 1617 2113 1679 haeresim
2177 1618 2659 1690 lutheranam;
2736 1638 2869 1680 nec

313 1722 580 1785 minore
649 1721 754 1785 tui
823 1722 1436 1786 commendatione
1507 1743 1592 1786 ac
1665 1724 2008 1787 solamine
2080 1733 2321 1787 nostro
2388 1723 2869 1788 intelleximus

315 1828 605 1892 consilia
665 1836 738 1892 et
798 1830 957 1911 pios
1017 1840 1309 1911 paratus
1378 1839 1540 1893 tuos
1552 1878 1570 1911 ,
1642 1830 1897 1913 quibus
1966 1850 2097 1912 pro
2170 1830 2271 1893 tui
2341 1830 2557 1894 officii
2623 1832 2866 1895 debito

314 1944 682 2017 utrumque
749 1936 1065 2017 gladium
1130 1946 1202 1999 et
1262 1935 1699 2018 spiritualem
1763 1948 1835 1999 et
1896 1938 2357 2019 temporalem
2422 1936 2731 2001 intendis
2796 1938 2866 2001 in

313 2042 498 2106 cives
549 2042 736 2106 illius
783 2062 1060 2107 acuere.
1155 2044 1337 2107 Nam
1385 2052 1460 2105 ut
1507 2043 1698 2107 illam
1746 2044 2085 2126 inclytam
2134 2044 2495 2108 civitatem
2546 2046 2868 2109 dolemus

313 2170 352 2211 a
389 2152 590 2213 cultu
637 2170 852 2213 verae
899 2149 1068 2213 fidei
1124 2161 1388 2234 tuaque
1437 2151 1847 2215 obedientia
1904 2172 1982 2214 se
2038 2152 2514 2233 subtraxisse,
2576 2150 2677 2215 ita
2736 2173 2867 2216 nos

313 2266 584 2319 recreat
632 2276 790 2319 cum
837 2258 1062 2321 virtus
1109 2271 1255 2321 tum
1302 2258 1690 2322 auctoritas
1737 2269 1860 2321 tua
1918 2268 2340 2341 tuorumque
2396 2268 2468 2323 et
2530 2259 2602 2322 in
2668 2280 2869 2341 spem

311 2362 576 2427 firmam
625 2364 915 2427 adducit
973 2374 1043 2427 te
1091 2368 1389 2428 eandem
1441 2364 1800 2428 civitatem
1850 2385 2061 2447 quam
2108 2368 2453 2429 hactenus
2500 2376 2621 2429 tua
2668 2388 2867 2449 prae·

314 2470 536 2534 sentia
584 2470 1009 2534 incolumem
1059 2482 1132 2535 et
1161 2471 1644 2554 incorruptam
1678 2492 2121 2554 servaveraS‚
2170 2473 2243 2536 in
2284 2484 2555 2537 rectum
2592 2474 2865 2556 Religi-

314 2576 458 2640 onis
507 2578 862 2641 tramitem
911 2588 1203 2643 auctore
1251 2579 1559 2642 Domino
1608 2580 2084 2647 reducturum.
2180 2580 2300 2644 Ad
2363 2583 2554 2663 quod
2620 2602 2749 2645 nos
2800 2591 2871 2645 et

312 2684 672 2749 hortamur
715 2696 1018 2767 paterne
1067 2684 1790 2769 Circumspectionem
1848 2695 2077 2767 tuam,
2137 2696 2208 2750 et
2264 2690 2455 2770 quod
2520 2688 2871 2751 hortanda

315 2795 510 2857 nobis
561 2814 703 2856 non
752 2794 887 2857 suit
932 2794 1145 2857 valde
1194 2793 1265 2857 in
1315 2794 1622 2857 Domino
1688 2796 2281 2861 commendamus
2377 2794 2635 2859 Sumus
2684 2794 2867 2858 enim

314 2900 742 2980 quotidianis
797 2901 950 2965 fere
1016 2901 1271 2964 litteris
1342 2911 1412 2964 et
1482 2903 1903 2966 testimoniis
1973 2901 2213 2966 dilecti
2281 2902 2407 2966 filii
2473 2902 2868 2966 Cardinalis

315 3005 678 3090 Campegii
730 3009 982 3090 Legati
1033 3009 1256 3072 nostri
1305 3009 1394 3071 dc
1451 3019 1614 3072 tuae
1666 3008 2335 3092 Circumspectionis
2392 3009 2465 3072 in
2531 3009 2867 3073 Sanctam

315 3111 516 3177 fidem
581 3125 654 3178 et
721 3115 1141 3197 dignitatern
1211 3115 1414 3178 huius
1489 3113 1697 3178 Sedis
1767 3117 2103 3179 tuendam
2172 3115 2533 3179 indefessa
2598 3117 2867 3198 pietate

314 3219 475 3283 facti
523 3223 888 3286 certiores.
1003 3223 1112 3285 De
1176 3243 1314 3303 quo
1362 3224 1648 3285 multam
1699 3243 1741 3285 a
1787 3223 1993 3285 nobis
2042 3223 2655 3305 circumspectioni
2703 3233 2867 3286 tuae

316 3328 590 3392 laudem
641 3340 712 3393 et
757 3329 1264 3414 gratitudinem
1315 3329 1562 3392 deberi
1609 3328 2075 3410 agnoscimus
2172 3329 2381 3410 Quod
2430 3340 2662 3393 autem
2710 3351 2865 3394 nos-

314 3442 460 3498 trae
530 3436 976 3501 auctoritatis
1041 3437 1407 3519 spirituale
1473 3437 1951 3499 adiumentum
2011 3437 2350 3518 requiris,
2416 3437 2488 3500 id
2566 3437 2867 3502 Circum·

315 3544 662 3624 spectioni
692 3553 857 3608 tuae
890 3553 1296 3626 promptum
1329 3565 1412 3606 ac
1446 3553 1774 3625 paratum
1822 3565 2103 3626 semper
2152 3545 2287 3607 erit
2332 3548 2424 3607 ab
2458 3548 2709 3608 eodem
2746 3545 2871 3609 Le-

314 3658 477 3729 gato
539 3661 824 3731 nostre,
895 3651 1008 3713 cui
1076 3659 1644 3732 quantacumque
1695 3649 1762 3712 in
1814 3649 1923 3712 his
1970 3653 2184 3713 rebus
2230 3650 2635 3714 necessaria
2684 3662 2874 3716 esset

313 3754 614 3822 facultas
661 3779 702 3820 a
749 3757 959 3821 nobis
1005 3759 1273 3821 tributa
1317 3767 1446 3838 est,
1497 3777 1704 3839 quam
1753 3766 1989 3820 tamen
2038 3760 2130 3820 ad
2177 3759 2364 3821 illius
2413 3769 2483 3821 et
2533 3771 2720 3821 tuam
2771 3781 2870 3822 re-

321 3864 760 3943 quisitionem
811 3865 870 3928 si
931 3885 1111 3948 opus
1172 3866 1295 3946 sit,
1357 3866 1490 3927 hac
1551 3864 1972 3946 praesertim
2035 3864 2107 3927 in
2174 3885 2251 3928 re
2311 3885 2578 3946 augere
2638 3866 2872 3948 parati

319 3989 582 4046 sumus;
630 3994 766 4036 nec
814 3973 918 4036 rei
964 3973 1102 4054 ipsi
1150 3973 1242 4035 de
1290 3971 1630 4054 pastorali
1681 3969 1918 4035 officio
1952 3991 2085 4035 nec
2118 3981 2240 4034 tuo
2270 3972 2521 4037 honori
2572 3983 2643 4036 et
2690 3993 2869 4035 com-

319 4080 518 4142 modo
570 4080 660 4143 de
705 4077 1267 4162 promptitudine
1317 4087 1663 4160 paternae
1722 4079 2269 4143 benevolentiae
2327 4080 2395 4142 in
2457 4089 2529 4142 te
2586 4091 2870 4142 nostrae

319 4205 617 4268 unquam
665 4187 1046 4250 deerimus.
1142 4185 1800 4267 Quaemadmodum
1832 4185 2011 4248 haec
2045 4186 2137 4247 ad
2167 4186 2871 4267 circumspectionem

317 4301 500 4356 tuam
549 4294 831 4376 plenius
879 4293 1193 4357 scribere
1239 4291 1566 4356 iussimus
1613 4291 1807 4355 illinc
1857 4291 2226 4374 Legatum,
2272 4292 2434 4355 hinc
2474 4292 2871 4372 Johannem

321 4401 685 4465 Albertum
736 4401 1164 4482 praedict†S,
1216 4420 1508 4482 quorum
1561 4419 1777 4480 super
1826 4401 1961 4462 hoc
2009 4399 2263 4462 litteris
2303 4398 2515 4462 fidem
2549 4400 2872 4464 habebis.

317 4505 472 4572 Dat.
520 4509 809 4572 Romae
859 4508 975 4572 die
1023 4507 1184 4570 XX
1229 4507 1656 4570 Novembris
1713 4526 1902 4586 1524.
1996 4507 2208 4568 Anno
2258 4519 2355 4588 p0.

1531 4777 1587 4784 ..av-
1593 4773 1742 4786 Vm
1747 4773 1799 4785 W
