3575 5775
1324 545 1440 622 «Β
1521 549 1626 622 173
1703 565 1819 620 εκ

469 713 854 794 Comparse
903 713 946 775 l’
977 713 1438 776 heresiarcha
1485 713 1577 776 ad
1609 734 1953 776 concorso
2004 714 2091 776 de
2140 724 2324 776 tutto
2376 715 2419 775 'l
2466 715 2729 776 mundo
2781 725 2851 777 et

317 841 526 884 coram
583 821 845 884 Cesare
911 820 1366 902 Principibus
1431 829 1502 884 et
1570 821 1843 883 cunctis
1906 821 2207 884 statibus
2268 822 2340 884 fu
2404 822 2851 904 interrogato

315 929 570 991 nomine
595 927 926 991 Caesaris
975 935 1045 990 et
1077 928 1364 1010 Imperii
1413 949 1615 990 come
1647 927 1766 1009 qui
1800 929 2103 1008 desotto,
2155 937 2224 990 et
2273 929 2341 989 la
2375 930 2615 990 buona
2662 939 2853 991 sorte

313 1038 492 1098 volse
537 1037 668 1098 che
715 1034 792 1097 fu
829 1055 1222 1098 commessa
1263 1035 1374 1097 far
1404 1035 1971 1116 interrogatione
2005 1035 2070 1096 al
2104 1033 2368 1096 official
2418 1035 2487 1096 di
2520 1035 2854 1115 Trevere‚

311 1145 502 1204 homo
564 1141 1080 1220 literatissim0‚
1164 1143 1566 1205 orthodoxo
1643 1153 1713 1204 et
1771 1143 1903 1204 che
1968 1141 2127 1204 fece
2188 1143 2429 1204 buono
2497 1141 2723 1204 offitio
2786 1141 2856 1205 in

315 1249 632 1330 exequire
680 1249 729 1311 li
776 1249 1092 1312 mandati
1142 1249 1520 1330 apostolici
1571 1259 1640 1311 et
1689 1247 1965 1312 cesarei
2014 1258 2084 1310 et
2133 1247 2547 1311 abbrusciar
2595 1249 2643 1310 li
2693 1248 2855 1310 libri

313 1355 374 1417 in
417 1356 704 1418 Treveri
753 1357 884 1418 che
936 1377 1078 1418 non
1126 1356 1190 1419 ci
1235 1357 1425 1419 lasso
1475 1377 1610 1438 pur
1639 1377 1802 1420 uno.
1897 1355 1981 1418 El
2027 1357 2189 1436 qual
2226 1355 2546 1437 alloggia
2594 1356 2663 1416 in
2716 1375 2855 1417 uno

311 1463 677 1526 medesimo
744 1463 1309 1544 alloggiamento
1369 1484 1572 1527 meco
1636 1463 1706 1525 in
1765 1483 1908 1525 una
1972 1483 2253 1525 camera
2318 1463 2653 1543 contigua
2716 1463 2857 1525 alla

312 1571 454 1649 mia,
501 1580 569 1632 et
615 1569 865 1633 invero
915 1570 951 1633 ὲ
1001 1571 1366 1651 singulare
1415 1572 1699 1634 huomo.
1796 1570 2054 1633 Donde
2106 1570 2243 1631 Dio
2293 1569 2377 1632 sii
2425 1571 2736 1632 laudato,

473 1677 600 1740 Lui
659 1677 707 1738 li
771 1675 961 1739 disse
1021 1678 1089 1739 in
1145 1687 1396 1758 questo
1447 1699 1694 1741 senso:
1769 1675 2076 1740 Martine
2141 1677 2438 1758 Luther,
2508 1677 2726 1740 Cesar
2788 1686 2860 1739 et

313 1785 350 1845 l'
385 1785 681 1866 Imperio
731 1793 801 1846 te
851 1786 1087 1846 hanno
1138 1783 1257 1866 qui
1306 1785 1658 1848 chiamato
1726 1785 1922 1846 accio
1974 1787 2102 1848 che
2154 1784 2343 1846 dichi
2409 1794 2479 1846 et
2543 1784 2859 1846 dechiari

311 1891 518 1970 primo
567 1912 642 1952 se
691 1900 766 1952 tu
816 1889 934 1953 hai
986 1900 1356 1972 compos-to
1419 1892 1650 1972 questi
1701 1891 1864 1954 libri
1916 1891 2036 1972 qui
2085 1891 2437 1974 (miseram
2486 1891 2670 1953 enim
2721 1910 2858 1971 ego

316 1995 464 2057 illuc
501 1995 698 2076 jussu
747 1997 1076 2060 Caesaris
1126 1997 1356 2059 XXV
1407 2013 1478 2060 et
1539 1998 1845 2081 amplius
1905 1997 2199 2061 Lutheri
2260 1998 2507 2078 libros)
2570 2006 2641 2060 et
2698 1999 2857 2061 altri

315 2103 356 2164 li
401 2103 580 2184 quali
627 2123 805 2166 sono
855 2104 1176 2187 inscripti
1240 2106 1355 2167 del
1423 2114 1546 2168 tuo
1611 2126 1851 2178 nome;
1923 2105 2183 2167 deinde
2241 2106 2372 2167 che
2422 2113 2495 2167 tu
2547 2104 2733 2166 dichi
2784 2126 2860 2166 se

314 2219 380 2270 tu
421 2209 465 2271 li
504 2211 620 2273 voi
670 2210 1016 2274 defender
1065 2223 1138 2274 et
1167 2221 1554 2285 sustentar;
1609 2221 1678 2276 et
1726 2213 1933 2275 furno
1982 2211 2137 2275 letti
2184 2212 2233 2274 li
2268 2213 2451 2274 tituli
2483 2211 2649 2275 delli
2699 2212 2861 2274 libri

313 2317 392 2377 ad
436 2337 570 2380 uno
619 2318 711 2380 ad
760 2338 924 2380 uno,

475 2425 540 2486 A
601 2433 854 2506 questo
921 2445 1214 2508 respose
1264 2427 1529 2489 Luther
1589 2426 1817 2510 primo
1885 2429 2016 2489 che
2068 2427 2163 2489 lui
2228 2425 2652 2489 confessava
2699 2425 2856 2488 tutti

317 2530 515 2609 quelli
579 2529 739 2593 libri
792 2543 988 2594 esser
1035 2533 1188 2595 suoi
1251 2533 1350 2618 (et
1410 2534 1776 2614 mentitur,
1843 2534 2106 2615 perche
2171 2533 2227 2596 si
2297 2555 2377 2596 sa
2425 2536 2566 2596 ben
2628 2533 2859 2595 alcuni

315 2655 492 2698 esser
538 2637 600 2699 d'
638 2638 822 2717 altri,
857 2639 1182 2720 quamvis
1214 2641 1496 2703 nomine
1531 2641 1821 2704 Martini
1874 2641 2136 2703 circum
2183 2638 2533 2725 ferantur)
2583 2649 2652 2701 et
2701 2639 2860 2701 dice

314 2763 572 2824 sempre
620 2745 669 2807 li
717 2745 1111 2808 mantenira
1160 2767 1289 2828 per
1338 2748 1514 2811 suoi.
1597 2749 1690 2810 Al
1738 2750 2053 2811 secundo
2104 2747 2293 2810 disse
2326 2750 2456 2810 che
2487 2767 2619 2828 per
2666 2766 2861 2808 esser

314 2869 468 2912 cosa
512 2851 583 2913 di
630 2851 753 2933 piu
788 2855 1008 2917 ardue
1059 2855 1176 2917 del
1223 2855 1484 2918 mundo
1537 2876 1735 2919 corne
1786 2863 2259 2919 concerneute
2308 2856 2449 2917 alla
2497 2853 2699 2933 fede,
2764 2852 2857 2916 lui

314 2958 742 3022 demandava
790 2960 1130 3025 dilatione
1181 2984 1222 3025 a
1272 2962 1648 3025 deliberat.
1747 2962 1813 3024 A
1862 2973 2113 3043 questo
2148 2982 2225 3025 se
2272 2962 2491 3025 retiro
2528 2960 2744 3023 Cesar
2794 2961 2857 3021 el

311 3084 432 3125 suo
476 3067 818 3149 consiglio
867 3078 1145 3131 secreto
1197 3072 1288 3131 ad
1336 3079 1541 3151 parte
1607 3080 1676 3131 et
1725 3070 1772 3130 li
1824 3068 2104 3133 elettori
2153 3090 2194 3131 a
2242 3078 2469 3149 parte.
2564 3066 2646 3127 Li
2694 3065 2857 3128 altri

309 3168 612 3253 Principi
661 3174 982 3238 similiter
1033 3184 1104 3239 et
1155 3178 1298 3239 cosi
1351 3176 1396 3238 li
1448 3176 1917 3239 ambassatori
1967 3177 2153 3237 delle
2204 3174 2731 3261 Repubbliche.

478 3279 635 3359 Poi,
695 3283 1188 3363 consultando,
1249 3283 1489 3363 quello
1534 3281 1921 3346 medesimo
1969 3282 2236 3345 ufficial
2283 3281 2699 3362 sopradetto
2741 3301 2857 3342 no-

309 3382 486 3447 mine
516 3384 838 3450 Caesaris
873 3397 944 3450 et
974 3388 1262 3469 Imperii
1299 3388 1490 3452 disse
1526 3391 1656 3451 che
1689 3410 1766 3451 se
1800 3388 2355 3452 meraviliavano
2388 3390 2520 3450 che
2554 3388 2858 3449 essendo

308 3500 486 3553 stato
534 3492 746 3555 citato
796 3496 912 3557 dal
965 3495 1270 3578 Imperio
1322 3504 1392 3557 et
1441 3496 1692 3558 dettoli
1740 3497 1812 3557 la
1846 3515 2059 3557 causa
2090 3496 2352 3576 perche
2388 3494 2484 3558 lui
2521 3493 2857 3556 citaretur

308 3617 440 3659 non
489 3598 676 3663 fusse
725 3613 987 3664 venuto
1037 3623 1168 3664 con
1220 3603 1289 3664 la
1337 3602 1645 3685 risposta
1693 3611 1965 3683 parata,
2016 3612 2087 3663 et
2136 3603 2267 3664 che
2316 3600 2385 3662 in
2428 3621 2645 3662 causa
2689 3598 2855 3660 fidei

309 3722 438 3767 non
490 3706 544 3768 si
577 3710 739 3770 vuol
790 3709 921 3771 dar
969 3709 1311 3772 dilatione
1346 3709 1611 3790 perche
1661 3708 1720 3771 si
1768 3708 1845 3770 fa
1893 3730 2025 3770 con
2058 3708 2377 3789 pericolo
2412 3715 2485 3769 et
2516 3706 2855 3769 scandalo

307 3810 467 3873 delli
516 3812 704 3876 fideli
768 3816 928 3897 (che
977 3815 1116 3877 Dio
1165 3818 1449 3879 volesse
1510 3819 1897 3879 havessero
1962 3815 2111 3877 cosi
2159 3815 2341 3877 fatto
2391 3834 2591 3876 come
2640 3833 2761 3875 era
2809 3812 2855 3874 il

307 3918 520 3982 dever
563 3922 682 4002 gia
729 3922 986 4003 cinque
1035 3923 1256 4005 mesi).
1353 3924 1766 3986 Tuttavolta
1815 3943 1945 4003 per
1980 3921 2356 3985 clementia
2403 3920 2475 3982 di
2523 3920 2739 3983 Cesar
2790 3929 2858 3981 et

307 4026 389 4087 de
437 4027 669 4108 gratia
716 4030 1046 4093 absoluta
1093 4052 1168 4093 se
1217 4030 1266 4093 li
1317 4034 1502 4093 dava
1549 4030 1848 4093 termine
1896 4030 2055 4092 sino
2103 4052 2145 4093 a
2179 4030 2435 4091 dornan
2486 4049 2529 4089 a
2576 4036 2857 4107 quattro

307 4132 470 4196 hore
533 4136 648 4217 poi
705 4136 996 4219 meggio
1048 4136 1136 4201 di.
1243 4138 1333 4201 Et
1381 4139 1630 4201 alhora
1676 4136 1724 4199 li
1773 4136 1965 4199 disse
2016 4137 2213 4198 detto
2262 4133 2527 4197 ufficial
2575 4134 2859 4196 nomine

307 4236 623 4305 Caesaris
680 4244 810 4306 che
880 4244 1179 4306 devesse
1246 4246 1386 4307 ben
1454 4243 1892 4325 reguardare
1959 4245 2091 4306 che
2157 4242 2253 4304 lui
2319 4243 2549 4304 havea
2612 4240 2859 4302 scritto

309 4357 548 4411 contra
593 4351 655 4412 el
705 4348 1129 4413 Santissimo
1181 4362 1250 4413 et
1299 4353 1368 4413 la
1415 4350 1606 4413 Sede
1656 4350 2119 4433 Apostolica‚
2186 4351 2317 4411 che
2367 4348 2408 4412 l'
2456 4350 2677 4411 haver
2727 4348 2859 4409 dis-

308 4454 644 4517 seminato
693 4458 910 4519 molte
983 4456 1346 4521 heretiche
1411 4457 1851 4521 conclusioni
1920 4455 2048 4542 (ita
2107 4464 2357 4537 aperte
2420 4453 2863 4536 specificavit

309 4560 487 4639 quod
535 4560 667 4625 fuit
711 4566 1002 4645 bonum)
1049 4585 1181 4645 per
1227 4566 1295 4627 le
1345 4566 1536 4647 quali
1581 4574 1782 4627 tanto
1834 4564 2172 4626 scandalo
2216 4584 2340 4626 era
2387 4572 2555 4625 nato
2604 4564 2736 4625 che
2786 4582 2862 4624 se

313 4684 440 4728 non
489 4688 569 4731 se
617 4672 984 4751 provedea
1033 4670 1266 4733 statim
1318 4692 1406 4735 ne
1456 4672 1887 4754 seguirebbe
1936 4680 2134 4733 tanto
2184 4668 2514 4734 incendio
2564 4670 2693 4731 che
2743 4668 2863 4752 poi

311 4772 386 4835 ne
420 4772 464 4840 ’1
509 4796 810 4841 revocat
839 4778 911 4841 di
959 4800 1120 4842 esso
1171 4779 1439 4841 Luther
1487 4778 1573 4841 ne
1623 4780 1690 4841 le
1738 4778 1931 4841 forze
1980 4778 2050 4839 di
2100 4778 2367 4841 Caesar
2412 4778 2453 4839 l'
2492 4774 2859 4857 extingue·

311 4883 659 4954 rebbeno:
711 4886 944 4950 sicche
974 4890 1044 4951 lo
1081 4886 1479 4949 exhortava
1512 4886 1604 4949 ad
1639 4885 2231 4967 resipiscendum;
2281 4884 2401 4966 poi
2436 4883 2511 4945 fu
2546 4903 2861 4947 remesso
