3575 5775
1697 521 1814 576 0-{3
1889 525 1996 579 458
2075 523 2190 578 {It-”0

663 659 1104 742 Moguntiarn
1169 676 1554 747 compotes.
1665 670 1774 731 De
1843 670 2260 748 Wormatia,
2325 690 2509 752 quae
2564 670 2926 752 antiquum
2985 671 3232 733 odium

664 768 735 828 in
786 769 1065 832 Clerum
1114 772 1433 853 retinuit,
1484 777 1654 839 nihil
1704 777 1959 840 attinet
2005 780 2211 860 plura
2259 778 2590 859 scribere,
2642 798 2796 841 cum
2849 778 3058 840 rebus
3107 779 3230 840 ad-

669 874 805 936 huc
884 879 1487 958 tranquillioribus
1566 871 2145 948 lutherissaverit.
2279 886 2688 967 Pervagata
2774 894 2879 948 est
2967 884 3234 948 deinde

668 981 847 1044 haec
897 985 1118 1065 pestis
1167 986 1236 1049 in
1287 988 1645 1071 Hassiam,
1715 993 1835 1054 ubi
1899 992 2262 1055 Coenobio
2311 993 2651 1055 Fuldensi
2713 992 3019 1054 maxime
3064 990 3230 1054 insi-

667 1089 789 1168 gni
838 1104 1210 1173 occupatO,
1261 1099 1474 1159 rebus
1525 1098 1840 1163 eiusdem
1890 1099 2254 1163 Ecclesiae
2311 1099 2628 1162 funditus
2678 1099 2947 1162 eversis
2964 1147 2980 1178 ,
3043 1119 3233 1183 quae

666 1195 953 1276 Imperii
1024 1201 1427 1284 Principem
1498 1225 1681 1268 nunc
1754 1227 1977 1288 usque
2048 1211 2516 1280 sustentabat;
2595 1228 2724 1270 nec
2804 1227 2934 1288 per
3002 1206 3234 1289 ipsam

668 1301 997 1368 Hassiam
1046 1310 1391 1387 parcitum
1451 1320 1561 1374 est
1608 1313 1864 1374 ceteris
1911 1313 2268 1396 religiosis
2315 1314 2512 1393 lociS‚
2563 1317 2744 1376 adeo
2777 1315 2968 1396 quod
2998 1313 3234 1375 Land-

665 1409 955 1491 gravius
997 1413 1341 1497 Princeps
1390 1429 1460 1480 et
1509 1418 1802 1482 Nobiles
1851 1421 1956 1483 sui
2005 1421 2299 1484 urbibus
2349 1420 2772 1504 oppidisque
2822 1420 3058 1500 exuti,
3110 1420 3234 1482 da·

668 1527 913 1581 rentur
960 1523 1171 1584 modo
1222 1525 1665 1588 conditiones
1713 1537 2069 1610 utcunque
2127 1529 2388 1611 inique,
2446 1532 2629 1592 ultro
2699 1531 2838 1592 iam
2904 1530 3060 1592 illas
3123 1549 3236 1590 ac·

670 1635 1065 1706 ceptarent.
1156 1631 1332 1695 Inde
1381 1633 1707 1713 proxima
1755 1635 2094 1717 Turinga,
2138 1638 2247 1699 cui
2284 1635 2638 1718 Georgius
2672 1639 2836 1699 Dux
2868 1634 3236 1700 Saxoniae

670 1730 829 1814 pius
876 1733 996 1797 ille
1044 1736 1388 1820 Princeps
1435 1740 1777 1804 innocens
1825 1743 2207 1824 praesidet,
2255 1744 2391 1805 hoc
2440 1763 2723 1824 quoque
2773 1744 3028 1806 malum
3076 1763 3232 1805 sen·

673 1839 782 1919 sit,
833 1861 975 1904 non
1024 1843 1313 1908 dubium
1362 1848 1526 1928 quin
1580 1859 1649 1911 et
1696 1849 1766 1911 in
1831 1851 2169 1914 ulteriora
2218 1849 2580 1913 Saxoniae
2638 1852 2798 1912 loca
2860 1850 2951 1912 sit
3009 1849 3236 1932 irrup-

671 1956 941 2031 turum,
990 1953 1363 2032 presertim
1414 1953 1551 2017 iam
1600 1956 2005 2019 Franconia
2055 1978 2336 2039 quoque
2387 1958 2486 2022 sic
2553 1958 2806 2021 misere
2871 1957 3234 2020 divexata.

674 2053 875 2136 Quae
922 2057 1467 2142 Herbipolensis
1516 2067 1842 2145 populuS,
1895 2085 2078 2146 quae
2113 2065 2558 2148 Eystetensis
2606 2064 3000 2146 Ecclesiae,
3050 2085 3238 2146 quae

672 2161 841 2227 item
888 2165 1445 2250 Bambergensis
1510 2171 1869 2234 Anstititis
1934 2173 2199 2235 subditi
2265 2173 2334 2235 in
2401 2193 2566 2237 suos
2621 2173 3020 2254 Episcopos
3082 2171 3236 2234 Cle·

674 2291 969 2353 rumque
1036 2277 1422 2341 eorundem
1486 2288 1899 2360 patrarunt,
1967 2300 2150 2361 quae
2215 2280 2536 2343 Mai-chio
2609 2278 3014 2362 Casymirus
3077 2299 3240 2341 cum

677 2377 1039 2460 fratribus,
1090 2391 1160 2444 et
1205 2383 1535 2449 universa
1587 2387 2029 2451 Franconiae
2091 2387 2444 2450 Nobilitas
2501 2407 2850 2470 perpessa
2911 2396 3018 2450 est
3089 2388 3238 2449 lon·

670 2485 1033 2567 gissimum
1084 2499 1154 2552 et
1199 2492 1404 2554 simul
1473 2493 1739 2557 fastidii
1788 2497 2001 2578 plena
2050 2516 2163 2558 res
2212 2504 2433 2574 esset,
2498 2515 2894 2557 recensere.
2979 2493 3238 2580 Herbi·

676 2592 893 2673 polim
956 2593 1203 2659 insana
1266 2598 1374 2661 vis
1450 2601 1760 2683 obsedit,
1831 2613 1901 2666 et
1970 2623 2101 2685 per
2170 2603 2532 2666 cuniculos
2608 2601 2932 2664 demoliri
3001 2621 3240 2664 arcem

676 2700 1207 2767 munitissimam
1281 2725 1627 2788 aggressa
1704 2719 1832 2772 est.
1968 2709 2516 2791 Argentinensis
2605 2709 3042 2790 EpiscopuS‚
3118 2706 3240 2789 qui

677 2806 1133 2874 Gubernator
1180 2823 1333 2875 erat
1380 2813 1850 2898 Moguntinae
1899 2818 2336 2900 provinciae,
2386 2817 2826 2899 interceptus
2874 2835 3032 2878 esse
3067 2835 3237 2878 nun·

686 2918 921 2999 fiatur,
972 2930 1043 2984 et
1092 2922 1240 2985 eius
1288 2926 1677 2988 residentia
1727 2926 2073 2988 Zabernia
2122 2926 2462 3007 oppidum
2510 2925 2697 2987 haud
2751 2924 3113 2987 incelebre
3168 2923 3240 2986 in

680 3046 959 3090 manum
1012 3050 1291 3112 quoque
1340 3034 1909 3097 tumultuantium
1958 3033 2375 3096 rusticorum
2426 3030 2742 3095 cessisse.
2837 3016 3240 3113 Augusteu-

679 3135 775 3199 sis
823 3146 1111 3219 praeter
1157 3159 1371 3202 unum
1420 3141 1651 3205 locum
1701 3152 1772 3205 et
1821 3144 2120 3203 alterum
2192 3141 2535 3222 spoliatus
2594 3149 2702 3203 est
2760 3138 3028 3201 ditione
3091 3158 3239 3200 sua.

677 3242 928 3323 Neque
978 3243 1453 3328 Frisingensis
1502 3248 1824 3311 Ecclesia
1873 3248 2100 3311 evasit
2147 3250 2328 3310 hanc
2361 3248 2775 3330 procellam.
2871 3244 3236 3325 Campido·

680 3350 919 3413 nensis
951 3352 1202 3416 Abbas
1234 3354 1419 3417 inter
1446 3356 1733 3437 Imperii
1781 3356 2151 3438 Principes
2192 3364 2736 3418 connumeratus
2785 3364 3081 3416 exactus
3114 3362 3244 3433 est,

678 3478 934 3540 resque
983 3459 1135 3523 eius
1182 3461 1598 3527 Monasterii
1647 3466 1838 3546 quod
1887 3465 2191 3526 dirutum
2243 3472 2350 3525 est
2394 3462 2747 3541 fundituS,
2810 3481 2895 3529 eo
2929 3459 3242 3539 devenit,

682 3578 755 3631 ut
804 3588 943 3630 non
992 3569 1291 3649 amplius
1339 3572 1567 3651 possit
1614 3572 1940 3653 privatae
1989 3571 2198 3633 sortis
2247 3570 2599 3631 hominem
2650 3570 2879 3649 alere,
2930 3568 3122 3649 quod
3172 3580 3245 3629 et

680 3675 1045 3757 plerisque
1115 3676 1270 3739 aliis
1326 3676 1779 3742 Monasteriis
1831 3678 2380 3758 eorumdemque
2431 3675 2910 3738 munitissimis
2958 3674 3245 3736 arcibus

683 3784 962 3863 evenit,
1030 3804 1168 3847 non
1232 3787 1442 3848 modo
1508 3806 1640 3867 per
1695 3785 2018 3849 dioceses
2076 3784 2558 3867 predictorum
2629 3780 3041 3862 antistitum,
3114 3780 3242 3842 sed

684 3892 895 3955 etiam
942 3914 1073 3975 per
1120 3893 1689 3977 Lotharingiam,
1758 3892 1879 3954 ubi
1949 3891 2208 3954 finibus
2258 3890 2684 3955 Germaniae
2735 3898 2844 3951 est
2890 3885 3240 3969 exposita.

682 4000 1121 4065 Alsaciensis
1181 4002 1527 4083 populu5‚
1592 4001 1709 4083 qui
1772 4001 2186 4063 abundabat
2237 3998 2566 4075 omnium,
2616 3996 2921 4059 maxime
2971 4014 3242 4057 monas-

684 4108 879 4171 teriis
930 4119 1001 4171 et
1046 4108 1223 4171 locis
1270 4107 1625 4190 religiosis
1673 4128 1968 4189 quorum
2017 4106 2239 4169 maior
2286 4104 2520 4188 portio
2570 4106 2660 4165 ad
2710 4124 2820 4165 me
2870 4104 3244 4183 spectabat

682 4216 835 4279 iure
869 4217 1309 4297 advocatiae,
1359 4216 1564 4279 simili
1593 4215 1836 4278 furore
1885 4216 2132 4277 eadem
2193 4212 2563 4292 destruxit,
2613 4211 3005 4288 nobilitate,
3060 4229 3243 4291 quae

690 4334 844 4386 erat
888 4345 1146 4407 magna
1196 4337 1269 4387 et
1333 4335 1620 4386 strenua
1679 4325 1769 4384 ad
1821 4343 2015 4385 suam
2077 4330 2506 4403 potestatem
2573 4322 2896 4397 subacta,
2963 4317 3246 4380 arcibus

688 4434 1077 4495 eorundem
1126 4433 1501 4512 demolitiS,
1551 4439 1622 4494 et
1670 4429 1874 4493 bonis
1925 4428 2201 4491 ablatis,
2277 4428 2616 4511 Magnam
2649 4446 2931 4507 quoque
2971 4436 3246 4507 partem

690 4539 1049 4619 nobilium,
1100 4549 1175 4603 ut
1222 4539 1673 4602 coniurarent
1721 4557 1878 4599 cum
1927 4537 2028 4598 eis
2078 4545 2469 4617 coegerunt
2517 4533 2816 4597 saevitia
2849 4554 2995 4597 sua.
3091 4530 3246 4594 Hos

688 4646 910 4710 secuti
961 4658 1125 4709 sunt
1172 4643 1640 4729 Sundgaudii,
1691 4644 1811 4726 qui
1860 4642 2216 4706 Basileam
2265 4642 2706 4723 protingunt,
2758 4648 2831 4703 et
2864 4636 3246 4721 Brisgavii‚

692 4763 763 4818 et
812 4754 931 4836 qui
978 4754 1226 4837 nigrae
1275 4755 1498 4817 silvae
1546 4753 1826 4815 incolae
1875 4759 2037 4814 sunt
2095 4750 2231 4812 illis
2282 4747 2532 4828 vicini,
2601 4768 2846 4811 omnes
2895 4744 3032 4809 mei
3079 4766 3243 4827 gen-

690 4860 889 4927 tilicii
936 4860 1125 4924 iuris,
1217 4860 1365 4923 Nec
1417 4860 2010 4942 praetereundum
2060 4878 2218 4919 esse
2267 4876 2560 4932 censeo,
2625 4853 3055 4937 Episcopum
3103 4849 3248 4914 Tri·
