3575 5775
1352 567 1848 628 “amic-0

324 712 569 775 merita
617 721 862 776 nostra
910 712 1131 794 digna
1188 724 1389 779 erant
1454 725 1531 778 ut
1596 717 1820 780 nostri
1889 726 2128 780 mutuo
2191 718 2486 781 honoris
2547 726 2619 781 et
2677 717 2886 781 huius

328 816 630 882 Sanctae
694 817 904 883 Sedis
984 821 1351 902 dignitatis
1417 824 1607 905 apud
1672 823 1976 887 animum
2042 823 2228 886 illius
2290 845 2460 887 cura
2533 824 2886 906 vigilaret,

326 945 557 1008 neque
608 947 765 989 eum
813 927 1173 991 hominem
1220 928 1293 991 in
1341 938 1531 992 statu
1581 937 1652 992 et
1699 929 1874 992 locis
1922 929 2058 992 tuis
2108 951 2264 994 cum
2310 933 2580 994 honore
2647 939 2718 994 et
2764 951 2884 1013 po-

325 1043 578 1096 testate
604 1034 1057 1116 relinqueret,
1088 1034 1207 1116 qui
1232 1031 1496 1098 Sedem
1526 1034 2019 1117 Apostolicam
2046 1046 2118 1098 et
2149 1057 2408 1100 nomen
2441 1037 2888 1102 Pontificium

326 1140 465 1203 suis
513 1139 747 1223 impiis
798 1152 867 1203 et
916 1142 1287 1222 probrosis
1335 1142 1790 1224 dogmatibus
1841 1153 2028 1206 esset
2077 1145 2533 1209 laceraturus,
2652 1144 2888 1226 Quan-

322 1267 532 1329 quam
582 1269 828 1331 parum
891 1247 1003 1309 his
1068 1248 1423 1312 morsibus
1486 1260 1595 1311 est
1656 1249 1972 1312 obnoxia
2033 1251 2317 1315 veritaS.
2427 1251 2653 1334 Igitur
2709 1254 2889 1315 haec

323 1355 531 1418 nobis
577 1355 756 1418 mira
804 1368 877 1418 et
923 1355 1384 1437 inexpectata
1434 1356 1870 1433 acciderunt,
1920 1357 1978 1418 si
2015 1359 2224 1420 modo
2258 1359 2466 1421 scivit
2493 1359 2646 1441 ipse
2679 1380 2888 1441 quem

327 1460 763 1544 relinqueret
812 1471 884 1524 et
930 1461 989 1524 si
1038 1461 1225 1525 illius
1295 1461 1555 1544 impiae
1624 1463 2012 1526 voluntatis
2075 1463 2398 1528 conscius
2462 1465 2632 1546 fuit,
2699 1467 2889 1548 quod

329 1569 393 1632 in
442 1569 573 1633 tali
620 1569 959 1650 Principe
1007 1589 1455 1652 nequaquam
1506 1579 1615 1632 est
1663 1572 2135 1652 credendum,
2184 1573 2381 1634 cuius
2431 1592 2559 1634 nos
2609 1571 2891 1654 quidem

330 1687 399 1739 et
442 1677 735 1740 honoris
784 1687 857 1740 et
902 1676 1291 1740 voluntatis
1341 1697 1497 1740 eam
1546 1679 1816 1740 habere
1882 1664 2230 1742 rationem
2297 1681 2620 1742 volumus
2681 1700 2891 1760 quam

334 1783 633 1865 ipsemet
680 1793 901 1866 optat.
998 1781 1144 1846 Sed
1194 1785 1251 1846 si
1302 1783 1451 1847 sine
1500 1783 1687 1848 illius
1736 1784 2130 1848 offensione
2176 1783 2330 1848 fieri
2377 1793 2616 1867 potest
2658 1795 2729 1848 et
2775 1795 2894 1847 tua

335 1890 888 1973 Circumspectio
938 1902 1417 1973 opportunum
1486 1891 1932 1970 iudicaverit,
1997 1895 2410 1956 mandamus
2468 1892 2697 1954 eidem
2754 1891 2897 1954 Cir-

336 1993 842 2080 cumspectioni
890 2007 1056 2061 tuae
1104 2008 1182 2061 ut
1227 2008 1695 2080 posteaquam
1757 1999 1887 2061 tibi
1954 1999 2352 2062 constiterit
2414 1999 2897 2080 supradictum

338 2105 647 2186 diploma
692 2109 785 2168 ab
836 2125 923 2168 eo
970 2105 1330 2188 Episcopo
1381 2127 1537 2168 esse
1606 2113 1677 2168 et
1736 2107 1891 2188 ipse
1957 2125 2136 2188 opus
2193 2124 2392 2167 suum
2457 2115 2530 2168 et
2576 2107 2896 2168 lucubra-

337 2213 595 2276 tionem
644 2213 1046 2295 agnoverit,
1096 2221 1219 2276 aut
1267 2215 1359 2274 ab
1411 2234 1497 2276 eo
1548 2213 1807 2274 editam
1857 2213 2071 2275 fuerit
2100 2213 2500 2293 probatum,
2551 2232 2708 2274 cum
2755 2221 2898 2275 tam

338 2320 582 2403 vigore
631 2329 909 2383 tuarum
956 2318 1337 2401 legationis
1381 2319 1798 2382 facultatum
1850 2341 2059 2402 quam
2125 2318 2546 2382 auctoritate
2614 2339 2897 2401 quoque

338 2435 597 2507 nostra,
662 2448 875 2509 quam
936 2426 1009 2490 in
1066 2427 1171 2490 Te
1234 2429 1522 2508 plenam
1590 2428 1679 2490 ad
1748 2428 1936 2490 hunc
2001 2427 2330 2490 effectum
2387 2427 2901 2509 transferimuS,

341 2535 620 2598 citatum
684 2535 935 2598 iubeas
1004 2544 1171 2598 ante
1241 2543 1313 2596 te
1383 2535 1861 2615 personaliter
1930 2553 2344 2615 comparere
2412 2554 2496 2596 ac
2565 2543 2902 2615 tanquam

339 2641 748 2706 seditiosum
813 2663 896 2704 ac
962 2661 1187 2723 prave
1250 2641 1341 2703 de
1396 2640 1538 2703 fide
1612 2650 1683 2703 et
1740 2637 1931 2704 Sede
1995 2640 2419 2724 Apostolica
2484 2639 2904 2703 sentientem

340 2770 545 2831 quum
596 2750 807 2814 etiam
866 2748 1127 2812 crimen
1178 2747 1469 2829 periurii
1514 2748 1896 2810 incurrisse
1957 2749 2354 2811 censendus
2413 2757 2551 2828 est,
2616 2768 2901 2810 causam

241 2882 247 2889 ·
341 2859 577 2922 dicere
628 2865 885 2939 cogaS,
945 2855 1489 2937 convictumque
1553 2853 1763 2918 animi
1826 2856 1917 2918 ad
1975 2857 2386 2919 scandalum
2437 2863 2508 2917 et
2553 2855 2902 2917 haeresim

340 2986 419 3029 ac
476 2964 977 3049 gravissimum
1042 2962 1311 3027 crimen
1389 2962 1769 3043 superbiae
1832 2961 2257 3040 inclinantiS,
2323 2971 2442 3023 aut
2511 2971 2902 3025 retractare

342 3092 517 3153 quae
566 3072 785 3153 impie
834 3070 982 3151 egit
1030 3070 1180 3133 sive
1228 3070 1507 3132 locutus
1555 3078 1663 3132 est
1709 3070 1995 3149 publice
2044 3069 2428 3149 compellas
2444 3118 2463 3149 ‚
2535 3077 2658 3131 aut
2723 3066 2782 3130 si
2827 3066 2901 3130 in

341 3198 459 3242 sua
503 3176 917 3261 pervicacia
964 3175 1366 3240 obstinatus
1414 3176 1645 3254 fuerit,
1699 3176 1902 3237 iustis
1958 3186 2028 3238 et
2089 3174 2350 3237 debitis
2401 3174 2611 3238 etiarn
2671 3177 2902 3256 priva·

340 3286 553 3349 tionis
595 3284 965 3348 Ecclesiae
1012 3304 1224 3365 quam
1272 3283 1567 3365 indigne
1617 3282 1893 3346 obtinet
1939 3282 2373 3363 reliquisque
2416 3302 2457 3343 a
2488 3281 2640 3343 iure
2691 3290 2762 3343 et
2808 3280 2902 3345 fe.

340 3412 433 3457 re.
525 3392 797 3455 Leonis
846 3390 924 3453 X
973 3390 1553 3472 praedecessoris
1603 3390 1827 3454 nostri
1858 3388 2111 3452 litteris
2146 3399 2392 3451 contra
2426 3388 2903 3451 Lutheranam

338 3500 691 3564 haeresim
772 3498 1055 3561 statutis
1119 3497 1372 3579 poenis
1433 3495 1726 3561 afficias,
1837 3496 1916 3558 In
1984 3496 2413 3559 contrarium
2474 3494 2905 3558 facientibus

330 3628 463 3671 non
539 3606 1003 3670 -obstantibus
1088 3604 1667 3685 quibuscumque.
1803 3603 2148 3665 Volumus
2225 3613 2460 3664 autem
2535 3600 2593 3663 si
2673 3602 2904 3664 dictus

336 3714 737 3797 Episcopus
786 3710 1317 3776 Sambianensis
1367 3730 1493 3772 sua
1541 3709 1864 3772 Ecclesia
1911 3707 2226 3790 legitime
2285 3707 2498 3770 fuerit
2558 3708 2903 3791 privatuS,

342 3823 456 3903 qui
502 3823 575 3886 in
626 3842 712 3885 eo
759 3822 1036 3884 honore
1108 3827 1180 3881 et
1241 3819 1399 3880 loco
1460 3816 1920 3881 sufficiendus
1971 3814 2104 3877 erit
2161 3815 2252 3876 sit
2314 3825 2460 3876 tum
2526 3814 2904 3877 virtutibus

342 3928 597 4010 dignus
646 3948 731 3991 ac
782 3924 1227 3991 Christianae
1277 3932 1349 3985 et
1404 3922 1798 3986 catholicae
1858 3922 2135 4002 mentiS,
2200 3930 2344 3983 tum
2408 3920 2542 4002 ipsi
2601 3920 2903 3984 Alberto

346 4034 675 4100 Prussiae
724 4033 1071 4115 magistro
1120 4040 1459 4111 acceptus
1508 4038 1580 4091 et
1628 4038 1896 4111 gratus„
1948 4038 2024 4091 ut
2071 4028 2142 4090 in
2177 4028 2448 4090 cunctis
2495 4028 2613 4090 ille
2645 4046 2902 4108 cogno·

342 4153 486 4206 scat
533 4164 666 4207 nos
716 4141 789 4203 in
840 4138 1109 4221 optimo
1162 4158 1340 4220 erga
1388 4158 1547 4199 eum
1595 4135 1830 4198 animo
1878 4154 2382 4217 perseverare,
2431 4153 2904 4215 magnamque

342 4248 557 4330 ipsius
606 4247 902 4312 honoris
950 4256 1021 4309 et
1082 4245 1468 4309 voluntatis
1532 4244 1791 4305 ducere
1849 4243 2220 4305 rationem.
2315 4242 2577 4303 Datum
2625 4242 2906 4303 Romae

346 4355 451 4420 die
496 4352 730 4439 primo
779 4351 1203 4417 Decembris
1248 4350 1667 4414 MDXXIV
1716 4368 1904 4412 anno
1955 4350 2291 4412 secundo·

1412 4635 1619 4646 W
1624 4636 1828 4645 mum„-

400 5021 561 5075 naun,
583 5020 881 5061 Documenta
899 5016 1175 5056 Lathon-ana.
2521 5008 2594 5059 26
