3575 5775
1722 535 2217 601 &essse-⁶

691 708 830 752 one
876 690 1028 751 loro
1079 694 1150 751 et
1214 686 1554 751 talmente
1616 691 1746 753 che
1815 690 1932 754 dia
2004 689 2318 771 esempio
2390 684 2512 753 alli
2582 684 2763 754 altri.
2815 756 2822 765 ,
2872 683 2964 751 Et
3022 672 3241 771 pei-ho

689 798 982 859 intendo
1050 796 1182 857 che
1251 796 1344 858 ha
1408 798 1574 859 dato
1640 796 2133 861 commissione
2196 799 2266 859 al
2322 796 2721 878 regimento
2767 798 2859 859 de
2907 795 3244 876 Inspruch

695 902 1110 983 Stutg·ardia
1167 913 1238 965 et
1287 904 1351 965 di
1404 902 1684 973 Alsatia
1732 906 1865 967 che
1912 923 2057 967 non
2102 904 2482 967 manchino
2532 903 2605 965 di
2660 913 2842 966 tutto
2902 902 3136 984 quello
3198 900 3247 962 li

694 1032 866 1093 pare
927 1011 1326 1073 necessario
1394 1031 1525 1091 per
1583 1011 1737 1074 fare
1800 1020 2052 1093 questa
2106 1010 2445 1094 impresa,
2504 1020 2577 1074 et
2636 1011 2865 1073 anche
2927 1011 3021 1072 ha
3076 1006 3249 1071 fatte

694 1122 929 1181 buone
977 1116 1368 1199 provisioni
1431 1122 1505 1181 in
1570 1121 1638 1181 lo
1699 1121 1959 1182 ducato
2008 1118 2099 1182 de
2150 1119 2657 1200 Virtemberga
2702 1136 2834 1197 per
2863 1115 2975 1179 far
3006 1114 3253 1178 riuscir

695 1225 744 1288 li
791 1224 1196 1288 movimenti
1245 1234 1317 1288 et
1378 1226 1615 1288 conati
1681 1226 1753 1288 di
1825 1228 1989 1308 quel
2058 1227 2264 1289 Duca
2330 1224 2538 1307 vani,
2610 1234 2682 1287 et
2750 1244 2827 1288 se
2898 1220 3252 1303 castigem-:⁸21

696 1331 913 1413 quelli
960 1330 1206 1395 villani
1257 1331 1417 1395 sara
1463 1334 1655 1395 bono
1703 1334 2036 1415 exempio
2086 1332 2207 1396 alli
2255 1330 2437 1409 altri,
2488 1340 2559 1395 et
2605 1331 2823 1394 credo
2871 1332 2941 1394 lo
2988 1328 3163 1392 fara.
3250 1330 3257 1337 ’

875 1437 1036 1500 Non
1095 1438 1131 1500 ὲ
1196 1459 1407 1501 sanza
1471 1439 1877 1521 suspicione
1942 1442 2071 1503 che
2142 1440 2189 1503 li
2250 1438 2659 1503 movimenti
2715 1438 2787 1499 di
2838 1438 3004 1519 quel
3051 1436 3255 1498 Duca

699 1545 898 1607 sieno
947 1565 1079 1607 con
1129 1544 1586 1626 intelligenza
1634 1545 1704 1607 di
1753 1546 2047 1625 Franza,
2096 1568 2135 1609 e
2184 1547 2232 1608 il
2281 1547 2481 1609 detto
2522 1547 2725 1608 Duca
2770 1544 2846 1607 fa
2877 1564 3058 1626 gran
3107 1543 3253 1605 fon·

699 1654 1032 1715 damento
1097 1651 1166 1714 in
1236 1652 1466 1734 questi
1515 1653 1869 1717 lutherani
1920 1664 1990 1715 et
2051 1653 2266 1715 tirase
2332 1654 2497 1735 quel
2560 1650 2841 1733 seguito
2905 1670 3041 1713 con
3100 1668 3255 1731 pro-

699 1758 1004 1823 metterli
1052 1758 1232 1821 darli
1282 1759 1351 1821 in
1399 1762 1624 1841 preda
1671 1760 1720 1822 li
1767 1759 1935 1823 beni
1993 1762 2099 1823 de·
2130 1759 2293 1822 tutti
2355 1760 2572 1841 quelli
2648 1758 2901 1838 ricchi‚
2972 1765 3046 1819 et
3115 1758 3258 1817 cosi

698 1868 885 1929 vedo
932 1885 1065 1947 per
1111 1864 1392 1929 diverse
1439 1867 1554 1930 vie
1603 1865 2054 1929 cominciarsi
2099 1866 2169 1929 in
2220 1876 2472 1949 questa
2503 1864 2887 1929 Germania
2934 1884 3027 1927 un
3078 1882 3257 1945 gran

701 1973 1018 2037 tumulto,

881 2080 968 2143 V.
1020 2078 1092 2145 S.
1140 2080 1406 2144 havera
1466 2081 1732 2145 veduto
1793 2083 1958 2163 quel
2023 2082 2155 2143 che
2204 2080 2263 2144 si
2312 2081 2348 2144 ὲ
2394 2080 2579 2143 fatto
2629 2079 2861 2161 questi
2910 2075 3145 2161 giomi
3190 2074 3259 2137 in

704 2188 1225 2270 Magdeburge,
1275 2208 1491 2271 sopra
1538 2190 1608 2251 la
1657 2190 1823 2270 qual
1872 2209 2041 2251 cosa
2087 2190 2183 2250 ho
2245 2190 2499 2251 lettere
2559 2188 2673 2249 dal
2724 2186 2916 2249 Rmo
2963 2184 3263 2265 Magnu-

705 2296 874 2373 tin0,
925 2294 973 2357 il
1021 2296 1230 2376 quale
1279 2294 1369 2356 mi
1420 2294 1739 2358 ricercha
1787 2296 2017 2377 prima
2063 2295 2172 2358 ch'
2206 2295 2275 2357 io
2325 2294 2642 2358 dechiari
2700 2294 2959 2355 dictam
3027 2290 3266 2353 civita-

709 2413 849 2465 tem
901 2402 1292 2464 subiectam
1325 2400 1705 2466 interdicto
1755 2412 1829 2467 et
1866 2398 2035 2465 'illos
2082 2402 2461 2465 incurrisse
2511 2420 2781 2483 paenas
2828 2410 2898 2463 et
2928 2416 3269 2460 censuras

709 2511 944 2571 bullae
992 2508 1274 2571 Leonis,
1352 2508 1412 2575 Il
1445 2510 1576 2571 che
1609 2508 1765 2572 faro
1800 2508 2103 2572 servatis
2135 2507 2507 2571 servandis
2537 2506 2798 2589 perche
2834 2506 2871 2569 ὲ
2907 2504 3267 2568 notorium

707 2616 875 2679 facti
908 2614 1446 2709 permanentisg
1474 2635 1550 2677 se
1598 2613 1897 2679 haveria
1942 2626 2235 2697 possut-o
2283 2614 2436 2677 fare
2486 2614 2672 2677 senz'
2732 2615 2937 2692 altr0‚
2986 2631 3122 2693 pur
3172 2611 3267 2672 ad

711 2723 1188 2786 abundantem
1237 2722 1587 2785 cautelam
1634 2721 1793 2785 faro
1841 2742 1983 2785 uno
2035 2722 2409 2785 monitorio
2458 2722 2545 2784 ad
2598 2721 2997 2783 docendum
3046 2738 3274 2801 quare

711 2840 840 2896 etc.
936 2828 1026 2892 Et
1073 2829 1695 2893 medesimamente
1744 2828 2050 2894 sollicita
2096 2829 2219 2912 poi
2267 2828 2339 2893 di
2386 2830 2649 2894 havere
2684 2836 2756 2891 et
2780 2838 3106 2890 ottenere
3140 2827 3276 2889 che

710 2941 908 3002 detta
953 2947 1146 3000 terra
1193 2934 1250 2998 si
1299 2945 1518 2998 metta
1564 2935 1636 2998 in
1684 2939 1924 3000 bando
1972 2935 2341 3018 imperiale
2390 2956 2591 2999 come
2638 2938 2709 2998 la
2756 2933 2976 2997 vedra
3024 2951 3159 3014 per
3207 2933 3279 2994 la

709 3066 837 3108 soa
883 3042 1422 3126 supplicatione,
1472 3053 1544 3106 et
1589 3043 1712 3124 poi
1759 3043 1917 3107 dice
1969 3045 2103 3108 che
2136 3052 2409 3107 armata
2457 3063 2668 3105 manu
2718 3061 2859 3104 non
2890 3039 3279 3104 manchara

716 3154 830 3214 del
897 3150 1140 3212 debito
1202 3169 1334 3231 per
1393 3151 1660 3214 redurli
1722 3161 1794 3214 et
1852 3151 2237 3234 castigarli.
2345 3141 2435 3213 Et
2496 3170 2628 3232 per
2693 3159 2945 3231 questo
3010 3159 3079 3209 et
3144 3165 3281 3228 per

715 3261 894 3320 altre
945 3257 1224 3340 ragioni
1273 3277 1384 3320 me
1434 3257 1591 3320 dice
1641 3260 1773 3321 che
1822 3279 1967 3321 non
2014 3258 2221 3339 potra
2271 3256 2705 3320 intervenire
2754 3257 2895 3318 alla
2943 3254 3137 3317 dieta
3188 3255 3283 3316 de

715 3364 947 3446 Spita,
997 3366 1128 3427 che
1177 3365 1490 3426 anchora
1540 3384 1679 3428 non
1731 3385 1949 3428 erano
2001 3385 2373 3446 comparse
2429 3366 2497 3427 le
2556 3365 2808 3426 lettere
2870 3362 2942 3424 di
2990 3360 3287 3440 Cesare‚

718 3473 990 3534 bench&
1040 3472 1132 3532 da
1179 3471 1340 3532 miei
1389 3471 1596 3533 amici
1644 3473 1736 3536 ho
1785 3472 1986 3534 aviso
2034 3470 2154 3554 poi
2204 3473 2333 3534 che
2384 3490 2560 3533 sono
2610 3469 2943 3550 capitate‚
2994 3477 3066 3530 et
3122 3469 3283 3530 ulti·

717 3587 1072 3641 mamente
1117 3577 1212 3640 mi
1262 3577 1420 3640 dice
1469 3580 1712 3641 volere
1759 3578 2025 3641 intrare
2074 3589 2146 3642 et
2192 3599 2431 3642 essere
2464 3587 2816 3640 accettato
2866 3577 2982 3639 nel
3030 3574 3289 3638 federe

719 3684 1256 3766 Ratisponense
1305 3695 1378 3746 et
1424 3691 1568 3747 cosi
1619 3685 1925 3748 sollicito
1995 3687 2106 3748 col
2168 3685 2505 3766 Principe
2562 3685 2720 3746 chel
2784 3683 2889 3746 sia
2951 3684 3290 3744 admesso

722 3802 794 3854 et
841 3801 1023 3853 tutto
1074 3791 1290 3854 credo
1340 3788 1397 3854 si
1445 3790 1600 3854 fara
1649 3791 1720 3854 di
1767 3794 1901 3855 che
1950 3813 2092 3855 non
2140 3794 2235 3855 ho
2281 3812 2415 3874 per
2460 3796 2691 3854 ancho
2738 3788 3180 3854 resolutioni.

901 3897 1130 3960 11Rm0
1170 3897 1570 3961 Leodiense
1597 3901 1867 3962 anchor
1892 3899 1988 3960 lui
2018 3899 2077 3961 si
2118 3919 2383 3962 excusa
2409 3918 2542 3960 con
2572 3917 2685 3960 me
2717 3917 2849 3978 per
2880 3915 3003 3958 soe
3028 3897 3297 3958 lettere

721 4027 764 4068 a
828 4015 1184 4068 conventu
1246 4003 1585 4085 Spirense
1656 4016 1953 4089 propter
2003 4008 2211 4069 bella.
2326 4007 2469 4069 Per
2529 4002 2831 4086 cagione
2896 4001 2969 4064 di
3032 4012 3297 4084 queste

723 4133 888 4174 cose
953 4111 1022 4172 di
1073 4111 1352 4175 Alsatia
1419 4112 1711 4175 intendo
1780 4115 1915 4176 che
1948 4113 1992 4175 ’1
2042 4112 2375 4194 Principe
2433 4112 2670 4174 dando
2746 4132 2781 4172 a
2852 4109 3065 4192 quelli
3134 4109 3299 4172 suoi

722 4218 1100 4300 tegimenti
1147 4220 1218 4280 la
1265 4219 1758 4282 commissione
1809 4219 1971 4283 chio
2019 4221 2113 4282 ho
2164 4221 2361 4283 detto
2430 4219 2500 4282 di
2573 4237 2825 4299 sopra,
2895 4218 3123 4279 anche
3193 4217 3301 4298 gli

724 4327 816 4388 ha
865 4325 1110 4387 scritto
1161 4328 1294 4388 che
1343 4325 1608 4389 vedera
1657 4325 2023 4408 expedirsi
2072 4327 2143 4388 di
2193 4346 2334 4409 qua
2389 4325 2507 4407 piu
2572 4335 2817 4406 presto
2882 4325 3013 4386 che
3077 4322 3301 4404 potra

730 4441 802 4494 et
851 4431 1365 4494 transferirassi
1415 4433 1504 4495 ad
1556 4433 1905 4515 Inspruch
1952 4453 2085 4516 per
2132 4453 2371 4496 essere
2418 4432 2539 4515 piu
2590 4429 2993 4514 propinquo
3040 4449 3121 4493 se
3171 4431 3300 4512 piu

727 4542 911 4602 oltra
957 4538 1344 4622 bisognara
1394 4541 1462 4602 la
1509 4560 1820 4621 persona
1867 4561 2013 4604 sua.
2108 4541 2189 4603 In
2238 4549 2488 4623 questo
2524 4549 2784 4601 evento
2830 4537 3073 4601 neseio
3123 4538 3306 4620 quid

727 4645 894 4708 mihi
944 4647 1298 4728 agendum
1347 4647 1582 4710 fuerit.
1678 4646 1912 4711 Senza
1975 4669 2135 4711 esso
2195 4649 2383 4711 vedo
2433 4657 2505 4710 et
2566 4667 2679 4708 me
2727 4655 2799 4708 et
2844 4653 3029 4709 tutta
3073 4646 3149 4708 la
3196 4644 3305 4708 fa-

731 4753 976 4833 miglia
1023 4752 1161 4816 mia
1207 4773 1345 4816 non
1396 4756 1618 4818 molto
1667 4755 1880 4818 sieuri
1928 4763 2000 4818 et
2049 4755 2335 4836 quando
2382 4774 2514 4835 per
2559 4756 2627 4816 le
2678 4772 2843 4815 cose
2892 4751 2965 4814 di
2994 4751 3309 4816 Boemia

731 4881 870 4926 non
921 4859 1114 4922 fusse
1167 4861 1566 4923 necessario
1615 4862 1664 4924 il
1713 4871 1861 4925 star
1908 4861 2047 4924 mio
2112 4867 2227 4944 qui
2292 4861 2482 4924 saria
2541 4859 2612 4923 di
2672 4859 2837 4924 niun
2902 4859 3129 4922 frutto
3180 4912 3195 4925 .
3232 4908 3251 4924 .
3290 4907 3309 4921 .
