3575 5775
1317 603 1611 658 0-{3311
1694 599 1812 655 G><>

1492 979 1638 1044 135.

674 1095 1172 1177 Perdinandus
1228 1096 1437 1177 Aroh.
1496 1096 1833 1177 Austriae
1890 1095 2232 1176 Clementi
2287 1095 2446 1178 VII.

1133 1243 1435 1318 (Epistola
1471 1244 1807 1317 Principum.
1843 1242 1887 1302 1.
1924 1241 1993 1315 7.)

1228 1360 1335 1432 (17.
1375 1365 1687 1414 Decembris
1733 1371 1906 1426 1523.)

464 1505 797 1568 Commisi
846 1503 1067 1567 nobili
1114 1504 1309 1568 fideli
1356 1505 1561 1569 nobis
1609 1505 1870 1569 dilecto
1920 1507 2082 1569 Don
2125 1507 2340 1570 Petro
2391 1507 2480 1569 de
2514 1505 2847 1569 Corduba

308 1609 539 1673 Comiti
581 1611 860 1692 Caprae
910 1610 1109 1684 militi
1158 1611 1425 1674 ordinis
1474 1613 1698 1675 sancti
1729 1612 1982 1692 Jacobi
2032 1613 2433 1676 consiliario
2483 1623 2726 1676 nostro
2777 1622 2848 1674 et

308 1737 613 1798 supremo
664 1717 1037 1799 semifero,
1102 1728 1179 1781 ut
1225 1731 1387 1802 post
1434 1720 1986 1802 gratulationem
2035 1721 2316 1784 nomine
2367 1740 2523 1782 meo
2585 1718 2845 1782 factam

309 1831 369 1884 et
409 1825 922 1907 paratissimam
988 1826 1489 1909 obsequiorum
1539 1847 1854 1890 meorum
1912 1839 2244 1909 tanquam
2293 1825 2848 1890 obedientissimi

306 1928 413 1992 filii
454 1933 557 1994 sui
609 1932 1157 2014 exhibitionem,
1222 1935 1563 1996 nonnulla
1618 1932 1709 1995 Sti
1762 1945 2044 1998 vestrae
2093 1937 2409 1998 declaret
2456 1954 2638 2016 quae
2687 1954 2843 1996 con·

309 2048 578 2102 cernunt
638 2040 1102 2103 necessitates
1150 2060 1344 2103 meas
1408 2051 1479 2103 et
1528 2042 1785 2104 damna
1833 2062 2124 2123 quorum
2190 2050 2466 2123 partem
2512 2041 2652 2104 iam
2715 2061 2847 2122 per

311 2144 601 2224 perfidos
664 2147 908 2210 hostes
955 2147 1226 2210 Turcos
1273 2147 1555 2229 accepi,
1608 2159 1679 2210 et
1727 2159 1924 2211 certa
1973 2149 2184 2211 etiam
2230 2148 2498 2211 maiora
2559 2159 2846 2210 manent

307 2270 427 2314 non
472 2244 698 2315 s'olum
748 2255 839 2315 ab
887 2251 1009 2332 eiS,
1060 2253 1187 2315 sed
1238 2253 1451 2318 etiam
1499 2255 1905 2318 domesticis
1952 2254 2251 2318 inimicis
2301 2255 2418 2338 qui
2459 2253 2844 2316 Daemonis

307 2357 611 2421 instinctu
646 2359 1157 2442 Evangelicam
1197 2362 1617 2424 charitatem
1651 2371 2158 2445 praetexentes
2204 2363 2310 2425 ira
2342 2363 2529 2424 intus
2579 2372 2648 2424 et
2678 2360 2842 2423 odio

307 2464 641 2546 stimulati,
692 2485 991 2548 gregem
1042 2467 1303 2530 Christi
1352 2470 1421 2530 in
1471 2469 1603 2531 hac
1655 2469 1942 2532 natione
2007 2490 2194 2533 nova
2242 2469 2568 2532 doctrina
2627 2467 2843 2530 imbu-

308 2581 449 2653 unt,
516 2573 933 2636 sanctissimi
988 2573 1350 2637 Pontificis
1420 2596 1677 2638 nomen
1746 2577 2289 2658 proscindentes
2362 2585 2432 2638 et
2498 2583 2846 2658 quotquot

309 2679 551 2761 absque
592 2682 872 2744 delectu
915 2681 1125 2744 etiam
1170 2683 1288 2763 qui
1329 2687 1421 2744 ab
1455 2683 1956 2747 ecclesiasticis
1985 2683 2236 2747 ritibus
2277 2693 2347 2746 et
2387 2681 2845 2747 sacramentis

308 2787 511 2850 adhuc
558 2798 748 2851 stant
796 2788 1417 2871 nihilipendentes.
1513 2792 1900 2854 Praeterea
1934 2801 2166 2855 certas
2213 2790 2380 2854 mihi
2427 2789 2656 2853 factas
2686 2807 2840 2869 gra-

309 2893 425 2957 tias
483 2906 551 2958 et
594 2906 930 2978 paternas
980 2900 1069 2961 ab
1119 2898 1254 2961 ista
1304 2896 1492 2961 Sede
1542 2899 1990 2980 provisiones
2057 2911 2405 2982 exponet,
2478 2917 2654 2980 quas
2699 2916 2842 2959 non

307 3002 507 3065 solum
564 3024 605 3067 a
653 3004 1107 3067 Beatitudine
1156 3015 1397 3068 vestra
1444 3016 1637 3069 ratas
1687 3017 1757 3069 et
1804 3015 2049 3088 gratas
2065 3055 2082 3085 ‚
2153 3026 2398 3069 verum
2455 3004 2705 3085 etiam,
2767 3013 2842 3065 ut

312 3116 404 3169 est
444 3110 1097 3192 beneficentissima,
1148 3112 1529 3193 ampliores
1568 3112 2212 3195 locupletioresque
2245 3110 2682 3192 speraverim
2729 3130 2840 3173 me

308 3214 849 3298 impetraturum,
922 3217 1227 3282 maxime
1286 3221 1477 3300 quod
1542 3239 1680 3302 ego
1743 3221 1897 3283 dies
1957 3228 2343 3301 noctesque
2407 3217 2710 3280 meditor
2770 3225 2841 3279 et

312 3322 586 3403 cogitem
635 3325 724 3387 de
774 3326 1002 3389 modis
1050 3326 1307 3408 quibus
1353 3328 1699 3390 adversus
1730 3327 2040 3390 Turcum
2086 3329 2362 3390 hostem
2399 3344 2840 3387 communem

312 3428 706 3495 christianae
750 3430 919 3495 fidei
968 3442 1039 3496 et
1087 3442 1479 3498 sectatores
1527 3434 1731 3498 nimis
1778 3437 1923 3497 alte
1963 3434 2308 3497 iactorum
2341 3432 2650 3495 zizaniae
2685 3450 2836 3512 ger·

311 3534 541 3601 minum
600 3561 712 3602 me
760 3540 1071 3603 obiicere
1134 3540 1433 3623 possim,
1506 3541 1684 3604 sicut
1732 3542 1942 3605 latius
2007 3562 2100 3605 ex
2164 3540 2493 3622 praefato
2556 3549 2838 3601 oratore

314 3660 447 3705 meo
488 3645 660 3709 haec
691 3647 926 3710 omnia
969 3659 1040 3712 et
1073 3668 1256 3731 quae
1292 3670 1384 3711 ex
1419 3648 1555 3712 illis
1585 3650 2014 3732 dependent,
2066 3649 2439 3731 intelliget.
2533 3648 2840 3728 Rogans
2921 3630 2926 3635 ⁶

316 3750 476 3812 omni
519 3750 708 3815 filiali
758 3754 989 3817 studio
1039 3764 1408 3836 paternam
1460 3756 1903 3819 clementiam
1952 3766 2261 3819 vestram
2311 3764 2387 3817 ut
2435 3776 2576 3817 non
2626 3754 2837 3816 modo

315 3854 432 3936 ipsi
473 3859 801 3923 referenti
849 3882 1057 3925 aures
1105 3882 1268 3925 suas
1314 3866 1624 3945 prebere
1672 3864 1872 3944 velit,
1922 3866 2048 3926 sed
2098 3863 2308 3926 etiam
2359 3862 2583 3942 cordi,
2635 3868 2704 3923 et
2753 3880 2840 3922 ea

317 3959 437 4024 fide
486 3968 849 4049 percipere
910 3978 987 4031 ut
1046 3968 1199 4050 ipse
1249 3969 1549 4034 sentiam
1597 3980 1667 4033 et
1715 3991 1925 4052 opem
1988 3979 2059 4032 et
2118 3969 2676 4033 consolationem
2723 3966 2839 4028 13¹·

322 4068 502 4133 Vrao,
588 4074 769 4138 Nam
820 4096 906 4137 eo
954 4097 1069 4139 res
1116 4074 1327 4139 rediit
1388 4085 1464 4139 ut
1510 4077 1685 4139 meis
1730 4077 1998 4140 viribus
2046 4079 2263 4157 longe
2311 4076 2538 4157 impar
2586 4074 2714 4136 sim
2763 4082 2839 4136 ut

320 4176 413 4237 vel
455 4178 647 4245 alteri
694 4181 1001 4245 hostium
1052 4204 1160 4245 me
1210 4202 1588 4264 opponam.
1684 4184 1773 4246 Et
1823 4194 2058 4246 tamen
2108 4184 2450 4258 decimuS,
2500 4191 2576 4243 ut
2623 4182 2837 4262 aiunt,

318 4294 575 4351 conatus
620 4289 1006 4351 tentandus
1055 4298 1201 4369 est,
1252 4310 1461 4371 quem
1506 4291 1725 4353 alacri
1773 4290 2036 4354 affectu
2083 4290 2584 4372 intrepidoque
2624 4298 2693 4351 et
2741 4288 2836 4350 in-

318 4386 508 4453 fracto
552 4395 789 4459 animo
839 4395 993 4477 ipse
1042 4418 1178 4479 ego
1225 4396 1558 4478 experiar
1606 4399 1770 4460 dum
1819 4398 1987 4461 mihi
2018 4399 2207 4461 vires
2255 4398 2542 4460 aliunde
2584 4416 2835 4478 suppe-

316 4494 541 4560 ditatae
588 4502 875 4583 fuerint,
925 4522 1119 4584 quaS,
1170 4515 1247 4566 ut
1295 4503 1735 4567 confidenter
1780 4505 2087 4587 requir0‚
2139 4505 2237 4568 ita
2277 4515 2574 4586 propter
2607 4524 2834 4567 comu-

314 4622 443 4665 nem
486 4609 1016 4692 necessitatem,
1079 4631 1307 4692 neque
1358 4610 1542 4673 enim
1592 4613 1725 4674 soli
1770 4611 1940 4675 mihi
1989 4633 2218 4675 seram
2268 4622 2341 4675 et
2387 4621 2677 4691 metam,
2727 4632 2836 4673 me

312 4728 487 4789 spero
530 4724 1061 4799 reportaturum
1110 4738 1153 4779 a
1198 4718 1654 4781 Beatitudine
1697 4718 1980 4782 Vestra.
2074 4720 2154 4781 In
2206 4739 2344 4801 qua
2392 4719 2556 4781 mihi
2606 4719 2837 4780 adhuc

312 4834 425 4878 una
479 4823 727 4886 salutis
788 4844 955 4906 spes
1017 4833 1289 4905 manet,
1362 4825 1557 4887 cuius
1634 4825 1893 4889 effectu
1969 4837 2045 4887 ut
2109 4826 2560 4907 dignissimus
2621 4823 2839 4887 faciat

316 4920 619 5013 Christus,
664 4929 817 4993 sine
865 4930 1063 4995 cuius
1110 4929 1357 4995 favore
1399 4930 1742 5016 quidquid
1791 4935 2126 4998 mortales
2173 4942 2414 5021 agunt,
2463 4932 2696 4997 furnus
2729 4940 2838 4997 est
