3575 5775
1710 517 2169 574 0-43848-0

655 670 1067 752 simpliciter
1117 667 1549 752 possessioni
1599 667 2035 730 reservando
2085 675 2322 728 tamen
2372 651 2507 728 sibi
2556 665 2663 726 ius
2678 713 2696 746 ,
2760 662 2817 726 si
2868 665 3061 745 quod
3109 665 3221 726 ha-

654 779 854 841 bebit
919 777 989 840 in
1054 775 1533 858 proprietate,
1602 776 1638 836 ὲ
1689 776 1781 836 da
1845 774 2196 855 imputare
2244 771 2313 834 in
2364 773 2603 853 quello
2653 774 2784 834 che
2832 781 3223 836 consti-etto

656 886 846 947 dalla
892 883 1157 947 iustitia
1204 903 1335 966 per
1381 883 1653 946 evitare
1703 883 1772 944 la
1822 877 2299 944 scommunica
2346 878 2503 942 fece
2540 879 2862 940 cedendo
2898 880 3053 940 solo
3088 879 3229 940 alla

656 991 1127 1073 possessione.
1223 990 1283 1052 Il
1345 993 1536 1052 buon
1588 988 1968 1052 Cardinale
2018 987 2053 1050 ὲ
2105 985 2664 1069 disperatissimo
2729 1006 2859 1068 per
2914 987 2982 1047 le
3028 995 3227 1046 tante

655 1098 1003 1177 columnie
1053 1100 1218 1162 date
1266 1098 1364 1159 lui
1413 1098 1505 1158 da
1554 1096 1745 1159 dicto
1798 1092 2245 1174 Armestorff,
2300 1114 2509 1175 quem
2558 1091 2728 1155 dicit
2777 1113 3060 1174 semper
3107 1094 3224 1154 ha·

655 1205 892 1268 buisse
952 1226 1084 1289 pro
1153 1205 1422 1286 optimo
1489 1213 1562 1266 et
1609 1201 2059 1276 amicissimo;
2129 1201 2369 1264 videte
2420 1202 2491 1262 di
2538 1200 2693 1264 fare
2742 1220 3004 1282 capace
3056 1200 3227 1262 Cae-

654 1333 812 1374 sare
875 1321 946 1374 et
1010 1312 1199 1374 dicto
1263 1311 1648 1374 cameriere
1713 1311 1907 1373 della
1966 1309 2374 1372 innocentia
2436 1308 2506 1370 di
2556 1321 2809 1389 questo
2858 1307 3227 1370 Reveren-

654 1419 941 1482 dissimo
1005 1430 1077 1482 et
1137 1419 1405 1500 optimo
1456 1417 1835 1480 Cardinale
1898 1425 1971 1479 et
2032 1414 2491 1478 devotissimo
2541 1414 2612 1476 di
2661 1415 2900 1496 quella
2947 1413 3230 1476 Maesta

653 1535 725 1588 et
774 1527 964 1588 della
1011 1525 1338 1604 Natione‚
1387 1534 1459 1588 et
1507 1533 1849 1587 excusate
1900 1543 2031 1585 con
2084 1522 2256 1604 ogni
2306 1521 2678 1603 diligentia
2724 1521 2771 1583 il
2819 1525 3012 1583 buon
3064 1519 3225 1582 Car-

654 1632 892 1696 dinale
939 1641 1141 1695 tanto
1192 1631 1434 1695 dedito
1485 1653 1527 1693 a
1575 1630 1859 1710 Cesare,
1916 1650 2263 1712 appresso
2314 1626 2463 1691 Sua
2494 1629 2793 1710 Maesta,
2842 1628 2892 1691 il
2940 1627 3232 1690 Confes—

651 1760 814 1803 sore
864 1750 934 1802 et
980 1739 1166 1803 tutti.
1261 1738 1365 1800 La
1411 1738 1931 1819 supplicatione
1980 1748 2052 1801 et
2101 1738 2422 1801 cessione
2471 1737 2561 1799 de
2611 1737 2651 1798 l'
2686 1737 3101 1800 adversario
3153 1737 3227 1798 in

651 1846 902 1909 favore
953 1847 1041 1908 de
1090 1844 1525 1909 Armestorff
1567 1855 1641 1910 et
1687 1847 1830 1908 duo
1879 1844 2097 1909 Brevi
2145 1865 2285 1908 uno
2333 1865 2465 1926 per
2511 1847 2582 1906 la
2626 1845 3103 1926 possessione,
3156 1853 3233 1906 et

653 1952 697 2015 1’
733 1954 918 2015 altro
983 1973 1115 2034 per
1179 1951 1222 2014 l'
1257 1951 1708 2016 absolutione
1758 1953 1877 2015 del
1926 1951 2237 2034 capitulo
2286 1972 2329 2013 a
2376 1951 2691 2014 censuris
2707 2000 2725 2030 ,
2789 1953 2973 2014 nelle
3035 1950 3229 2031 quali

655 2079 874 2122 erano
910 2059 1172 2122 cascati
1203 2079 1336 2140 per
1367 2079 1507 2122 non
1541 2059 1839 2122 obedire
1872 2058 1991 2121 alli
2036 2058 2554 2140 exequutoriali
2589 2059 2679 2120 de
2723 2058 2765 2121 l'
2793 2058 3233 2134 adversario,

653 2187 881 2231 sonno
930 2167 1049 2249 gia
1098 2167 1299 2248 quasi
1349 2163 1670 2248 expediti
1717 2187 1848 2247 per
1896 2187 2119 2248 opera
2160 2166 2233 2227 di
2268 2165 2691 2246 Monsignor
2722 2162 2965 2226 Sancti
3014 2166 3233 2244 Quat-

655 2284 764 2337 tro
834 2285 904 2337 et
965 2284 1211 2338 nostra
1273 2274 1813 2345 intercessione;
1878 2295 1955 2336 se
2018 2271 2077 2335 si
2125 2284 2479 2356 potranno
2528 2274 2795 2335 havere
2843 2272 2902 2333 si
2948 2273 3233 2334 mande·

653 2401 880 2443 ranno
929 2401 1065 2444 con
1115 2391 1394 2462 questa3
1448 2379 1593 2443 cosi
1643 2400 1784 2442 uno
1835 2383 2057 2443 breve
2106 2379 2175 2442 in
2227 2379 2478 2442 favore
2527 2379 2597 2441 di
2648 2378 2922 2442 Messer
2955 2379 3233 2440 Levino

653 2509 786 2571 per
845 2489 894 2550 il
957 2490 1122 2568 qual
1185 2489 1242 2550 si
1307 2489 1723 2550 commanda
1772 2509 1815 2550 a
1863 2489 2029 2568 quel
2078 2487 2389 2568 capitulo
2440 2488 2570 2550 che
2620 2486 2667 2549 li
2714 2485 3115 2549 restituisca
3162 2487 3235 2548 la

654 2594 1105 2676 possessione
1171 2595 1360 2656 della
1413 2594 1899 2675 prepositura,
1968 2603 2040 2656 et
2088 2614 2131 2655 a
2180 2603 2359 2657 tutte
2408 2595 2475 2654 le
2524 2595 2703 2654 altre
2752 2587 2917 2656 ¹cose
2968 2593 3233 2674 scripte

653 2723 783 2784 per
847 2701 898 2764 il
947 2701 1534 2781 Prothonotari0‚
1604 2711 1675 2763 et
1738 2721 1869 2781 per
1931 2699 2048 2764 voi
2116 2700 2173 2762 si
2230 2700 2539 2782 pigliara
2594 2701 2895 2781 qualche
2962 2710 3233 2763 assetto

652 2811 920 2893 purch&
984 2830 1118 2872 con
1189 2810 1490 2891 qualche
1553 2809 1851 2871 honesta
1918 2809 1978 2870 si
2043 2827 2278 2890 possa.
2376 2807 2467 2868 Vi
2532 2807 2591 2869 si
2643 2809 2902 2868 manda
2950 2807 3232 2869 XVIII.

653 2919 846 2981 bolle
895 2926 1249 3000 stampate
1299 2926 1548 2981 contra
1597 2917 1899 2997 Luther,
1967 2917 2025 2978 si
2075 2937 2276 2979 come
2324 2915 2668 2978 ricercate
2718 2926 2789 2977 et
2846 2918 2937 2977 ad
2999 2916 3231 2997 questi

653 3025 887 3106 giorni
934 3023 1005 3087 vi
1051 3024 1114 3087 si
1146 3026 1182 3087 ὲ
1219 3024 1554 3087 mandato
1604 3026 1829 3087 anche
1879 3044 1972 3085 un
2019 3024 2203 3087 libro
2252 3023 2325 3086 di
2372 3023 2593 3086 fratre
2626 3022 3030 3085 Ambrosio,
3106 3024 3231 3086 Se-

653 3131 926 3215 guitate
975 3132 1531 3195 animosamente
1582 3142 1652 3195 et
1701 3142 2002 3213 pregate
2052 3131 2101 3192 il
2150 3130 2600 3203 confessore,
2650 3130 3099 3205 Armestorff,
3160 3142 3233 3193 et

653 3240 701 3301 li
770 3238 933 3301 altri
993 3240 1124 3301 che
1187 3238 1452 3301 aiutino
1514 3240 1585 3299 la
1651 3259 1866 3300 causa
1932 3258 2232 3301 comune
2299 3240 2431 3300 che
2499 3237 2761 3300 Nostro
2830 3236 3140 3317 Signore
3188 3260 3233 3301 a

654 3345 817 3407 tutti
868 3347 1058 3428 dopo
1093 3344 1232 3408 Dio
1281 3345 1443 3407 sara
1492 3344 1896 3425 gratissimo
1949 3353 2019 3407 et
2068 3344 2581 3407 communicate
2614 3345 2665 3406 il
2696 3354 2880 3408 tutto
2916 3346 3027 3407 col
3060 3346 3230 3406 Pro·

654 3450 1060 3516 thonotario
1110 3452 1420 3515 vivendo
1469 3452 2096 3533 congiuntamente
2146 3472 2346 3515 come
2394 3452 2564 3515 fate.

837 3560 940 3621 La
988 3579 1157 3622 cosa
1204 3559 1322 3622 del
1353 3560 1668 3622 Doctore
1702 3558 2053 3641 Capitone
2103 3560 2162 3622 si
2210 3558 2397 3622 saria
2446 3559 2787 3640 expedita
2832 3560 2939 3621 sel
2980 3579 3230 3641 procu-

655 3676 894 3729 ratore
944 3686 1071 3729 suo
1119 3665 1313 3729 fusse
1362 3677 1548 3729 stato
1597 3670 1750 3747 qui,
1816 3675 1887 3729 et
1935 3668 2101 3747 quel
2151 3666 2221 3730 di
2267 3666 2691 3746 Maguntino
2740 3668 2834 3728 ha
2882 3666 3073 3727 facto
3123 3686 3229 3728 so·

655 3776 1064 3856 prasedere,
1116 3784 1186 3836 et
1235 3774 1392 3837 dice
1442 3775 1729 3854 quando
1779 3774 1941 3837 sara
1987 3785 2227 3855 tempo
2262 3772 2700 3835 domandera
2730 3775 2799 3835 la
2828 3772 3233 3854 speditione

658 3883 789 3945 che
838 3891 1033 3945 certo
1083 3883 1176 3944 da
1223 3880 1320 3944 lui
1370 3892 1440 3944 et
1489 3882 1606 3943 dal
1655 3881 1847 3944 dicto
1900 3880 2372 3943 Procuratore
2422 3880 2458 3943 ὲ
2506 3891 2811 3961 restato,
2880 3881 2971 3941 da
3037 3882 3233 3961 quali

658 3989 715 4053 si
764 3990 1112 4053 chiedeva
1159 3992 1228 4052 la
1277 3988 1800 4069 supplicatione
1850 3986 2221 4070 originale,
2270 4008 2386 4049 ma
2435 3987 2604 4069 ogni
2654 3988 2864 4049 modo
2915 3986 2972 4047 si
3014 4006 3231 4067 expe-

658 4096 810 4159 dira
860 4118 902 4160 a
949 4108 1120 4160 voto
1171 4117 1297 4159 suo
1347 4094 1493 4159 cosi
1543 4116 1757 4177 sopra
1806 4095 1877 4157 di
1930 4095 2047 4157 noi
2095 4095 2143 4157 li
2196 4093 2549 4176 affirmati,
2599 4105 2669 4156 et
2715 4095 2785 4156 la
2825 4113 3037 4155 causa
3069 4113 3229 4174 pro-

656 4203 826 4266 fana
889 4202 1172 4267 omnino
1238 4202 1297 4266 si
1361 4202 1740 4266 remettera
1809 4205 1901 4265 ad
1964 4211 2206 4284 partes
2271 4224 2471 4265 come
2521 4211 2671 4265 sete
2722 4211 2907 4264 stato
2958 4201 3231 4264 chiesto

639 4310 790 4371 'che
841 4312 993 4372 solo
1043 4310 1100 4372 si
1150 4331 1356 4373 cerea
1403 4314 1520 4391 qui
1569 4308 1619 4372 il
1666 4320 2131 4391 procuratore
2182 4311 2371 4371 della
2419 4330 2651 4372 causa.
2730 4308 2821 4370 Vi
2871 4308 2930 4369 si
2970 4310 3235 4371 manda

659 4417 728 4477 la
775 4416 1294 4497 supplicatione
1345 4417 1458 4479 col
1525 4436 1880 4479 consenso
1930 4417 2003 4479 in
2050 4416 2300 4480 favore
2350 4419 2464 4479 del
2501 4414 2948 4496 Armestorff‚
2998 4426 3070 4478 et
3110 4417 3231 4479 dui

658 4522 860 4586 brevi
920 4544 1052 4605 per
1115 4536 1326 4587 conto
1390 4545 1554 4603 su0,
1623 4534 1694 4587 et
1739 4526 1789 4586 il
1838 4534 2030 4587 terzo
2081 4522 2149 4585 in
2199 4523 2448 4587 favore
2500 4524 2669 4585 dicti
2716 4522 2965 4585 Levini
3014 4542 3233 4605 super

657 4630 1184 4711 possessionem
1212 4632 1737 4715 prepositurae,
1787 4633 1854 4695 le
1885 4632 2067 4695 altre
2098 4630 2561 4694 instructione
2610 4642 2681 4693 et
2728 4651 2893 4692 cose
2943 4630 2998 4691 si
3039 4651 3231 4693 man·

660 4738 977 4800 deranno
1029 4740 1139 4800 col
1186 4740 1416 4819 primo
1431 4788 1447 4819 ,
1515 4760 1628 4801 ma
1676 4740 1793 4801 voi
1844 4760 1983 4802 non
2036 4739 2332 4822 pigliate
2380 4739 2556 4819 pero
2605 4738 2776 4821 ogni
2826 4748 3028 4817 gatta
3074 4759 3229 4820 per·

659 4845 789 4907 che
853 4854 1032 4908 tutte
1098 4848 1164 4907 le
1215 4866 1379 4909 cose
1429 4846 1524 4909 fin
1573 4852 1690 4931 qul
1743 4849 2076 4910 mandate
2126 4866 2343 4910 erano
2393 4846 2597 4927 quasi
2642 4848 2803 4909 tutti
2852 4846 3109 4909 iniuste
3160 4858 3234 4909 et
