3575 5775
1324 588 1820 649 0-435738m

288 739 655 805 Cardinali
700 762 781 803 ac
843 739 1169 820 Johanne
1220 736 1292 800 e't
1338 736 1625 803 Gentile
1673 736 2145 801 Auditoribus
2193 738 2384 821 apud
2433 747 2594 801 acta
2643 757 2854 802 cause

286 847 765 930 inquisitionis
811 844 1213 911 huiusmodi
1262 843 1601 925 exhibuit,
1652 853 1722 907 et
1754 845 2014 907 deinde
2062 844 2204 907 alio
2249 844 2458 910 simili
2505 844 2855 909 citationis

284 954 525 1017 edicto
588 952 910 1017 similiter
980 954 1070 1016 ad
1134 951 1509 1015 dicendum
1571 960 1642 1013 et
1704 950 2203 1033 excipiendum
2267 961 2518 1015 contra
2583 952 2722 1015 illis
2784 962 2855 1014 et

286 1061 679 1126 videndum
713 1081 837 1125 eos
868 1060 1144 1123 admitti
1176 1080 1257 1123 ac
1290 1059 1523 1121 iurare
1558 1059 1812 1121 Testes
1841 1068 1984 1122 tam
2014 1078 2228 1141 super
2275 1058 2420 1122 illis
2447 1080 2658 1143 quam
2705 1068 2856 1121 tota

284 1189 513 1231 causa
558 1168 913 1233 huismodi
959 1170 1051 1230 ab
1099 1167 1271 1249 ipsis
1320 1165 1817 1229 Cardinalibus
1864 1166 2152 1229 decreto
2217 1176 2288 1228 et
2344 1176 2713 1249 emanatO,
2773 1186 2852 1255 ac

284 1275 452 1359 pari
513 1276 726 1339 modo
789 1275 1075 1357 publice
1134 1272 1355 1337 affixo
1406 1282 1477 1336 et
1531 1273 1778 1335 debite
1833 1272 2234 1337 executioni
2292 1275 2717 1340 demandato
2771 1292 2855 1335 ac

283 1382 467 1465 ipsis
512 1383 845 1447 Testibus
894 1382 1077 1445 sicut
1124 1380 1483 1464 prefertur
1550 1380 1691 1443 iarn
1750 1379 2056 1442 inductis
2125 1390 2199 1443 et
2235 1381 2486 1463 juratis
2500 1428 2520 1461 ,
2579 1390 2652 1445 et
2697 1401 2856 1443 con-

286 1490 570 1573 spectui
620 1492 1007 1553 eorundem
1056 1487 1419 1551 Francisci
1490 1496 1561 1549 et
1610 1486 1968 1552 Leonardi
2020 1486 2499 1551 Cardinalium
2566 1508 2850 1570 presen-

286 1598 463 1662 tatis
508 1607 581 1659 et
627 1618 759 1679 per
807 1618 929 1661 eos
979 1616 1195 1679 super
1242 1594 1449 1659 dictis
1498 1594 1812 1657 articulis
1861 1604 1930 1657 et
1979 1595 2332 1659 contentis
2377 1596 2449 1659 in
2499 1595 2619 1676 eis,
2661 1596 2858 1677 prius

288 1725 375 1767 ac
428 1706 692 1769 deinde
740 1724 871 1786 per
924 1704 1121 1785 ipsos
1168 1703 1566 1782 Johannem
1629 1710 1702 1765 et
1770 1700 2129 1765 Gentilem
2191 1702 2579 1791 Auditores
2642 1702 2856 1785 etiam

292 1820 577 1875 secreto
628 1820 701 1875 et
746 1811 1109 1893 sigillatim
1160 1809 1612 1890 examinatiS,
1670 1830 2054 1893 eorumque
2121 1810 2326 1872 dictis
2394 1824 2464 1872 et
2527 1810 2857 1896 depositi,-

291 1918 550 1981 onibus
598 1919 669 1981 in
718 1916 1001 1999 scriptis
1048 1916 1355 1979 fideliter
1402 1915 1714 1981 reductis
1730 1964 1748 1997 ,
1812 1917 2150 1999 ipsosque
2213 1916 2628 2001 posterioris
2691 1916 2856 2006 cita·

291 2024 509 2089 tionis
559 2024 823 2106 edicte,
874 2045 1115 2088 coram
1161 2024 1334 2107 ipsis
1382 2023 1761 2087 Francisco
1831 2022 2190 2086 Cardinali
2251 2044 2334 2087 ac
2399 2022 2726 2103 Johanne
2788 2037 2858 2094 et

292 2131 583 2197 Gentile
630 2132 1103 2197 Auditoribus
1151 2132 1221 2195 in
1270 2130 1456 2195 illius
1503 2130 1805 2194 termino
1854 2132 2288 2211 reproducto
2351 2139 2422 2193 et
2489 2130 2724 2199 citatis
2784 2130 2856 2192 in

296 2258 385 2301 eo
438 2239 793 2303 contentis
857 2259 989 2322 per
1043 2238 1239 2319 ipsos
1295 2237 1351 2299 F
1356 2236 1749 2300 ranciscum
1801 2236 2249 2301 Cardinalem
2317 2257 2398 2301 ac
2461 2236 2856 2319 Johannem

294 2354 368 2407 et
414 2343 773 2409 Gentilem
823 2346 1213 2408 Auditores
1276 2344 1808 2407 contumacibus
1855 2343 2224 2426 reputatiS,
2288 2344 2516 2406 dictos
2563 2335 2855 2428 posteri-

294 2472 459 2515 ores
517 2453 853 2517 articulos
913 2450 1230 2514 similiter
1306 2454 1397 2515 ad
1472 2451 1923 2533 probandum
1991 2450 2267 2513 admitti
2343 2461 2414 2513 et
2481 2453 2858 2515 nonnullos

294 2559 476 2623 alios
543 2560 795 2623 Testes
867 2579 1081 2640 super
1143 2558 1317 2641 ipsis
1378 2558 1893 2640 posterioribus
1954 2557 2268 2621 articulis
2317 2568 2389 2621 et
2434 2568 2584 2621 tota
2645 2579 2858 2621 causa

295 2666 698 2731 huiusmodi
764 2666 1085 2729 similiter
1147 2664 1457 2744 induxit,
1528 2675 1598 2729 et
1668 2666 1757 2729 ad
1825 2665 2198 2727 iurandum
2263 2666 2486 2747 recipi
2535 2666 2857 2746 obtinuit,

294 2784 513 2853 prout
555 2771 876 2835 similiter
921 2773 1262 2853 iurarunt,
1310 2784 1384 2835 et
1430 2773 1730 2835 termino
1780 2773 1874 2833 ad
1931 2774 2241 2835 dandum
2308 2772 2859 2855 interrogatoria

296 2900 428 2963 pro
477 2880 758 2944 illorum
808 2880 1135 2944 examine
1184 2879 1613 2961 competenti
1661 2880 1860 2962 prius
1898 2881 2124 2962 laPSO,
2159 2878 2543 2942 examinati
2573 2880 2860 2944 fuerunt

299 2989 506 3051 dictis
555 2997 627 3050 et
675 2988 1241 3070 depositionibus
1289 3008 1533 3050 eorum
1580 2987 1650 3050 in
1700 2986 1982 3070 scriptis
2029 2987 2298 3070 pariter
2343 2987 2675 3050 redactis.
2767 2987 2856 3049 Et

296 3096 585 3158 tandem
634 3095 771 3176 ipsi
837 3095 1258 3158 Franciscus
1317 3103 1389 3158 et
1448 3095 1866 3159 Leonardus
1929 3094 2342 3157 Cardinales
2405 3092 2581 3156 actis
2641 3113 2859 3176 super

298 3202 665 3284 premissis
711 3202 920 3265 factis
969 3211 1040 3264 et
1086 3203 1157 3266 in
1208 3199 1309 3264 eis
1358 3201 1712 3264 contentis
1759 3222 1892 3283 per
1939 3222 2064 3264 eos
2110 3199 2282 3263 visis
2340 3219 2424 3262 ac
2474 3199 2856 3282 diligenter

298 3309 668 3390 inspectiS‚
718 3329 801 3371 ac
852 3308 1177 3372 omnibus
1226 3318 1297 3370 et
1346 3307 1641 3390 singulis
1692 3329 1830 3390 que
1889 3309 1963 3372 in
2021 3328 2234 3370 causa
2297 3307 2488 3390 ipsa,
2555 3316 2715 3369 acta
2784 3317 2854 3368 et

298 3416 593 3478 actitata
636 3415 921 3478 fuerunt
971 3415 1354 3497 diligenter
1401 3427 1471 3478 et
1515 3425 1848 3478 accurate
1880 3435 2011 3496 per
2044 3435 2167 3478 eos
2198 3415 2407 3476 etiam
2438 3412 2859 3477 examinatis

297 3522 367 3584 in
400 3521 839 3584 Consistorio
889 3521 1169 3604 prefato
1218 3523 1563 3603 premissa
1612 3523 1846 3585 omnia
1879 3531 1952 3584 et
1988 3522 2270 3604 singula
2299 3521 2509 3584 etiam
2543 3521 2858 3584 Testium

305 3627 790 3709 depositiones
840 3649 1075 3692 coram
1125 3629 1331 3692 nobis
1379 3638 1451 3692 et
1480 3628 1637 3692 aliis
1668 3628 2200 3692 venerabilibus
2228 3628 2567 3692 fratribus
2599 3627 2860 3691 nostris

297 3746 543 3798 sancte
594 3735 925 3798 Romane
972 3735 1289 3798 Ecclesie
1340 3735 1834 3799 Cardinalibus
1883 3735 2249 3799 nobiscum
2298 3735 2472 3799 inibi
2521 3735 2855 3798 consisto-

296 3842 565 3906 rialiter
591 3843 1023 3923 sedentibus,
1052 3863 1311 3926 magna
1342 3863 1499 3906 cum
1530 3844 1936 3906 maturitate
1965 3844 2357 3906 retulerunt
2379 3851 2860 3924 exposuerunt

296 3961 368 4012 et
388 3958 789 4013 narrarunt.
840 3949 987 4012 Nos
1012 3951 1163 4014 visa
1187 3951 1521 4012 citatione
1535 3952 1624 4012 ad
1643 3951 2070 4013 audiendum
2100 3949 2520 4012 sententiam
2546 3959 2854 4011 nostram

297 4058 389 4118 ad
437 4056 622 4118 hanc
672 4056 858 4118 diem
907 4056 1097 4120 facta
1146 4078 1228 4119 ac
1279 4057 1621 4120 relatione
1655 4057 2056 4120 huiusmodi
2089 4057 2326 4119 audita
2358 4069 2428 4118 et
2475 4055 2854 4135 intellecta,

303 4183 387 4224 ae
458 4162 598 4225 illis
666 4173 737 4226 et
806 4163 961 4224 aliis
1031 4185 1169 4246 que
1240 4185 1329 4227 ex
1389 4183 1727 4246 processu
1806 4175 1875 4228 et
1931 4163 2495 4245 depositionibus
2544 4163 2854 4226 'sestium

297 4268 698 4333 huiusmodi
723 4271 1187 4351 resultabant,
1214 4269 1419 4332 simili
1444 4271 1850 4335 maturitate
1880 4269 2194 4351 pensatis
2223 4280 2294 4332 et
2328 4269 2601 4332 libratis
2631 4291 2713 4332 ac
2764 4291 2854 4333 ex

301 4377 439 4438 illis
507 4377 697 4439 clare
765 4386 1129 4458 comperto
1193 4380 1380 4458 quod
1444 4377 1764 4456 Julianus
1827 4389 1898 4440 et
1964 4378 2252 4440 Floreta
2301 4389 2634 4458 parentes
2683 4379 2853 4441 dicti

301 4482 466 4561 Julii
514 4483 764 4563 Electi,
796 4483 1101 4565 fuerunt,
1153 4484 1317 4546 dum
1366 4483 1691 4546 viverent
1738 4483 2038 4564 legitimi
2088 4481 2464 4566 ConiugeS,
2516 4494 2587 4546 et
2619 4484 2849 4546 matri-

302 4589 613 4652 monium
659 4589 843 4654 inter
890 4611 965 4652 se
1014 4611 1144 4672 per
1189 4593 1413 4652 verba
1458 4590 1776 4673 legitime
1825 4593 1914 4653 de
1963 4593 2278 4674 presenti
2326 4599 2853 4666 contraxerant,

304 4697 633 4778 quodque
683 4695 911 4758 dictus
941 4697 1165 4776 Julius
1198 4697 1483 4759 Electus
1531 4697 1681 4758 iure
1730 4697 2078 4778 dictante,
2140 4717 2382 4760 eorum
2429 4697 2612 4762 filius
2662 4720 2848 4761 natu-

303 4803 469 4866 ralis
518 4813 589 4865 et
636 4803 995 4885 legitimus
1044 4803 1324 4885 existit,
1386 4805 1719 4886 quodque
1770 4813 2154 4887 propterea
2203 4807 2469 4868 nullum
2521 4807 2851 4869 natalium

307 4909 659 4972 defectum
706 4931 957 4991 passus
1018 4910 1185 4991 fuit,
1243 4931 1372 4973 nec
1440 4911 1742 4994 patitur,
1805 4913 1894 4974 de
1961 4912 2310 4974 dictorum
2379 4913 2856 4978 Cardinalium
