3575 5775
1313 572 1835 629 ο·<ΒΧΙΧΕΞ>-ο

307 740 448 801 pos,
477 728 586 783 tot
613 720 932 783 eruditos
961 730 1034 783 et
1065 721 1404 785 honestos
1435 720 1627 785 viros
1657 740 1797 783 non
1836 706 2059 783 solum
2093 719 2165 780 in
2200 717 2484 799 Anglia‚
2518 715 2855 784 Flandria

305 836 372 890 et
414 825 648 891 Gallia
695 826 1255 908 Germaniaque,
1313 848 1560 891 verum
1609 828 1825 893 etiam
1870 827 1945 889 in
1992 826 2370 907 Hungaria
2415 833 2484 889 et
2532 822 2853 903 Polonia,

303 934 414 1015 qui
445 936 562 997 vel
589 956 668 997 se
717 942 972 1015 putant
1017 936 1286 999 debere
1332 936 1624 999 multum
1673 934 2042 1000 laboribus
2088 933 2287 1012 meis,
2336 934 2455 995 vel
2500 940 2694 997 certe
2738 950 2853 995 me

303 1041 386 1105 de
430 1041 737 1122 publicis
770 1040 1022 1103 studiis
1055 1042 1570 1105 benemeritum
1601 1042 1801 1107 esse“
1821 1041 1889 1123 ι·).
1983 1039 2257 1121 Quibus
2290 1038 2855 1115 simulationibus

301 1147 592 1229 aliisque
648 1149 920 1211 artibus
967 1156 1236 1211 tantam
1301 1150 1389 1211 de
1447 1168 1524 1211 se
1569 1148 1640 1209 in
1703 1146 2071 1211 Pontificis
2132 1147 2438 1213 animum
2484 1144 2851 1209 existima-

299 1254 556 1318 tionem
627 1253 945 1335 ingessit,
1003 1264 1080 1317 ut
1144 1254 1470 1319 Clemens
1542 1254 1702 1319 VII.
1773 1256 1887 1320 die
1937 1276 1999 1335 3.
2044 1254 2315 1337 Aprilis
2396 1276 2557 1335 ¹5²4
2622 1253 2856 1315 eidem

301 1361 694 1445 scripserim
773 1362 1022 1443 „Quod
1081 1364 1172 1427 ad
1235 1372 1306 1425 te
1369 1362 2012 1428 obtrectationibus
2066 1362 2511 1427 liberandum
2580 1361 2855 1443 attinet,

299 1469 840 1551 interposuimus
887 1470 1382 1535 auctoritatem
1433 1469 1874 1555 nostramw).
1968 1470 2059 1536 Et
2104 1472 2633 1551 interposuerat
2660 1489 2853 1548 vere,

295 1588 530 1641 tamen
577 1597 717 1641 non
763 1576 956 1639 felici
1003 1576 1356 1659 auspiciO,
1425 1577 1590 1659 quia
1651 1577 1989 1644 catholici
2036 1576 2439 1649 Germanici
2488 1576 2851 1641 Erasmum

295 1684 615 1767 apprime
715 1694 1065 1747 noverant
1091 1732 1108 1763 ‚
1211 1685 1534 1765 quamvis
1639 1706 1893 1766 reapse
1980 1704 2111 1749 neo
2196 1684 2548 1752 lutherani
2626 1684 2857 1766 ipsum

293 1791 658 1855 favoribus
750 1802 1358 1873 prosequerentur
1445 1792 1628 1857 sicut
1717 1802 1931 1857 autea
1954 1840 1972 1871 ,
2045 1800 2453 1872 -nutantem,
2548 1791 2856 1875 dubium,

297 1898 704 1980 variumque
767 1908 1264 1979 agnoscentes,
1371 1899 1536 1980 Ipse
1599 1900 1689 1963 de
1749 1899 2118 1966 imminuto
2187 1899 2380 1981 apud
2448 1900 2861 1965 lutheranus

295 2005 540 2069 favore
589 2024 780 2069 nova
828 2006 1014 2087 apud
1066 2006 1378 2071 Romam
1423 2006 1736 2089 propitia
1783 2016 2207 2087 argumenta
2234 2010 2608 2087 captabat:
2648 2006 2859 2087 -„Jam

294 2112 592 2195 pridem,
631 2111 892 2192 aiebat,
955 2115 1536 2177 debaccabantur
1571 2113 1957 2177 Lutherani
1986 2113 2055 2177 in
2114 2133 2225 2177 me
2273 2113 2557 2179 furiosis
2602 2112 2861 2182 libellis

295 2240 370 2283 ac
417 2218 716 2283 famosis
765 2218 1089 2301 picturis:
1154 2240 1342 2285 nunc
1405 2220 1626 2285 maior
1673 2221 1892 2285 etiam
1936 2219 2261 2287 fremitus
2303 2221 2683 2286 comitatus
2731 2230 2861 2301 est,

341 2374 356 2389 .
389 2376 404 2391 .
455 2347 594 2391 nec
643 2346 754 2391 me
805 2330 986 2389 clam
1035 2337 1148 2391 est
1193 2348 1372 2409 quos
1419 2328 1684 2395 amicos
1734 2327 2205 2409 perdiderim,
2271 2348 2449 2409 quos
2496 2329 2744 2393 hostes
2787 2327 2861 2391 in

293 2454 396 2497 me
465 2434 946 2516 provocarim.
1001 2484 1016 2499 .
1051 2482 1064 2496 .
1103 2482 1118 2497 .
1235 2434 1392 2515 Ego
1458 2445 1694 2501 tamen
1753 2435 1993 2499 omnia
2053 2434 2338 2516 perpeti.
2401 2436 2585 2499 malo
2650 2455 2863 2516 quam

291 2540 400 2603 isti
447 2540 927 2605 coniurationi
975 2542 1446 2621 accedere“³).
1555 2542 1812 2625 Longo
1872 2543 2085 2607 etiam
2124 2554 2471 2625 ·temp0re
2525 2543 2881 2610 Erasmus-

293 2648 682 2713 catholicos
767 2648 1060 2723 fefellit;
1147 2649 1368 2713 libros
1451 2651 1540 2712 de
1623 2649 1927 2713 diversis
2008 2650 2465 2731 dogmatibus
2553 2653 2861 2736 obscuro

290 2756 761 2837 involuteque
808 2757 994 2838 stylo
1046 2755 1300 2837 edidit,
1359 2757 1450 2822 ad
1519 2755 1957 2821 Clementem
2004 2756 2415 2838 pontificem
2462 2760 2859 2839 obsequen-

291 2862 598 2928 tissimas
661 2864 938 2929 litteras
1005 2863 1224 2943 misit,
1297 2884 1458 2928 sese
1529 2862 1911 2946 pontificiis
1976 2864 2251 2928 nunciis
2286 2864 2861 2946 commendavit,

290 2970 884 3054 amplissimisque
913 2970 1156 3034 verbis
1203 2970 1585 3052 religiosos
1629 2971 1845 3042 animi
1895 2991 2147 3036 sensus
2196 2972 2542 3038 ostendit:
2592 2973 2719 3036 sed
2747 2992 2859 3036 ca·

289 3079 573 3143 tholicis
617 3088 690 3141 et
719 3077 1108 3142 lutheranis
1133 3097 1364 3158 aeque
1387 3077 1799 3160 pariterque
1840 3069 2522 3162 suspectussemper
2551 3077 2861 3159 habitus,

292 3185 540 3268 optimi
565 3185 830 3266 quique
869 3184 1199 3248 catholici
1235 3187 1568 3248 doctores
1601 3185 1831 3266 ipsum
1857 3184 2354 3266 periculosum,
2388 3184 2863 3268 artificiosum,

291 3295 549 3356 malum
563 3291 1100 3374 praedicarunt;
1121 3311 1252 3356 nec
1265 3290 1669 3358 Germanici
1687 3291 2069 3359 Clementis
2080 3291 2238 3354 VII.
2260 3303 2649 3375 praecepto
2660 3295 2865 3358 obse-

290 3411 592 3480 quentes
603 3419 682 3462 se
698 3402 1182 3480 praebuerunt
1197 3417 1412 3480 quum
1424 3397 1766 3462 Pontifex
1784 3398 2007 3464 deillo
2024 3397 2377 3464 silentium
2389 3398 2647 3464 indixit
2656 3422 2673 3474 ;
2692 3401 2861 3482 quin

289 3508 426 3572 imo
447 3517 706 3589 aperte
755 3509 846 3570 de
879 3506 1260 3570 vaferrimo
1293 3505 1660 3570 Ecclesiae
1692 3508 1899 3570 hoste
1921 3506 2403 3575 conticescere
2426 3515 2883 3578 recusarunt..

463 3615 746 3678 Erasmi
833 3613 1162 3694 discipuli
1229 3612 1666 3681 infestissimi
1731 3613 1806 3679 in
1874 3614 2317 3679 Alcandrum
2400 3615 2757 3697 dialogos.
2792 3626 2864 3678 et

289 3722 556 3804 scripta
618 3722 840 3786 multa
887 3719 1299 3793 ediderant:
1361 3739 1610 3784 versus
1659 3719 1869 3784 etiam
1930 3719 2166 3786 domui
2230 3719 2557 3792 Caesaris
2614 3721 2863 3788 affixe-

289 3838 448 3892 rant
507 3827 772 3910 quibus
831 3825 1238 3908 pontificius
1296 3827 1594 3890 nuncius
1638 3828 2143 3908 appellabatur
2210 3830 2554 3893 bonarum
2603 3827 2861 3892 littera-

287 3955 438 4000 rum
513 3935 928 4015 transfuga,
1015 3934 1406 4000 aulicorum
1490 3943 1929 4014 assentator,
1994 3934 2421 4000 lubricorum
2502 3935 2862 4017 defensor,-

289 4042 638 4121 carnifex,
659 4051 1062 4104 sanctorum
1092 4041 1430 4104 librorum
1457 4051 1676 4104 ustor.
1715 4040 2001 4122 Ubique
2030 4041 2311 4122 plurimi
2337 4051 2541 4106 erant
2566 4041 2861 4108 Lutheri

290 4149 661 4231 discipuli,
737 4148 924 4212 inter
989 4148 1370 4230 religiosos
1439 4146 1632 4210 viros
1697 4147 1855 4212 fere
1933 4168 2197 4227 omnes,
2264 4159 2338 4212 et
2404 4148 2862 4230 ingratissimi

287 4257 554 4340 quique
615 4277 662 4318 a
721 4256 959 4320 Roma
1021 4255 1327 4338 promoti
1395 4255 1704 4320 omnium
1767 4255 2084 4336 pessimi;
2150 4275 2381 4336 neque
2446 4254 2495 4318 ii
2565 4256 2863 4322 scientia

293 4365 418 4428 sed
467 4363 640 4428 odio
703 4363 942 4446 potius
987 4362 1058 4426 in
1105 4363 1416 4428 Romam
1465 4364 1971 4443 movebantur,
2026 4381 2314 4426 causam
2357 4361 2521 4426 fidei
2564 4363 2863 4444 privatis

291 4471 672 4534 affectibus
717 4469 1318 4550 confundentes4).
1413 4469 1572 4532 Non
1640 4469 1708 4534 in
1772 4467 2159 4535 Germania
2220 4477 2493 4534 tantum
2541 4471 2667 4532 sed
2714 4470 2859 4534 Ro-

291 4598 444 4642 mae
483 4579 732 4642 hostes
760 4576 1020 4641 occulti
1043 4577 1419 4642 Romanae
1438 4575 1805 4642 Ecclesiae
1852 4574 2111 4656 iniquis
2141 4574 2411 4641 artibus
2443 4575 2861 4642 Pontificem

291 4687 832 4768 oppugnabant,
892 4693 964 4748 et
1009 4683 1354 4766 quidquid
1385 4695 1657 4748 secrete
1706 4683 1774 4746 in
1808 4681 2144 4746 Romana
2158 4679 2385 4746 -Curia
2410 4685 2758 4765 agebatur
2786 4681 2859 4748 in

437 4862 480 4930 ι)
519 4865 659 4914 Doc.
703 4871 802 4922 132
841 4861 938 4915 fol.
976 4861 1098 4922 306.
1137 4873 1261 4924 307.
1649 4859 1695 4927 ¹)
1729 4861 1869 4919 Doc,
1916 4859 2029 4924 146.
2068 4860 2163 4913 iol.
2200 4871 2322 4923 324.

431 4941 476 5012 ⁸)
517 4946 656 4994 Doc.
701 4954 818 5006 172.
856 4942 952 4996 fol.
989 4941 1112 5002 380.
1653 4939 1698 5010 ⁴)
1735 4943 1963 4993 Docum.
2008 4953 2088 4992 12.
2126 4941 2221 4995 fol.
2258 4953 2489 5001 31-33,
