3575 5775
1510 594 1625 648 0-{3
1702 597 1808 650 479
1887 595 2002 649 ΞΜ)

472 753 588 805 sat
617 743 765 806 scio
810 741 1022 806 fuerit
1055 743 1253 805 Tuae
1287 763 1470 805 nunc
1504 741 1888 806 Sanctitati
1920 743 2406 826 perscribere;
2439 744 2550 806 cui
2577 743 2900 806 nimirum
2929 743 3044 806 ob-

474 869 762 914 scurum
814 869 973 912 esse
1020 870 1163 912 non
1211 858 1452 931 potest
1499 852 1687 931 quod
1720 851 1833 913 vir
1877 850 1994 913 ille
2043 850 2658 932 pestilentissimus
2721 849 3048 933 pestilen-

472 957 763 1020 tissimis
810 957 955 1020 suis
1004 957 1361 1038 dogmatis
1409 957 1600 1038 apud
1648 978 1817 1020 suos
1864 957 2320 1040 promoverit.
2429 959 2531 1021 At
2595 977 2770 1020 vero
2839 977 3044 1038 quam

474 1073 551 1126 et
596 1065 789 1146 apud
837 1085 965 1128 nos
1006 1084 1287 1145 quoque
1320 1065 1809 1128 huiuscemodi
1859 1066 2230 1146 gangredo
2277 1065 2388 1128 his
2435 1065 2687 1130 diebus
2734 1065 3048 1147 irrepere

474 1180 737 1234 conata
782 1171 906 1252 sit,
969 1191 1321 1253 quamque
1388 1173 1634 1234 sedulo
1693 1172 1782 1235 sit
1843 1192 1886 1234 a
1935 1172 2142 1234 nobis
2188 1172 2358 1234 itum
2410 1172 2714 1253 obviam,
2763 1173 3048 1234 abunde

475 1299 571 1341 ex
617 1280 869 1342 horum
919 1280 1146 1342 latore
1196 1297 1612 1360 cognosceS,
1662 1278 1782 1360 qui
1831 1288 1903 1342 et
1948 1281 2103 1360 ipse
2151 1279 2254 1342 rei
2303 1289 2552 1362 gestae
2601 1278 2918 1341 interfuit
2965 1299 3048 1340 ac

474 1406 749 1448 summa
796 1405 953 1448 cum
1000 1385 1141 1448 fide
1190 1385 1385 1448 Tuae
1434 1385 1873 1449 Beatitudini
1921 1385 2187 1448 referet
2234 1406 2414 1467 quae
2465 1406 2593 1449 nos
2625 1387 2688 1449 ei
2725 1387 3047 1448 dedimus

472 1493 548 1555 in
596 1492 968 1556 mandatis.
1064 1492 1224 1555 Non
1272 1491 1485 1556 facile
1531 1494 1860 1574 profecto
1911 1493 2048 1556 dici
2099 1505 2315 1575 queat
2377 1515 2517 1575 quo
2581 1496 2868 1557 tandem
2928 1494 3042 1557 de·

474 1601 784 1663 mentiae
832 1599 1178 1682 pessimus
1227 1601 1481 1682 genius
1527 1602 1852 1682 perditos
1898 1602 2118 1663 hosce
2167 1602 2694 1684 seditiososque
2723 1601 3045 1664 homines

474 1709 827 1783 adegerit.
948 1707 1083 1788 Qui
1152 1729 1291 1772 non
1353 1708 1666 1773 contenti
1729 1709 2083 1789 sacrilega
2153 1730 2280 1770 sua
2351 1709 2676 1772 doctrina
2739 1718 2846 1772 tot
2909 1707 3044 1770 iam

474 1825 857 1896 tantasque
924 1814 1441 1878 Germanorum
1510 1817 1835 1879 nationes
1901 1815 2275 1895 imbuisse,
2339 1836 2523 1878 nunc
2592 1817 2881 1878 tandem
2953 1815 3045 1878 ad

476 1922 909 1986 christianae
978 1923 1417 2004 reipublicae
1494 1923 2081 2005 tranquillitatem
2148 1923 2434 2005 penitus
2487 1925 3049 2005 perturbandam

475 2050 677 2092 arma
724 2029 938 2092 etiam
986 2050 1242 2111 rapere
1290 2051 1433 2092 non
1482 2039 1852 2111 verentur,
1920 2029 2382 2093 insanissimis
2438 2030 2582 2093 suis
2630 2031 3048 2093 tumultibus

478 2157 684 2198 sacra
749 2137 1262 2218 prophanaque
1326 2136 1563 2200 omnia
1624 2136 2022 2200 miscentes
2130 2138 2558 2201 Pervaserat
2618 2137 2727 2199 his
2799 2137 3050 2200 diebus

478 2263 723 2305 eorum
771 2242 971 2305 furor
1019 2245 1108 2306 ad
1158 2263 1407 2324 agrum
1458 2265 1681 2326 usque
1732 2245 2086 2307 Alsatium
2121 2255 2407 2308 nostrae
2443 2242 2689 2306 ditioni
2719 2243 3047 2324 vicinum,

480 2370 625 2431 quo
672 2350 743 2413 in
792 2351 952 2413 loco
1003 2371 1212 2431 quarn
1263 2351 1500 2433 impia,
1549 2372 1757 2433 quam
1805 2351 2192 2434 flagitiosa,
2243 2372 2452 2432 quam
2499 2352 2886 2433 nephanda
2932 2352 3048 2413 ad-

480 2457 838 2520 misserint
886 2477 1024 2520 non
1060 2457 1263 2520 unius
1295 2459 1621 2540 profecto
1661 2459 1877 2522 fuerit
1909 2459 2286 2522 voluminis
2331 2459 2715 2540 explicare.
2794 2456 3052 2521 Sacras

484 2565 700 2627 aedes
730 2559 1064 2646 diripere,
1093 2565 1507 2628 clericorum
1549 2565 1940 2648 compilare
1985 2568 2253 2647 dom05,
2305 2567 2627 2628 divorum
2677 2565 3052 2628 simulacra

480 2653 895 2752 statuasque
924 2674 1373 2751 obtruncare,
1403 2673 1901 2754 comminuere,
1956 2693 2282 2754 exurere,
2330 2675 2595 2755 templa
2629 2674 2784 2755 ipsa
2824 2673 3048 2735 fundi·

480 2789 599 2840 tus
639 2786 983 2860 evertere,
1022 2780 1179 2842 Deo
1208 2779 1480 2842 dicatas
1514 2779 1832 2862 virgines
1867 2780 2010 2843 suis
2040 2783 2312 2863 pellere
2349 2780 2660 2861 sedibuS,
2699 2783 2788 2842 ad
2835 2780 3051 2860 impia

484 2907 610 2949 eas
636 2888 950 2968 adigere,
976 2890 1385 2951 sacerdotes
1414 2907 1494 2949 ac
1527 2887 2085 2951 coenobiarchas
2126 2888 2395 2951 indicta
2429 2908 2680 2950 caussa
2719 2897 3051 2966 mactare,

484 3014 576 3056 ne
599 2994 869 3075 abipsa
913 2995 1195 3076 quidem
1238 2992 1714 3057 Sacrosancta
1753 2995 2216 3085 Eucharistia,
2244 3014 2426 3076 quae
2454 2995 2744 3057 demore
2771 2994 3052 3075 templis

484 3100 825 3163 custodiri
852 3104 1053 3180 solet,
1080 3104 1465 3166 sceleratas
1493 3102 1854 3165 abstinere
1893 3123 2172 3171 manus:
2201 3102 2518 3164 breviter
2557 3101 2730 3164 nihil
2761 3120 3052 3182 prorsus

484 3227 730 3269 eorum
756 3228 896 3270 non
920 3207 1519 3272 confidentissime
1545 3220 1964 3291 perpetrare
1997 3230 2178 3291 quae
2221 3211 2311 3273 ad
2337 3208 2871 3272 factiosissimos
2894 3228 3026 3271 con

482 3314 1091 3395 iuratissimosque
1117 3315 1453 3379 siccarios
1470 3318 1849 3398 pertinent.
1901 3316 1983 3377 Id
2011 3313 2419 3402 quod2certe
2445 3336 2656 3397 quum
2685 3316 2785 3377 ita
2807 3318 2898 3377 ab
2916 3313 3054 3377 illis

482 3420 642 3483 fieri
714 3420 1144 3502 videremus,
1217 3431 1293 3484 ut
1363 3424 1751 3504 periculum
1818 3432 2006 3486 esset
2081 3444 2170 3486 ne
2235 3435 2306 3485 et
2361 3424 2430 3486 in
2479 3432 2724 3487 nostra
2769 3443 3052 3505 quoque

487 3528 757 3592 ditione
814 3527 952 3591 sibi
1023 3528 1259 3592 vicina
1304 3530 1677 3611 imperitae
1724 3530 2193 3593 multitudinis
2241 3530 2566 3593 incautos
2631 3531 2903 3594 animos
2952 3552 3048 3593 se-

488 3638 854 3715 ducerent,
904 3636 977 3697 id
1030 3636 1365 3699 videlicet
1413 3658 1499 3701 eo
1546 3636 1826 3700 facilius
1877 3658 2014 3719 quo
2063 3638 2399 3700 maiorem
2449 3638 2585 3719 ipsi
2632 3638 3056 3719 plebeculae

487 3742 897 3806 libertatem·
942 3753 1064 3805 aut
1111 3743 1472 3806 licentiam
1520 3744 1756 3807 verius
1806 3747 2342 3826 proponebant,
2411 3745 2739 3825 equidem
2788 3746 2856 3807 in
2907 3764 3051 3806 rem

488 3849 961 3913 Christianam
1009 3851 1359 3913 facturum
1409 3870 1521 3913 me
1592 3851 1872 3931 putavi,
1951 3851 2008 3913 si
2079 3852 2308 3933 primo
2381 3871 2663 3933 quoque
2733 3860 3052 3931 tempore

488 3958 705 4022 tantis
752 3968 1110 4021 tantorum
1168 3961 1510 4022 malorum
1581 3958 1797 4021 initiis
1866 3979 2332 4023 occurrerem.
2437 3960 2754 4022 Collecto
2815 3958 3052 4038 itaque

488 4066 829 4129 mediocri
880 4066 1163 4147 quidem
1214 4068 1334 4129 illa
1396 4068 1521 4129 sed
1585 4087 1727 4129 non
1790 4068 2312 4129 contemnenda
2366 4079 2600 4129 tamen
2655 4077 3050 4128 nostrorum

488 4173 787 4236 militum
820 4193 1051 4235 manu.
1102 4193 1243 4236 una
1286 4194 1440 4236 cum
1487 4173 1952 4237 auxiliaribus
2000 4174 2244 4259 copiis¹
2274 4194 2447 4255 quas
2489 4173 2822 4237 Claudius
2857 4172 3052 4236 Cam-

490 4280 749 4361 paniae
839 4301 1133 4362 praeses
1205 4302 1287 4344 ac
1364 4281 1769 4344 Ludovicus
1841 4280 2095 4343 Comes
2167 4280 2730 4345 Vaudemontius
2799 4280 3057 4342 fratres

492 4388 715 4451 nostri
740 4388 1211 4468 adduxerant,
1233 4394 1301 4451 in
1320 4410 1443 4451 eos
1474 4387 1709 4451 statim
1730 4388 2068 4468 impetum
2100 4387 2414 4468 fecimuS,
2439 4388 2762 4469 adeoque
2796 4386 3056 4451 nostris

492 4495 868 4558 conatibus
902 4495 1405 4577 sedulitatique
1438 4495 1757 4558 Christus
1786 4493 1967 4557 favit
1989 4504 2068 4557 ut
2095 4493 2279 4556 intra
2312 4494 2462 4558 dies
2511 4495 2820 4577 quinque
2870 4515 2909 4557 e
2941 4494 3054 4556 tri—

490 4606 624 4666 bus
656 4604 949 4685 praeliis
984 4603 1239 4684 quibus
1270 4624 1426 4665 curn
1460 4602 1633 4684 ipsis
1654 4601 2118 4679 confliximuS,
2147 4602 2441 4663 totidem
2461 4602 2905 4664 retulerimus
2921 4601 3056 4663 vic-

492 4710 729 4790 torias,
781 4709 1010 4773 caesis
1058 4711 1335 4773 illorum
1382 4710 1725 4793 tringinta
1751 4712 1913 4790 plus
1943 4708 2166 4771 minus
2195 4708 2526 4789 millibus,
2557 4710 2852 4772 totidem
2898 4729 3054 4790 pro·

495 4818 874 4899 pemodum
948 4817 1124 4880 fusis
1188 4817 1619 4900 fugatisque.
1739 4816 1942 4879 Nunc
2018 4816 2235 4897 igitur
2317 4828 2782 4898 posteaquam
2865 4817 3056 4879 bello

494 4925 627 4987 hoc
675 4925 836 4987 Deo
884 4923 1298 5006 adspirante
1354 4924 1661 4988 feliciter
1709 4924 2069 5005 confecto,
2129 4926 2464 4988 reducem
2523 4927 2744 4987 habet
2802 4922 3056 5005 patria,
