3575 5775
1736 617 2233 680 &emoch-o

707 791 1015 858 pergere
1080 775 1172 836 ad
1239 767 1680 836 sedationem
1752 771 2133 834 illiusmodi
2180 771 2491 854 plebium
2561 767 2762 834 salva
2828 766 3087 852 ubique
3151 779 3274 833 tua

707 899 777 945 et
826 882 1225 945 divinarum
1271 879 1613 963 imprimis
1660 881 1900 962 legum
1949 879 2299 960 dignitate
2346 877 2547 958 veliS,
2600 899 2682 941 ac
2721 899 2940 960 saepe
2989 899 3032 940 a
3061 879 3272 958 majo·

705 990 899 1052 ribus
956 989 1091 1051 tuis
1154 996 1566 1070 usurpatam
1636 988 2173 1049 conservandae
2241 986 2683 1049 auctoritatis
2751 986 3273 1050 ecclesiasticae

705 1095 1003 1176 gloriam
1074 1093 1505 1175 amplificare
1572 1094 1753 1157 sicut
1821 1103 1931 1156 est
1994 1093 2360 1176 proprium
2418 1093 2698 1156 virtutis
2765 1102 2835 1156 et
2883 1093 3274 1174 sapientiae

705 1212 890 1265 tuae.
986 1201 1135 1264 Nos
1199 1222 1382 1283 quae
1444 1201 1575 1263 tibi
1641 1200 1941 1282 polliciti
1992 1221 2230 1262 sumus
2295 1201 2612 1264 subsidia
2673 1211 2750 1263 ut
2812 1200 3274 1282 expediamus

706 1310 879 1372 nihil
930 1308 1557 1392 praetermittimus
1607 1308 2060 1389 diligentiae;
2135 1309 2259 1371 sed
2325 1319 2434 1371 est
2497 1309 2567 1371 in
2631 1309 2990 1388 exigendo
3041 1309 3274 1388 aliqua

705 1416 1087 1480 difficultas
1135 1436 1273 1497 que
1321 1425 1555 1478 tamen
1607 1435 1739 1478 nec
1786 1413 2000 1477 fidem
2043 1426 2355 1477 nostram
2405 1435 2538 1478 nec
2574 1435 2886 1478 amorem
2914 1425 3274 1478 moratura

703 1536 831 1586 est.
926 1523 1135 1605 Quod
1202 1524 1414 1586 etiam
1482 1543 1575 1586 ex
1624 1521 1743 1585 dil.
1813 1521 1879 1586 fi.
1929 1523 2146 1585 Petro
2197 1521 2624 1586 Salamanca
2691 1523 2914 1586 actori
2978 1522 3093 1584 hic
3151 1533 3272 1584 tuo

706 1631 1110 1710 intelligere
1160 1630 1453 1713 poteris,

890 1739 1144 1801 Datum
1193 1737 1477 1800 Romae
1525 1747 1658 1799 ete.

885 1845 1018 1908 Die
1070 1845 1181 1906 XI
1228 1843 1393 1924 Julii
1443 1843 1823 1906 MDXXV
1875 1845 2088 1907 Anno
2140 1846 2474 1908 secundo,

1812 2095 1992 2106 ’.ΓΛ”,.“·“’,
2045 2095 2075 2106 *d
2109 2101 2118 2106 .
2142 2095 2200 2106 ‘vu

1915 2398 2067 2464 232.

1304 2525 1533 2627 Episo.
1593 2524 2060 2605 Tridentinus
2117 2525 2462 2605 Clementi
2518 2523 2674 2605 VII.

1564 2671 1737 2746 Epist..
1774 2673 1950 2746 princ.
1985 2673 2090 2731 111.
2127 2671 2258 2746 fogl-
2294 2671 2409 2732 19³.

1748 2795 1857 2858 (16.
1898 2794 2032 2859 Julii
2075 2797 2250 2860 1525.)

890 2921 1311 2983 Beatissime
1364 2920 1578 2983 Pater
1628 2931 1698 2982 et
1746 2920 2049 2983 Domine
2100 2919 2614 2983 Colendissime
2675 2932 2838 3001 post
2903 2924 3270 2983 beatorum

710 3032 971 3110 pedum
1048 3030 1291 3091 oscula
1356 3029 1816 3091 humillimam
1879 3028 2562 3091 commendationem
2628 3038 2700 3089 et
2777 3027 3138 3090 servitutis
3197 3047 3272 3088 ac

712 3135 1211 3216 obsequiorum
1266 3155 1578 3199 meorum
1629 3136 2087 3199 oblationem.
2182 3136 2528 3198 Hortatur
2563 3156 2671 3196 me
2701 3134 2845 3197 suis
2894 3135 2983 3197 de
3032 3134 3272 3215 quinta

709 3242 911 3305 huius
947 3240 1302 3305 Sanctitas
1330 3243 1591 3305 Vestra
1638 3252 1713 3305 ut
1763 3264 1972 3323 quam
2021 3243 2346 3321 antehae,
2395 3262 2688 3324 operam
2737 3251 2810 3304 et
2840 3241 3274 3323 diligentiam

710 3348 967 3412 navavi
1016 3370 1145 3431 pro
1195 3360 1381 3411 statu
1432 3360 1502 3411 et
1548 3350 1822 3413 honore
1874 3348 2142 3412 ordinis
2191 3348 2656 3411 sacerdotalis
2705 3351 2797 3411 ab
2863 3369 2950 3411 ea
2999 3369 3090 3410 ne
3139 3368 3272 3410 ces-

714 3477 894 3531 sem;
944 3458 1079 3519 hoc
1129 3470 1363 3519 autem
1413 3455 1698 3519 tametsi
1744 3475 1878 3536 pro
1927 3454 2113 3518 virili
2161 3476 2320 3518 mea
2369 3455 2754 3537 diligenter
2803 3454 3044 3517 curavi
3117 3474 3273 3536 quo·

712 3563 857 3625 cies
903 3563 1124 3643 potui,
1175 3577 1244 3627 et
1290 3564 1571 3627 occasio
1604 3562 1770 3625 mihi
1805 3562 1936 3625 fuit
1966 3564 2245 3643 oblata,
2294 3562 2482 3625 idem
2533 3561 2605 3624 in
2661 3576 3022 3643 posterum
3055 3560 3276 3643 magis

716 3678 929 3750 atque
978 3669 1205 3750 magis
1254 3690 1501 3733 curare
1552 3672 2000 3747 contendam,
2054 3690 2194 3732 non
2244 3670 2468 3733 solum
2510 3669 2701 3750 quod
2749 3670 2818 3731 in
2869 3690 2954 3731 eo
3002 3669 3274 3731 videam

718 3774 835 3857 agi
908 3776 998 3838 de
1080 3776 1430 3838 communi
1498 3776 1864 3840 Ecclesiae
1930 3785 2118 3839 statu
2181 3778 2533 3839 servando
2601 3776 2964 3856 incolumi,
3035 3794 3276 3839 verum

716 3883 924 3945 etiam
977 3884 1169 3965 quod
1215 3883 1286 3945 id
1314 3884 1621 3947 Vestrae
1654 3884 2091 3947 Beatitudini
2139 3884 2618 3967 gratissimum
2665 3904 2822 3947 esse
2853 3902 3275 3967 cognoscam

711 3991 911 4054 cuius
957 3991 1164 4072 votiS,
1214 4002 1291 4053 ut
1337 4012 1468 4073 par
1518 4006 1645 4071 est,
1695 3990 2144 4055 tenacissime
2191 4012 2474 4074 semper
2503 3991 2672 4054 mihi
2705 3991 3274 4055 satisfaciendum

718 4118 875 4160 esse
907 4098 1259 4163 constitui.
1322 4097 1497 4160 Mihi
1547 4109 1784 4162 autem
1833 4098 2126 4181 gloriari
2175 4119 2316 4161 non
2365 4098 2552 4179 licet,
2601 4098 2659 4161 si
2709 4098 2874 4180 quid
2924 4118 3054 4181 per
3093 4100 3272 4178 elap-

712 4225 865 4268 sum
914 4206 1028 4269 vel
1077 4206 1344 4268 laboris
1392 4205 1679 4287 sumpsi,
1728 4207 1846 4269 vel
1889 4205 2303 4286 diligentiae
2336 4226 2477 4269 non
2509 4205 2975 4287 praetermisi,
3023 4205 3096 4268 in
3146 4207 3272 4267 hoc

712 4309 869 4393 ipso
917 4312 1243 4395 negoci0‚
1294 4313 1475 4376 sicut
1506 4316 1597 4375 ab
1644 4312 1846 4375 initio
1895 4333 2175 4395 asper0‚
2222 4313 2321 4375 ita
2368 4312 2508 4377 iam
2554 4313 2920 4395 aliquanto
2966 4310 3273 4389 remiSSO,

714 4428 791 4480 ut
839 4419 1140 4483 debeam
1188 4440 1300 4483 me
1349 4440 1435 4484 eo
1483 4420 1623 4484 loci
1670 4420 1980 4503 positum
2028 4441 2208 4503 esse,
2253 4420 2378 4483 ubi
2425 4441 2568 4484 non
2631 4432 2776 4484 tam
2837 4421 2928 4483 de
2991 4440 3150 4483 mea
3201 4438 3274 4481 re

712 4536 1067 4607 ageretur,
1122 4547 1363 4591 verum
1409 4527 1622 4591 etiam
1670 4528 1858 4591 unde
1905 4529 2165 4591 malum
2222 4530 2358 4591 hoc
2429 4528 2646 4611 longe
2693 4528 2979 4609 lateque
3028 4538 3272 4610 patere

716 4643 787 4695 et
834 4652 1237 4716 pei-vagare
1292 4635 1677 4717 potuisset,
1742 4634 1879 4697 nisi
1935 4654 2014 4697 se
2061 4634 2220 4718 quis
2265 4634 2599 4717 pincipiis
2647 4634 2922 4698 obicem
2959 4632 3270 4698 fecisset:

715 4759 848 4802 nec
895 4740 1059 4803 ideo
1123 4740 1350 4803 minus
1411 4742 1838 4824 provintiam
1902 4740 2259 4805 duriorem
2325 4762 2484 4806 esse
2544 4742 2820 4824 putavi,
2893 4743 3084 4825 quod
3141 4742 3268 4803 iam

720 4857 931 4910 antea
980 4848 1393 4931 exhaustuS,
1442 4859 1513 4911 et
1560 4848 1878 4911 nonnihil
1929 4858 2271 4931 gravatus
2320 4871 2569 4931 essem,
2617 4850 2855 4913 omnia
2886 4850 3076 4914 levia
3121 4866 3268 4911 esse

724 4952 918 5037 duxi,
968 4952 1029 5017 si
1076 4955 1288 5017 modo
1339 4956 1802 5051 consulerem,
1852 4964 1924 5017 et
1969 4956 2126 5038 ipse
2173 4978 2307 5045 pro
2341 4956 2527 5021 virili
2561 4956 2914 5021 iuvassem
2947 4956 3269 5022 tumultus
