3575 5775
1715 538 1831 590 0⁴33
1911 538 1981 592 58
2059 534 2175 589 Cp«)

661 689 800 764 quo
847 683 1007 745 libri
1056 685 1408 747 lutherani
1460 684 1692 747 multis
1741 685 1811 746 in
1860 683 2035 746 locis
2085 693 2247 745 sunt
2296 682 2665 745 combusti.
2736 683 2945 744 Unde
2990 683 3061 745 in
3097 703 3226 745 nos

659 799 933 852 tantum
983 800 1090 854 est
1139 790 1282 854 odii
1349 793 1776 855 concitatum
1844 813 1887 855 a
1950 791 2327 856 Germanis
2392 790 2550 870 tuis,
2610 801 2683 851 ut
2742 809 2881 852 non
2950 793 3225 871 absque

661 916 922 978 magno
988 898 1305 980 periculo
1369 899 1478 961 his
1541 899 1612 961 in
1673 900 1851 962 locis
1917 900 2203 980 degam;
2278 898 2547 960 obsisto
2598 907 2835 960 tamen
2884 908 3225 978 quantum

659 1025 982 1085 possum,
1051 1005 1260 1068 unica
1321 1015 1590 1068 tanturn
1641 1007 2069 1070 christianae
2118 1004 2406 1088 pietatis
2456 1014 2529 1067 et
2573 1003 2938 1086 religionis
2987 1025 3222 1082 causa,

661 1131 890 1192 neque
962 1114 1105 1174 ulla
1175 1133 1325 1174 sum
1398 1113 1807 1175 discrimina
1878 1123 1999 1175 aut
2075 1113 2289 1176 etiam
2366 1121 2628 1174 mortes
2699 1111 3222 1173 formidaturus.

661 1217 992 1297 Quotidie
1057 1239 1240 1281 nova
1307 1219 1421 1281 hic
1483 1222 1736 1300 pluunt
1803 1219 2093 1282 Lutheri
2167 1219 2635 1282 deliramenta
2708 1227 2779 1279 et
2848 1220 3223 1279 multorum

659 1325 951 1387 aliorum
1021 1345 1330 1403 venena,
1399 1326 1558 1388 libri
1626 1337 2006 1409 praeterea
2054 1327 2308 1389 famosi
2359 1335 2429 1388 et
2478 1326 2547 1387 in
2598 1346 2709 1387 me
2758 1324 3221 1406 potissimum,

658 1430 912 1512 quibus
971 1441 1240 1494 tantum
1311 1437 1512 1496 abest
1575 1444 1651 1497 ut
1715 1455 2008 1497 movear
2054 1446 2129 1496 ut
2176 1433 2483 1515 pessime
2534 1453 2806 1495 mecum
2855 1441 3085 1494 actum
3136 1431 3221 1494 iri

657 1558 1084 1620 cognoscam
1133 1539 1192 1602 si
1240 1543 1331 1602 ab
1380 1540 1865 1603 huiuscemodi
1914 1540 2380 1622 scriptoribus
2428 1541 2791 1612 laudarer;
2844 1539 3023 1601 adeo
3059 1551 3224 1600 sunt

658 1646 891 1709 omnia
957 1647 1170 1728 plena
1231 1648 1756 1710 mendaciorum
1808 1658 1878 1710 et
1926 1647 2431 1730 frigidissimae
2480 1647 2871 1710 calumniae
2921 1666 3061 1728 qua
3110 1667 3223 1708 me

655 1753 1004 1832 Judaeum
1067 1765 1188 1816 aut
1248 1775 1497 1817 recens
1562 1757 1780 1818 lotum
1834 1765 2132 1834 vocant,
2200 1755 2401 1834 quasi
2450 1755 2820 1835 ignoretur
2869 1753 3103 1834 patria
3153 1763 3225 1814 et

653 1871 991 1944 parentes
1037 1862 1207 1942 mei,
1273 1862 1428 1942 qui,
1480 1883 1574 1925 ex
1619 1862 2155 1925 Marchionibus
2205 1861 2487 1924 Pilosae
2536 1873 2784 1942 petrae
2832 1861 2901 1922 in
2952 1859 3225 1922 Histria

656 1977 728 2031 et
775 1969 1148 2032 comitibus
1197 1969 1505 2032 Leandri
1555 1969 1927 2047 oriunduS,
1990 1981 2109 2031 aut
2158 1969 2447 2032 fuissem
2498 1988 2637 2049 ego
2683 1969 2751 2030 in
2804 1967 3223 2031 canonicum

657 2076 1121 2138 Leodiensem
1171 2085 1504 2158 receptus
1551 2081 1859 2158 probata
1907 2077 2117 2139 etiam
2168 2076 2785 2139 examinatissimis
2833 2087 2905 2138 et
2950 2075 3223 2138 iuratis-

657 2183 848 2245 simis
912 2183 1213 2246 testibus
1275 2205 1314 2246 e
1377 2192 1680 2265 quatuor
1745 2181 2115 2265 Capitibus
2182 2183 2583 2259 nobilitate,
2652 2183 2709 2245 si
2776 2185 3225 2264 neophaetus

658 2311 904 2352 essem.
1015 2290 1201 2352 Vide
1265 2290 1624 2354 hominum
1687 2290 2453 2372 impudentissimorum
2522 2289 2963 2371 ineptissima
3035 2308 3221 2351 com·

656 2412 914 2460 menta.
992 2397 1282 2478 Alioqui
1315 2419 1424 2460 me
1465 2399 1760 2460 laudant
1807 2418 1850 2460 a
1895 2398 2297 2480 linguarum
2349 2397 2576 2480 copia,
2627 2397 2986 2460 literarum
3022 2379 3223 2459 varia

658 2505 1055 2566 eruditione
1105 2504 1218 2567 isti
1270 2515 1724 2568 accusatores
1771 2504 1930 2586 mei,
1986 2525 2125 2586 qua
2173 2505 2613 2587 potissimum
2662 2514 2865 2586 parte
2914 2525 3023 2567 me
3073 2524 3219 2565 car-

655 2631 827 2693 pere
895 2621 1247 2694 poterant.
1356 2612 1511 2691 Jam
1573 2631 1746 2674 vero
1812 2614 1901 2674 de
1966 2612 2393 2674 carminibus
2440 2612 2609 2693 quid
2659 2613 2898 2675 dicas?
2990 2611 3222 2692 Quale

655 2720 756 2783 sic
803 2719 978 2782 illud
1011 2720 1450 2783 Callinoeum
1499 2730 1572 2782 et
1619 2740 1826 2782 ovem
1876 2719 2213 2782 simulans
2259 2719 2535 2782 hostica
2585 2729 2839 2782 cuncta
2870 2729 3097 2800 parat,
3146 2718 3218 2780 in

656 2813 851 2891 'cuius
913 2826 1148 2908 capite
1213 2829 1350 2889 duo
1415 2829 1670 2891 desunt
1735 2839 2080 2910 tempora.
2178 2827 2267 2890 Et
2315 2829 2614 2891 alterum
2676 2826 2913 2890 exurit
2978 2825 3217 2906 libros,

653 2935 881 3016 magis
931 2936 1338 3005 exurendus
1385 2946 1460 2999 at
1505 2935 1679 3018 ipse.
1746 2936 1847 2997 At
1892 2936 2245 3017 particula
2292 2937 2539 3016 pulcre
2592 2934 2877 2997 refersit
2909 2934 3219 2997 hiulcum

654 3062 959 3105 carmen.

867 3149 972 3211 En
1024 3150 1171 3229 tibi,
1212 3151 1379 3213 Ecci
1429 3150 1864 3228 suavissime,
1916 3150 2049 3212 mei
2102 3154 2652 3221 obtrectatores:
2705 3170 2791 3211 en
2842 3148 2944 3210 tui
2992 3142 3220 3209 ἅλων-

653 3252 1075 3335 ὅρομάστιγες
1141 3269 1389 3319 contra
1449 3278 1627 3339 quos
1693 3258 1858 3343 (nisi
1920 3257 2253 3320 fortiores
2314 3256 2629 3335 veniant)
2696 3254 2825 3317 etsi
2876 3275 3016 3317 non
3066 3274 3219 3317 sum

653 3383 848 3425 arma
909 3374 1314 3444 sumpturus
1369 3384 1580 3445 quam
1629 3364 1698 3426 in
1747 3364 2150 3427 anniculum
2199 3362 2541 3425 infantem
2593 3361 2796 3425 fortis
2845 3360 3098 3443 aliquis
3148 3371 3221 3423 et

654 3480 964 3532 armatus
1027 3470 1261 3548 miles,
1329 3490 1468 3534 non
1533 3482 1767 3535 tamen
1834 3492 2113 3553 sperem
2180 3493 2289 3533 me
2354 3470 2690 3533 cohibere
2754 3488 2967 3550 posse
3021 3490 3219 3532 meos

652 3596 913 3639 vernas
962 3576 1126 3657 quin
1181 3580 1618 3659 respondant
1659 3588 1730 3641 et
1764 3580 2246 3660 hujuscemodi
2282 3578 2658 3659 mancipia,
2710 3577 2965 3658 quibus
2997 3576 3221 3657 digna

653 3694 816 3745 sunt
880 3682 1125 3765 flagris
1189 3684 1601 3750 inscribant.
1699 3684 1846 3749 Sed
1911 3688 1999 3749 de
2062 3687 2172 3749 his
2236 3685 2444 3767 nugis
2496 3688 2657 3766 plus
2706 3685 2892 3748 satis.
2988 3682 3218 3764 Nune,

651 3792 744 3854 mi
793 3791 981 3871 Ecci,
1029 3792 1194 3872 quia
1243 3793 1423 3855 scire
1473 3793 1692 3876 cupis,
1743 3794 1914 3875 quid
1963 3793 2076 3856 hic
2124 3804 2399 3873 agatur,
2458 3793 2640 3855 scias
2690 3791 2899 3853 velim
2948 3801 3217 3853 tantam

650 3900 764 3961 hic
829 3920 984 3962 esse
1049 3900 1327 3980 copiam
1381 3900 1941 3963 Lutheranorum
2008 3910 2083 3961 ut
2144 3920 2282 3961 non
2331 3900 2655 3962 homines
2705 3900 2913 3961 modo
2972 3918 3220 3960 omnes

651 4007 778 4068 sed
842 4017 912 4069 et
974 4006 1252 4087 lapides
1313 4015 1384 4069 et
1445 4006 1639 4088 ligna
1709 4008 2091 4070 Lutherum
2155 4008 2481 4068 clament.
2592 4006 2841 4086 Neque
2905 4006 2995 4066 de
3056 4024 3217 4086 pro-

651 4116 906 4195 phanis
955 4116 1240 4196 mirum,
1309 4134 1520 4196 quum
1573 4116 1985 4177 sacerdotes
2034 4113 2167 4195 ipsi
2214 4113 2353 4175 sint
2403 4113 2471 4174 in
2524 4115 2656 4175 hac
2706 4112 2859 4174 acie
2910 4110 3219 4194 primipi-

652 4224 863 4300 lareS,
916 4242 1054 4285 non
1107 4234 1279 4303 tarn,
1329 4231 1405 4283 ut
1455 4222 1768 4283 Luthero
1834 4221 2127 4283 foveant
2178 4220 2672 4300 (perniciosum
2734 4221 2865 4281 hoc
2914 4217 3221 4280 hominis

653 4328 1068 4415 monstrum)
1117 4350 1328 4411 quam
1378 4340 1454 4391 ut
1501 4349 1632 4410 per
1667 4326 2050 4390 Lutherum
2100 4328 2441 4409 quidquid
2491 4326 2751 4391 veneni
2802 4326 2919 4387 diu
2971 4344 3215 4387 conce-

652 4448 910 4519 perunt
975 4437 1044 4501 in
1109 4438 1380 4501 Urbem
1435 4436 1742 4501 Romam
1812 4445 1885 4498 et
1950 4436 2394 4513 sacerdoteS,
2464 4433 2535 4495 id
2599 4453 2781 4495 nunc
2848 4431 3220 4495 effundant

651 4554 844 4607 tanta
895 4545 1222 4624 vesania,
1291 4557 1367 4607 ut
1428 4544 1562 4607 nisi
1612 4544 1877 4607 Caesar
1939 4543 2243 4605 omnium
2306 4540 2704 4604 mortalium
2772 4539 3079 4622 optimus
3148 4550 3220 4601 et

651 4650 1224 4733 religiosissimus
1273 4656 1530 4731 obstet,
1580 4652 2049 4715 miserandam
2100 4649 2315 4712 visuri
2349 4670 2586 4712 sumus
2620 4647 2689 4709 in
2726 4646 3046 4729 Ecclesia
3080 4648 3219 4709 Dei

651 4760 1161 4837 calamitatem,
1233 4761 1359 4821 sed
1431 4780 1588 4822 cum
1661 4778 1922 4838 magno
1992 4765 2062 4820 et
2128 4756 2353 4837 primo
2422 4756 2939 4845 Germanorum
3008 4756 3217 4817 ma10.

654 4868 1094 4929 Decreverat
1141 4885 1369 4947 nuper
1399 4867 1664 4930 Caesar
1712 4864 2117 4946 imperiales
2167 4863 2359 4924 diras
2406 4863 2475 4925 in
2510 4862 2899 4925 Lutherum
2947 4872 3018 4923 et
3068 4862 3219 4924 eius
