3575 5775
1379 558 1495 622 ΜΒ
1573 558 1696 625 823
1757 554 1875 623 εκ

336 732 522 775 nunc
573 712 1094 797 laborantibus,
1139 721 1442 796 paterne
1487 713 1905 798 prospicere
1939 722 2256 795 conatur,
2306 735 2447 778 non
2476 706 2760 799 vulgari
2792 725 2907 779 me

339 818 582 883 affecit
629 821 922 903 gaudiO.
1013 821 1172 903 Ego
1221 819 1570 904 siquidem
1617 822 1736 903 qui
1785 822 1873 886 V.
1922 823 2006 887 Β.
2057 831 2129 885 et
2180 820 2491 886 Sanctae
2540 822 2907 886 Ecclesiae

337 926 724 991 Romanae
771 950 883 992 me
931 929 1166 993 omnia
1215 929 1482 993 debere
1529 948 1887 1011 agnosco,
1938 947 2145 993 omne
2192 928 2538 1011 studium,
2603 930 2911 1013 laboreS,

337 1035 770 1116 voluntateS,
822 1034 1131 1117 denique
1177 1056 1291 1100 me
1337 1035 1566 1118 ipsum
1599 1046 1827 1100 totum
1874 1037 1967 1101 ad
2002 1037 2135 1099 hoc
2165 1044 2485 1099 sanctum
2518 1036 2911 1100 institutum

337 1140 652 1207 Vestrae
699 1142 1138 1208 Beatitudini
1183 1142 1552 1226 polliceor,
1602 1154 1818 1224 atque
1855 1164 1987 1225 pro
2021 1144 2379 1217 servanda
2425 1142 2911 1208 incolumitate

337 1257 410 1311 et
457 1251 738 1315 honore
785 1249 974 1315 illius
1016 1249 1325 1313 fideliter
1371 1253 1732 1333 prestabO.
1830 1249 2061 1331 Quum
2110 1260 2345 1313 autem
2394 1269 2533 1332 ego
2593 1250 2737 1314 iam
2792 1251 2911 1315 ali-

337 1356 660 1437 quandiu
716 1357 924 1439 gravi
983 1356 1305 1441 corporis
1367 1366 1440 1420 et
1500 1358 1808 1421 adversa
1870 1357 2282 1421 valetudine
2340 1357 2665 1422 laboravi
2730 1359 2912 1421 adeo

339 1465 534 1545 quod
589 1464 802 1527 etiam
849 1463 920 1527 in
965 1464 1286 1547 periculo
1335 1465 1579 1529 mortis
1626 1465 1919 1547 fuerim,
1983 1465 2119 1528 Dei
2176 1474 2414 1529 tamen
2482 1464 2728 1548 optimi
2777 1486 2913 1529 ma-

339 1570 516 1634 ximi
565 1570 818 1635 favore
865 1571 1384 1655 aliquantisper
1442 1569 1750 1635 Sanitati
1797 1571 2199 1654 restitutuS,
2262 1572 2362 1635 ita
2426 1580 2663 1637 tamen
2726 1576 2914 1655 quod

341 1680 621 1761 absque
669 1698 939 1743 summo
986 1679 1305 1762 periculo
1336 1699 1447 1742 me
1481 1679 1849 1743 laboribus
1887 1678 2217 1743 itinerum
2265 1699 2451 1742 nunc
2501 1679 2914 1743 submittere

342 1804 484 1847 non
535 1805 862 1867 possum,
909 1806 1132 1871 quare
1179 1786 1342 1850 huic
1388 1786 1793 1870 principum
1840 1785 2224 1850 conventui
2282 1786 2715 1851 intervenire
2771 1785 2916 1849 ine-

343 1891 626 1955 vitabili
674 1895 980 1976 quadam
1028 1894 1456 1958 necessitate
1503 1894 1764 1958 invitus
1797 1893 2158 1967 detine0r;
2208 1903 2519 1958 attamen
2555 1894 2745 1975 quod
2780 1892 2916 1956 mei

345 1998 658 2063 muneris
707 1998 840 2063 erit
887 2020 1027 2082 ego
1076 2022 1208 2085 per
1253 2009 1574 2065 oratores
1620 2021 1705 2064 ac
1740 1999 2033 2064 nuncios
2082 2020 2277 2064 meos
2311 2019 2491 2083 quos
2522 2020 2707 2063 nunc
2756 2020 2915 2064 meo

343 2105 635 2170 nomine
691 2108 783 2169 ad
830 2109 1018 2171 hunc
1068 2117 1496 2173 conventum
1545 2108 2054 2191 delegaverim,
2102 2126 2235 2190 pro
2284 2108 2557 2171 honore
2598 2106 2687 2170 V.
2736 2107 2913 2170 Bea-

349 2212 677 2277 titudinis
725 2234 809 2278 ac
858 2214 1116 2298 Legati
1165 2214 1354 2278 illius
1402 2214 1594 2297 apud
1663 2215 1842 2278 alios
1898 2214 2255 2297 principes
2314 2212 2622 2278 fideliter
2682 2232 2913 2296 agam,

347 2329 425 2383 ut
469 2320 594 2384 ille
643 2320 882 2404 dignis
929 2320 1356 2404 suscipiatur
1401 2321 1793 2385 honoribus
1815 2370 1834 2403 ,
1881 2320 2337 2405 benigneque
2387 2329 2753 2401 tractetur,
2802 2340 2915 2385 ne-

350 2427 762 2511 gotiumque
811 2430 945 2491 hoc
995 2437 1314 2492 sanctum
1360 2427 1857 2492 favorabiliter
1904 2437 2443 2511 promoveatur,
2509 2448 2721 2510 quem
2778 2448 2917 2511 ego

350 2535 772 2619 iampridem
822 2545 892 2600 et
949 2536 1118 2599 novi
1180 2545 1254 2599 et
1315 2556 1474 2599 cum
1535 2544 1835 2620 propter
1896 2555 2303 2601 communes
2368 2536 2711 2619 honores,
2772 2544 2917 2599 tum

352 2651 648 2726 propter
698 2642 995 2708 eximias
1041 2643 1230 2707 illius
1277 2642 1579 2707 virtutes
1625 2664 1708 2707 ac
1757 2642 2229 2707 eruditionem
2293 2664 2387 2706 ex
2446 2643 2682 2707 animo
2738 2662 2915 2705 sum-

349 2750 479 2815 mis
526 2770 928 2833 prosequor
974 2749 1363 2815 favoribuS.
1459 2748 1699 2832 Quare
1749 2750 2015 2814 Vestra
2062 2749 2423 2815 Sanctitas
2469 2749 2605 2814 sibi
2668 2751 2758 2812 de
2806 2768 2919 2813 me

355 2868 549 2923 certo
597 2858 1029 2942 persuadeat
1075 2860 1267 2942 quod
1313 2860 1446 2922 hac
1493 2857 1564 2921 in
1612 2878 1691 2922 re
1739 2877 2182 2942 quacumque
2251 2857 2391 2922 alia
2454 2877 2638 2940 quae
2685 2857 2777 2920 ad
2828 2856 2917 2922 V.

355 2965 828 3030 Beatitudinis
875 2987 956 3030 ac
1025 2964 1334 3030 Sanctae
1397 2964 1610 3029 Sedis
1667 2966 2133 3048 Apostolicae
2199 2967 2544 3028 honorem
2607 2972 2679 3026 et
2739 2963 2917 3027 utili·

356 3081 572 3137 tatem
620 3082 949 3156 spectare
997 3072 1281 3156 poterit,
1332 3094 1419 3137 ea
1462 3071 1772 3136 fideliter
1818 3092 2031 3156 agam
2079 3093 2263 3154 quae
2303 3070 2921 3135 obedientissimus

357 3178 538 3244 filius
586 3189 660 3245 et
705 3200 924 3263 agere
973 3189 1045 3245 et
1091 3188 1415 3264 prestare
1463 3181 1580 3244 vel
1628 3179 1858 3262 possit
1904 3180 2019 3244 vel
2070 3180 2349 3272 debeat.
2444 3177 2572 3242 Cui
2634 3198 2744 3241 me
2800 3181 2919 3242 hu-

359 3287 614 3352 militer
662 3289 1100 3352 commendo,
1198 3289 1459 3351 Datum
1507 3287 1740 3351 Hallis
1789 3307 1881 3350 ex
1929 3288 2120 3350 Arce
2170 3285 2316 3349 divi
2377 3285 2740 3367 Mauricii,
2808 3285 2921 3348 die

363 3392 656 3459 Sabathi
729 3395 1070 3459 vicesima
1133 3395 1398 3459 mensis
1443 3395 1847 3476 Februarii,
1908 3413 2097 3457 anno
2144 3393 2432 3458 Domini
2480 3391 2923 3456 MDXXIV.

865 3941 1183 4022 Clemens
1237 3939 1400 4020 VII.
1460 3822 1831 4020 Galigibnali
1884 3937 2419 4041 salzburgensi.

1284 4087 1468 4162 (Brev.
1503 4087 1547 4146 1.
1585 4086 1699 4148 19³.
1737 4085 1831 4146 fol.
1865 4087 2007 4161 468.)

1353 4209 1483 4275 ·(25.
1524 4208 1682 4258 Febr.
1729 4207 1904 4276 1524.)

535 4353 820 4417 Dilecte
849 4352 969 4436 fili,
1003 4353 1304 4416 salutem
1337 4362 1469 4415 ete.
1551 4349 1891 4434 Quamvis
1925 4347 2480 4432 Circumspectio
2510 4357 2653 4429 tua,
2702 4355 2778 4410 ut
2818 4365 2924 4410 ac-

373 4463 714 4544 cepimuS,
761 4463 856 4523 ad
901 4460 1054 4524 Nos
1115 4469 1187 4524 et
1247 4459 1654 4522 Romanam
1715 4456 2025 4538 Curiam,
2076 4466 2152 4519 ut
2196 4475 2331 4538 par
2378 4464 2521 4536 est,
2582 4475 2659 4518 se
2706 4465 2925 4517 trans-

369 4568 571 4652 ferre,
621 4578 694 4631 et
739 4568 814 4631 in
862 4588 949 4631 ea
995 4567 1314 4631 residere
1362 4565 1837 4637 desideraret:
1888 4571 2203 4626 attamen
2252 4563 2805 4645 subpullulante,
2856 4571 2928 4624 et

370 4675 570 4740 latius
617 4677 688 4741 in
740 4675 893 4739 dies
941 4683 1275 4758 serpente
1338 4673 1411 4736 in
1458 4671 1781 4755 partibus
1838 4669 2267 4735 Germaniae
2328 4669 2731 4754 perniciosa
2795 4669 2926 4732 Lu-

371 4783 662 4847 therana
705 4782 1022 4864 haeresi,
1070 4793 1148 4846 ut
1193 4781 1287 4847 ad
1333 4799 1676 4863 praesens
1723 4778 1881 4842 istic
1944 4786 2362 4860 permaneat
2423 4776 2651 4858 magis
2715 4795 2926 4858 expe·

377 4889 566 4954 diens
611 4889 770 4953 fore
832 4909 1224 4954 censemuS.
1339 4885 1705 4970 Siquidem
1773 4884 2342 4968 consideramus,
2408 4885 2599 4968 quod
2664 4883 2735 4946 in
2796 4883 2929 4964 his,

2502 4989 2611 5048 21*
