3575 5775
1623 564 1741 619 0-<3
1824 565 1926 618 110
2004 561 2119 617 {³²0

582 735 720 796 que
769 733 968 776 suam
1023 729 1422 794 agnoscere
1481 711 1738 791 vellet,
1802 709 1841 772 a
1904 709 2113 772 nobis
2174 720 2475 792 paterna
2541 711 2897 776 charitate
2960 714 3153 776 obla-

583 831 729 884 tam
791 819 1080 902 penitus
1143 817 1588 901 neglexerit,
1652 828 1728 879 et
1793 819 1885 880 ad
1951 837 2081 880 nos
2145 817 2357 881 etiam
2406 822 2537 882 sub
2586 821 3155 906 salvoconductu

585 927 898 1010 benigne
925 935 1242 1007 vocatuS,
1293 934 1365 987 et
1410 924 1752 988 invitatus
1783 923 2031 988 venire
2079 925 2367 989 omnino
2416 934 2881 1008 recusaverit,
2932 949 3153 991 suam·

585 1055 723 1116 que
789 1035 860 1098 in
927 1055 1058 1098 nos
1123 1030 1696 1096 maledicentiam
1763 1053 1846 1094 ac
1914 1033 2245 1095 heresum
2315 1033 2781 1114 pertinaciam
2842 1035 3154 1098 auxerit:

586 1141 794 1223 Quod
851 1162 1026 1205 vero
1087 1139 1453 1222 subiungit
1513 1139 1778 1202 frustra
1824 1139 2023 1220 pacis
2072 1140 2519 1204 conditiones
2574 1161 3019 1224 proponere,
3080 1142 3157 1204 id

583 1271 728 1312 non
775 1247 1187 1330 simpliciter
1237 1246 1502 1310 dictum
1551 1249 1678 1309 sed
1739 1266 1832 1308 ex
1892 1245 2161 1308 intimis
2222 1247 2601 1329 superbiae
2662 1249 2988 1311 archanis
3036 1251 3155 1312 de·

583 1365 990 1438 promptum
1040 1365 1179 1433 est,
1228 1354 1432 1436 quasi
1479 1353 1711 1416 victor
1759 1353 1915 1436 ipse
1966 1352 2071 1434 (ut
2119 1374 2350 1417 serum
2400 1375 2572 1436 sepe
2622 1353 2929 1438 vigilans
2976 1376 3149 1418 som-

582 1463 758 1542 niat)
810 1461 1292 1526 condiccionis
1340 1461 1542 1543 pacis
1589 1459 1802 1524 nobis
1848 1460 2141 1540 offerre,
2208 1481 2351 1524 non
2420 1474 2654 1525 autem
2720 1461 2910 1527 humi
2957 1485 3152 1546 pros-

585 1581 810 1635 tratus
857 1569 1253 1632 facinorum
1301 1587 1382 1631 ac
1434 1569 1784 1631 scelerum
1834 1587 2119 1631 suorum
2169 1569 2563 1650 supplicem
2596 1571 2878 1634 veniam
2926 1580 2999 1633 et
3046 1591 3151 1634 sa·

583 1679 884 1742 lutarem
931 1676 1448 1758 poenitentiam
1495 1697 1540 1738 a
1585 1675 1795 1738 nobis
1838 1687 2091 1757 petere
2138 1677 2487 1740 debuerit.
2583 1677 2775 1740 Dicit
2816 1679 3028 1741 etiam
3074 1687 3155 1740 ut

583 1783 1002 1848 modestiam
1052 1782 1349 1863 simulet,
1399 1804 1476 1847 se
1505 1783 1773 1847 frustra
1807 1783 2075 1847 erudiri
2105 1784 2401 1847 meliora
2428 1786 2815 1866 postulare,
2868 1806 3025 1848 cum
3075 1785 3149 1848 in

584 1891 922 1970 diversiS,
989 1890 1199 1956 etiam
1249 1893 1340 1954 ad
1389 1911 1520 1954 nos
1567 1890 1917 1972 epistQIiS,
1968 1901 2041 1953 et
2086 1891 2247 1954 aliis
2294 1891 2551 1954 libellis
2600 1891 2783 1972 suis,
2832 1893 3149 1956 dictante

583 1999 718 2062 sibi
766 1998 1064 2062 lucifero
1113 1998 1416 2079 scriptiS,
1465 2000 1700 2080 palam
1753 2007 1825 2061 et
1872 2009 2121 2080 aperte
2169 2009 2469 2061 testatus
2516 1998 2765 2080 fuerit,
2832 2021 2919 2062 ea
2963 2021 3149 2081 quae

584 2106 765 2170 dixit
812 2127 889 2170 se
957 2127 1096 2170 non
1165 2105 1523 2186 dubitare,
1593 2107 1721 2168 sed
1787 2113 2115 2188 paratum
2184 2125 2341 2169 esse
2408 2105 2645 2188 ignem
2714 2117 2785 2170 et
2848 2118 3147 2171 mortem

583 2211 944 2296 suscipere
1003 2234 1136 2296 pro
1199 2213 1372 2294 illis,
1437 2221 1508 2275 et
1572 2213 1963 2276 hereticum
2032 2233 2355 2277 asserere
2402 2233 2682 2276 omnem
2731 2214 2849 2296 qui
2898 2225 3149 2276 contra

583 2321 919 2402 sapuerit,
971 2341 1104 2384 nec
1149 2341 1226 2384 se
1259 2330 1688 2384 mutaturum
1715 2320 2162 2401 sententiam,
2211 2320 2378 2401 quia
2424 2321 2802 2384 veritatem
2832 2321 3149 2383 divinam

581 2430 950 2509 loquatur,
1015 2438 1086 2492 et
1147 2430 1355 2510 plura
1414 2427 1817 2490 huiusmodi
1863 2427 2239 2507 stultitiae,
2288 2436 2361 2490 et
2408 2427 2865 2509 arrogantiae
2911 2431 3147 2510 plena,

582 2555 1002 2618 omnemque
1075 2555 1317 2598 sanam
1387 2535 1784 2597 doctrinam
1856 2534 2285 2615 respuentia.
2398 2534 2711 2616 Quorum
2784 2536 2949 2598 licet
3010 2536 3149 2598 sibi

585 2644 675 2706 sit
723 2642 1067 2722 conscius,
1119 2651 1356 2705 tamen
1404 2650 1484 2704 ut
1529 2641 1913 2704 falsitatem
1962 2662 2159 2704 suam
2208 2641 2533 2705 omnibus
2582 2651 2823 2705 notam
2852 2642 3146 2724 faceret,

580 2749 937 2832 Majestati
985 2749 1180 2812 Tuae
1228 2748 1494 2812 frustra
1539 2747 1879 2830 illudere,
1929 2769 2011 2811 ac
2060 2767 2139 2811 se
2184 2749 2635 2812 innocentem
2685 2749 3018 2812 humilem
3078 2759 3151 2812 et

581 2858 976 2923 modestum
1045 2855 1320 2939 fingere
1391 2877 1474 2920 ac
1546 2855 1877 2920 simulare
1956 2855 2240 2937 nititur,
2314 2875 2473 2921 cum
2552 2875 2913 2939 nunquam
2984 2857 3149 2921 talis

583 2966 798 3029 fuerit
843 2966 960 3029 vel
1011 2986 1166 3029 esse
1215 2964 1596 3045 curaverit,
1645 2964 1957 3046 quinimo
2008 2964 2366 3028 contraria
2398 2964 2506 3027 his
2537 2964 2919 3029 virtutibus
2950 2966 3146 3045 vitia,

582 3073 762 3135 sicut
809 3072 959 3137 eius
1003 3094 1232 3155 opera
1277 3084 1350 3136 et
1397 3074 1668 3156 scripta
1713 3076 2060 3155 probant,
2128 3092 2412 3153 semper
2476 3073 2851 3154 amplexus
2910 3072 3144 3137 fuerit.

585 3181 837 3243 Utrum
885 3201 1058 3243 vero
1107 3180 1388 3243 stultius
1433 3200 1522 3243 an
1573 3180 1951 3261 superbius
2001 3179 2173 3242 illud
2233 3190 2369 3260 est,
2434 3181 2625 3261 quod
2672 3180 2805 3261 ait,
2868 3180 2937 3242 in
2987 3200 3147 3243 eum

580 3288 841 3368 parari,
889 3297 966 3349 ut
1013 3288 1475 3368 extinguatur
1523 3307 1680 3348 cum
1721 3288 2150 3369 evangelio?
2199 3287 2401 3368 quasi
2433 3289 2705 3368 absque
2752 3287 2909 3369 ipso
2952 3290 3147 3350 nullo

581 3406 794 3474 pacto
841 3406 1030 3458 stare
1081 3404 1326 3476 queat,
1389 3404 1666 3457 etcum
1713 3396 1872 3476 ipso
1922 3394 2248 3476 protinus
2293 3394 2742 3459 interiturum
2789 3396 2880 3459 sit
2926 3416 3142 3457 evan-

582 3501 879 3584 gelium,
948 3501 1072 3583 qui
1125 3500 1182 3565 si
1232 3503 1414 3565 adeo
1463 3512 1654 3565 totus
1703 3502 2163 3585 evangelicus
2210 3512 2352 3583 est,
2420 3511 2499 3564 ut
2545 3522 2703 3566 esse
2751 3502 3145 3584 profitetur,

581 3631 662 3671 ac
711 3629 846 3690 pro
893 3630 980 3672 eo
1027 3610 1346 3692 martyrii
1394 3610 1696 3692 gloriam
1743 3610 1947 3693 quasi
1997 3610 2321 3690 affectat,
2385 3630 2508 3672 cur
2570 3618 2948 3692 tantopere
3012 3609 3145 3672 sibi

581 3727 826 3799 cavet,
892 3726 972 3779 ut
1035 3738 1166 3781 nec
1211 3721 1416 3781 salvo
1467 3718 1827 3779 conductu
1876 3717 2226 3796 munitus,
2276 3719 2368 3779 ad
2416 3736 2547 3780 nos
2594 3738 2901 3798 unquam
2949 3738 3145 3781 acce-

581 3826 788 3907 dere,
853 3824 1071 3889 fuerit
1135 3846 1376 3907 ausuS‚
1447 3836 1518 3889 et
1565 3846 1656 3889 ne
1706 3846 1890 3889 nunc
1940 3826 2229 3907 quidem
2279 3844 2517 3887 coram
2566 3826 2727 3888 ullis
2772 3824 3146 3906 iudicibus,

581 3932 713 3996 nisi
765 3953 904 3997 non
953 3933 1302 4015 suspectis
1352 3942 1422 3997 et
1489 3936 1622 3996 sub
1685 3932 1829 3995 fide
1900 3932 2190 4015 publica
2258 3932 2550 4012 idonea,
2624 3941 2699 3997 et
2768 3932 3147 3996 sufficienti

581 4042 938 4103 conductu
1001 4041 1228 4103 libero
1299 4038 1403 4127 (ut
1463 4042 1616 4123 ipse
1665 4040 1999 4122 loquitur)
2050 4060 2127 4102 se
2184 4040 2736 4121 compariturum
2800 4042 3147 4103 testatur?

581 4146 770 4228 Quid
841 4156 949 4211 est
1019 4150 1206 4230 quod
1281 4148 1476 4212 illum
1547 4149 1729 4210 adeo
1800 4146 2123 4209 timidum
2197 4158 2269 4209 et
2333 4146 2797 4229 suspiciosum
2864 4147 3145 4209 reddit?

578 4254 752 4317 nihil
799 4255 996 4318 aliud
1043 4256 1373 4338 profecto
1423 4276 1634 4337 quam
1683 4257 1869 4318 mala
1914 4255 2140 4336 ipsius
2191 4255 2638 4318 conscientia
2687 4254 3148 4336 nefariaeque

579 4360 1053 4443 cogitationes
1068 4410 1086 4443 ,
1149 4384 1333 4445 quae
1395 4364 1588 4425 illum
1651 4362 1805 4424 dies
1868 4372 2259 4444 noctesque
2313 4363 2413 4425 ita
2460 4362 2868 4444 exagitant,
2930 4370 3147 4443 atque

527 4528 543 4545 ,
580 4469 977 4551 deterrent,
1039 4480 1116 4533 ut
1179 4492 1268 4534 ea
1314 4490 1596 4553 quoque
1660 4470 1938 4550 timeat,
2006 4490 2190 4551 quae
2254 4469 2429 4532 nihil
2491 4470 2779 4533 omnino
2844 4481 3005 4532 sunt
3067 4470 3144 4531 ti-

581 4578 870 4656 menda,
947 4596 1077 4641 nec
1150 4598 1458 4659 unquam
1525 4576 1697 4640 satis
1757 4586 1950 4639 tutus
2016 4576 2151 4641 sibi
2212 4577 2349 4658 ipsi
2410 4578 2773 4657 videatur,
2843 4598 2925 4639 ac
2987 4596 3143 4658 pro-

578 4694 869 4766 pterea,
953 4706 1030 4749 se
1105 4686 1176 4749 in
1257 4686 1680 4751 secularium
1757 4683 2121 4765 Pricipum
2200 4686 2603 4748 clientelam
2686 4683 2997 4764 dederit,
3076 4694 3149 4746 et

581 4812 736 4854 cum
785 4792 1076 4865 Huteno
1136 4792 1602 4875 pluribusque
1665 4790 1824 4855 aliis
1888 4790 2341 4873 facinorosis,
2408 4803 2477 4855 et
2527 4791 2952 4855 seditionum
2998 4790 3147 4853 fau-

579 4899 854 4965 toribus
905 4900 1464 4965 coniurationem
1517 4912 1588 4963 et
1651 4900 1905 4963 foedus
1969 4898 2236 4973 inierit;
2302 4899 2439 4983 Qui
2500 4900 2559 4963 si
2616 4910 2806 4962 esset
2858 4908 2933 4960 ut
2986 4919 3147 4963 eum
