3575 5775
1687 564 2183 621 &amo-0

655 716 877 797 ipsius
940 714 1150 777 divae
1213 713 1568 794 Virginis,
1639 721 1712 775 et
1771 712 2287 795 Redemptoris
2346 715 2570 777 nostri
2630 716 2913 795 delent,
2978 731 3221 777 sacros

655 823 876 886 libros
923 824 1250 900 adurunt,
1299 820 1582 903 nuptias
1629 820 1819 883 inter
1865 820 2277 884 sacerdotes
2324 828 2396 882 et
2442 822 2901 903 concubinas,
2950 836 3035 895 ac
3084 840 3220 884 me-

654 929 977 1011 retrices»,
1023 929 1208 992 inter
1239 929 1626 991 monachos
1685 938 1757 990 et
1796 929 2181 990 monachas
2212 928 2503 1010 publica
2531 948 2797 1011 pompa
2830 929 3219 1009 celebrant,

657 1048 728 1099 et
772 1044 988 1120 prout
1033 1054 1384 1117 quemque
1431 1034 1776 1117 impetuS‚
1850 1044 1973 1097 aut
2036 1033 2259 1097 libido
2336 1036 2697 1117 exagitat,
2768 1034 2841 1099 in
2912 1051 3221 1118 preceps

659 1144 1002 1208 feruntur.
1098 1141 1285 1223 Quid
1333 1143 1524 1223 quod
1571 1140 1738 1205 freti
1783 1140 2027 1205 nescio
2076 1142 2335 1223 quibus
2368 1142 2955 1207 translationibus
3002 1142 3214 1224 scrip-

659 1264 860 1314 turae
896 1270 1140 1312 sacrae
1173 1252 1267 1312 ab
1293 1247 1627 1312 hereticis
1677 1268 1907 1331 nuper
1954 1248 2184 1328 editis,
2236 1268 2377 1311 non
2426 1250 2694 1333 plebeii
2740 1250 2955 1313 modo
3000 1247 3219 1315 homi·

657 1380 821 1439 neS‚
879 1359 1010 1421 sub
1063 1367 1134 1419 et
1179 1356 1534 1419 foeminae
1601 1355 1691 1418 de
1749 1355 2016 1418 Divino
2078 1356 2323 1419 Verbo
2389 1356 2747 1438 argutari,
2808 1356 3217 1438 decernere,

659 1464 1085 1528 doctissimis
1150 1462 1320 1526 viris
1393 1469 1661 1526 temere
1729 1463 2224 1526 contradicere
2293 1483 2639 1546 nusquam
2714 1482 2857 1529 non
2933 1464 3218 1527 audent.

659 1572 898 1654 Atque
969 1571 1042 1633 id
1103 1566 1257 1633 fieri
1332 1591 1374 1632 a
1452 1568 1939 1652 praedonibus
1995 1575 2067 1632 et
2136 1567 2462 1651 perditae
2522 1571 2733 1633 sortis
2797 1569 3221 1651 hominibuS‚

654 1699 833 1762 quos
881 1678 1022 1740 illic
1070 1696 1332 1757 magno
1381 1696 1673 1740 numero
1721 1674 2047 1758 rapiendi
2097 1676 2357 1759 cupido
2406 1677 2479 1739 in
2526 1679 2794 1742 nullum
2848 1686 2991 1743 no'n
3048 1675 3217 1740 faci-

661 1806 792 1849 nus
838 1784 1159 1848 furentes
1207 1783 1392 1865 agit,
1443 1782 1670 1846 minus
1719 1782 2029 1845 fortasse
2074 1782 2347 1847 mirum.
2453 1784 2553 1849 At
2611 1786 2994 1868 plerasque
3051 1784 3217 1847 civi-

656 1903 840 1957 tates
893 1890 1339 1975 ImperialeS,
1390 1911 1688 1973 easque,
1739 1911 1917 1973 quas
1963 1890 2151 1953 mala
2199 1891 2630 1957 ominatione
2680 1892 2945 1956 liberas
2974 1891 3220 1955 vocari

659 1998 997 2082 contigit,
1073 2017 1255 2081 quae
1326 2017 1554 2080 nuper
1615 1998 1885 2079 optimo
1936 1998 2187 2062 ordine
2250 2020 2295 2061 a
2346 2000 2595 2082 probis
2643 2008 2713 2063 et
2772 1998 3082 2063 cordatis
3129 1998 3217 2061 ci·

657 2104 897 2187 vibus,
944 2104 1395 2187 maximeque
1443 2102 1580 2187 piis
1635 2104 1795 2187 regi
1844 2115 2399 2188 consueverunt,
2450 2128 2607 2171 esse
2646 2110 2781 2170 hac
2826 2108 2989 2170 labe
3020 2104 3215 2190 peni-

657 2223 770 2276 tus
819 2211 1332 2276 contaminatas
1347 2260 1365 2291 ‚
1429 2232 1515 2275 ea
1579 2213 1859 2275 demum
1924 2210 2133 2276 huius
2184 2211 2491 2277 nationis
2547 2224 2869 2277 extrema
2912 2212 3217 2293 miseria,

657 2332 728 2383 et
775 2318 1140 2383 calamitas
1202 2318 1476 2382 censeri
1548 2318 1788 2382 debet.
1906 2318 2133 2382 Porro
2205 2318 2614 2403 Principum
2684 2320 3005 2384 nonnulli
3074 2340 3220 2385 non

656 2427 868 2490 modo
916 2426 1050 2488 hac
1100 2424 1170 2489 in
1220 2434 1425 2508 parte
1474 2432 1545 2489 et
1590 2422 1729 2509 ipsi
1779 2425 2095 2508 corrupti
2145 2436 2327 2508 sunt,
2376 2429 2504 2490 sed
2554 2437 2625 2491 et
2655 2423 2855 2491 istius
2902 2428 3221 2492 haeresis

655 2543 960 2614 autoreS‚
1012 2542 1084 2596 et
1129 2534 1484 2609 fautores;
1533 2533 1856 2596 nonnulli
1897 2532 2031 2596 etsi
2081 2535 2313 2597 adhuc
2350 2544 2701 2615 constant,
2749 2537 2935 2599 malo
2980 2544 3223 2599 tamen

658 2661 943 2705 suorum
992 2640 1552 2704 consiliariorum
1599 2641 1766 2704 dolo
1816 2640 2123 2721 seducti,
2190 2644 2396 2723 (quos
2440 2641 2595 2704 fere
2644 2662 2891 2705 omnes
2934 2642 3007 2705 in
3058 2660 3225 2705 con-

657 2748 846 2813 fesso
895 2755 1004 2811 est
1053 2768 1210 2811 esse
1258 2745 1699 2833 lutheranos)
1747 2747 1969 2830 aliqui
2015 2747 2369 2811 intestinis
2421 2748 2749 2832 dissidiis,
2798 2748 3018 2833 aliqui
3066 2768 3223 2811 suo·

658 2876 810 2921 rum
867 2855 1308 2920 subditorum
1372 2863 1593 2938 metu,
1662 2875 1843 2938 quos
1904 2854 2257 2940 principio
2324 2854 2663 2920 cohibere
2722 2857 3225 2940 neglexerunt,

657 2966 730 3028 in
777 2964 1185 3027 universum
1234 2984 1476 3028 omnes
1526 2963 1828 3027 diversis
1876 2964 1969 3027 de
2017 2963 2249 3026 causis
2308 2973 2453 3027 tam
2514 2967 2767 3047 procul
2824 2966 2918 3027 ab
2981 2962 3223 3028 officio

663 3073 732 3135 in
783 3073 916 3135 hac
965 3090 1044 3134 re
1091 3062 1468 3134 tractanda
1512 3071 1896 3151 recedunt,
1945 3079 2021 3133 ut
2068 3069 2456 3134 Germania
2503 3071 2731 3135 omnis
2775 3072 2845 3134 in
2896 3069 3223 3136 manifes-

655 3187 800 3242 tam
848 3177 1235 3260 perniciem
1283 3179 1421 3242 iam
1467 3178 1606 3241 iam
1657 3198 1910 3241 casura
1972 3173 2319 3242 videatur.
2428 3177 2510 3241 Id
2581 3189 2816 3242 autem
2878 3179 2936 3242 si
3004 3180 3225 3261 (quod

655 3285 1168 3366 abominamur)
1220 3284 1542 3366 eveniat,
1621 3285 1777 3367 quis
1849 3305 1991 3348 non
2054 3285 2255 3348 videt
2316 3285 2630 3367 reliquas
2692 3286 2905 3349 etiam
2972 3285 3227 3348 fideles

658 3390 984 3455 nationes
1029 3391 1101 3454 in
1165 3393 1464 3455 eandem
1532 3392 1887 3456 haeresim
1958 3411 2047 3455 ne
2114 3394 2582 3474 prolabantur
2665 3389 3082 3474 periclitari,
3154 3401 3231 3455 et

656 3507 880 3560 totum
931 3497 1406 3562 Christianum
1453 3519 1710 3562 nornen
1758 3498 2419 3562 immanissimorum
2466 3500 2856 3562 'furcarum
2912 3500 3231 3581 praedae

665 3606 888 3668 multo
933 3604 1166 3687 magis
1214 3625 1424 3688 quam
1488 3614 1700 3669 antea
1765 3604 2131 3688 patefieri!
2226 3606 2346 3668 Ad
2412 3610 2597 3670 hanc
2664 3605 3229 3689 extinguendam

658 3721 936 3794 pestem
1018 3721 1286 3792 quanto
1371 3712 1640 3794 studi0,
1721 3731 2005 3794 opeque
2079 3712 2480 3775 incubuerit
2556 3712 2647 3776 fe.
2723 3729 2826 3777 re.
2946 3713 3094 3776 Leo
3148 3711 3231 3774 X

657 3819 1064 3900 Precessor,
1099 3828 1171 3882 et
1200 3821 1588 3883 secundum
1621 3839 1907 3883 carnem
1940 3817 2167 3884 frater
2192 3818 2537 3902 patruelis
2567 3829 2832 3900 noster,
2870 3817 3073 3882 testis
3118 3829 3235 3883 est

652 3925 812 4009 ipsa
857 3925 1196 4008 Maiestas
1241 3926 1433 4008 Tua,
1481 3946 1666 4008 quae
1715 3926 2033 3990 eiusdem
2080 3925 2344 3990 Leonis
2401 3927 2707 3990 assiduis
2753 3925 3225 4009 persuasioni-

653 4035 808 4116 buS‚
857 4043 930 4096 et
975 4031 1112 4115 piis
1159 4031 1778 4097 adhortationibus
1826 4033 2113 4115 saepius
2147 4032 2511 4115 requisita,
2556 4035 3004 4115 praeclarum
3048 4031 3229 4094 illud

658 4140 966 4204 edictum
991 4140 1061 4204 in
1090 4139 1742 4204 Wormatiensibus
1775 4139 2077 4204 comitiis
2105 4149 2355 4204 contra
2377 4139 2560 4202 hanc
2583 4138 2891 4204 heresim
2921 4140 3230 4222 promul·

655 4245 876 4330 gavit.
984 4246 1194 4328 Quod
1256 4246 1319 4310 si
1381 4255 1458 4310 ut
1515 4247 1961 4311 sanctissime
2022 4248 2257 4311 fuerat
2320 4247 2714 4330 decretum,
2784 4247 2883 4310 ita
2950 4255 3229 4312 mature

657 4353 1062 4417 executioni
1111 4353 1364 4418 fuisset
1410 4354 1939 4436 demandatum,
1971 4353 2191 4418 dubio
2220 4357 2472 4438 procul
2518 4356 2654 4418 hac
2683 4375 2869 4419 nunc
2898 4355 3231 4419 molestia

657 4459 1058 4524 Christiana
1105 4461 1512 4543 respublica
1557 4469 1859 4528 careret.
1958 4461 2227 4526 Verum
2276 4480 2489 4544 quum
2536 4462 2640 4525 sic
2705 4461 2947 4525 divina
2990 4463 3227 4545 provi-

659 4566 900 4630 dentia
945 4567 1362 4650 permissum
1410 4568 1716 4632 fortasse
1765 4577 1989 4651 esset,
2037 4577 2117 4631 ut
2170 4588 2304 4651 per
2364 4571 2547 4632 hanc
2602 4566 2954 4633 haeresim
3009 4571 3229 4652 longe

657 4675 944 4755 lateque
1009 4673 1476 4758 saevientem,
1559 4673 1677 4759 qui
1750 4673 2037 4756 probati
2105 4683 2304 4756 sunt,
2374 4675 2731 4740 manifesti
2774 4673 2952 4739 fiant
2972 4725 2990 4758 ,
3058 4677 3227 4740 mali

656 4799 832 4845 vero
881 4801 1167 4844 suorum
1214 4791 1674 4863 peccatorum
1722 4801 1997 4865 poenas
2045 4791 2246 4845 tanto
2292 4781 2623 4847 acerbius
2669 4785 2905 4865 luant,
2952 4782 3225 4868 prospi-

659 4885 988 4952 ciendum
1047 4887 1186 4952 iam
1233 4887 1371 4953 iam
1420 4896 1567 4972 est,
1613 4905 1704 4953 ne
1749 4888 1825 4952 id
1871 4891 2131 4954 malum
2151 4937 2169 4974 ‚
2230 4891 2423 4972 quod
2492 4891 2565 4954 in
2618 4899 2899 4974 partem
2944 4907 3227 4974 poenae
