3575 5775
1324 580 1819 640 ο·<Β883Εἶ>-ο

306 722 602 787 habeant
649 725 786 789 nisi
832 727 1291 811 mortiferum,
1340 728 1595 793 merito
1641 726 1901 793 nullius
1948 726 2214 789 debent
2263 745 2421 789 esse
2454 725 2853 789 considera·

309 829 524 912 tionis,
573 852 790 917 quum
840 835 1012 898 satis
1060 836 1151 899 sit
1203 858 1292 899 ex
1327 834 1843 919 probatissimis
1885 832 2249 896 autoribus
2296 833 2517 916 longe
2563 832 2859 896 meliora

309 938 596 1005 haurire.
731 940 882 1005 Nec
952 942 1182 1007 minus
1246 944 1544 1007 innuere
1607 943 1944 1005 videntur
2005 939 2198 1003 dicta
2258 942 2485 1003 verba
2548 941 2856 1023 aliquam

311 1064 454 1107 esse
501 1047 694 1129 apud
745 1068 832 1113 ea
887 1049 1338 1133 proferentes
1387 1050 1827 1113 dubietatem
1874 1048 1945 1111 in
1994 1047 2116 1127 iis,
2183 1067 2365 1129 quae
2432 1047 2603 1111 fidei
2674 1058 2856 1129 sunt,

311 1155 484 1232 quod
529 1162 772 1219 tamen
822 1176 865 1219 a
926 1158 1230 1221 veritate
1297 1157 1603 1222 maxime
1651 1156 1958 1219 alienum
2008 1163 2136 1217 est.
2214 1152 2465 1236 Neque
2494 1154 2629 1217 nisi
2674 1156 2861 1219 ullus

310 1267 552 1340 potest,
600 1272 722 1325 aut
769 1263 987 1326 debet
1034 1282 1192 1328 esse
1239 1261 1666 1327 dubitationi
1713 1264 1913 1326 locus
1958 1260 2027 1323 in
2078 1260 2181 1341 iis,
2229 1280 2415 1343 quae
2462 1264 2555 1324 ab
2583 1261 2857 1326 univer-

311 1367 428 1428 sali
475 1367 800 1433 Ecclesia
845 1370 1086 1434 decisa
1132 1379 1292 1435 sunt
1337 1391 1469 1453 per
1514 1370 1873 1435 hereticos
1920 1367 2388 1449 deducuntur,
2438 1368 2649 1432 etiam
2684 1367 2860 1432 alias

312 1492 430 1553 per
475 1472 798 1539 Concilia
843 1477 1276 1542 universalia
1323 1477 1571 1542 habita
1616 1477 1688 1540 in
1752 1474 2139 1541 Germania
2209 1473 2453 1539 decisa
2516 1483 2679 1538 sunt
2700 1524 2717 1557 ,
2792 1483 2863 1538 et

313 1580 790 1645 determinata.

472 1688 721 1752 Tertio
756 1710 894 1773 quo
926 1691 1019 1754 ad
1065 1690 1470 1755 universale
1505 1690 1899 1755 Concilium
1938 1688 2260 1769 liberum,
2309 1709 2354 1752 a
2399 1686 2863 1753 Sanctissimo

313 1793 608 1859 Domino
656 1796 918 1861 Nostro
966 1798 1458 1879 indicendum,
1508 1809 1580 1861 et
1628 1796 2257 1879 congregandum,
2324 1797 2517 1878 quod
2566 1805 2637 1859 et
2684 1797 2863 1859 alias

316 1900 571 1965 eisdem
604 1904 965 1985 deputatis
997 1906 1357 1987 respondi,
1408 1926 1593 1969 nunc
1627 1904 1842 1968 etiam
1874 1903 2302 1986 respondeO,
2353 1910 2427 1965 et
2457 1902 2639 1985 dice,
2687 1903 2863 1966 illud

315 2028 442 2073 non
485 2010 722 2073 videri
769 2023 1386 2093 praesentaneum,
1434 2022 1512 2075 ut
1558 2031 1674 2074 res
1721 2011 2157 2093 expostulat,
2204 2010 2633 2091 remedium,
2702 2010 2865 2094 quia

315 2135 434 2178 nec
477 2129 814 2201 repente,
871 2138 1001 2183 nec
1051 2120 1255 2183 brevi
1305 2131 1628 2203 tempore
1676 2118 1841 2200 cogi
1890 2126 2149 2200 potest.
2242 2115 2323 2180 Si
2372 2126 2610 2180 tamen
2658 2114 2863 2181 Sacri

314 2221 620 2287 Romani
666 2226 952 2307 Imperii
1000 2226 1330 2306 statibuS,
1378 2247 1513 2309 pro
1559 2228 1825 2308 salute,
1874 2235 1945 2289 et
1990 2224 2505 2306 tranquillitate
2556 2224 2864 2289 omnium

313 2328 530 2393 visum
603 2330 818 2395 fuerit
891 2332 994 2396 ita
1064 2334 1447 2417 expedire,
1519 2332 1788 2416 recipio
1877 2352 1989 2395 me
2068 2333 2262 2413 apud
2331 2329 2867 2395 Sanctissimum

315 2434 683 2501 Dominum
731 2438 1064 2507 Nostrum
1113 2441 1188 2504 id
1243 2450 1680 2524 curaturum,
1729 2439 2203 2522 existimoque
2246 2436 2711 2503 Sanctitatem
2760 2460 2867 2503 su«

317 2562 418 2606 am
462 2544 652 2608 intra
697 2547 1054 2627 legitimos
1110 2548 1485 2630 terminos,
1554 2566 1770 2631 quum
1841 2548 1931 2610 de
1991 2548 2125 2609 hac
2193 2566 2270 2610 re
2337 2566 2495 2610 cum
2559 2545 2869 2610 Cesarea

315 2648 678 2733 Majestate
726 2654 1173 2737 coeterisque
1219 2655 1578 2737 RegibuS,
1627 2654 2100 2736 PrincipibuS,
2151 2660 2223 2717 et
2256 2653 2551 2736 Populis
2582 2653 2869 2719 Christi-

317 2757 458 2821 anis
505 2760 953 2842 tractaverit,
1000 2774 1214 2845 atque
1264 2764 1354 2825 de
1404 2764 1582 2843 loco,
1631 2771 1977 2843 tempore,
2026 2761 2258 2843 modo,
2308 2768 2381 2823 et
2428 2760 2730 2825 coeteris
2777 2761 2870 2824 ad

318 2863 382 2926 id
426 2865 847 2931 necessariis
893 2868 1164 2951 aliquid
1212 2870 1672 2934 constitutum
1718 2867 2081 2950 habuerit,
2130 2887 2343 2951 quam
2390 2868 2692 2951 primum
2739 2889 2872 2950 per

321 2975 761 3037 concordiam
793 2974 1226 3059 Principum,
1271 2977 1364 3039 ad
1395 2997 1607 3058 quam
1639 2976 1947 3040 maxime
1985 2976 2296 3057 anhelat,
2344 2975 2645 3057 licuerit,
2694 2974 2868 3039 illud

319 3077 748 3146 indicturum.

485 3187 761 3269 Quarto
824 3209 966 3271 quo
1037 3191 1129 3252 ad
1209 3209 1649 3254 communem
1719 3189 2353 3272 congregationem
2402 3187 2872 3253 Germanicae

321 3293 633 3359 Nationis
681 3296 754 3358 in
805 3296 922 3359 die
969 3297 1136 3360 Divi
1183 3296 1472 3360 Martini
1505 3297 1835 3380 proxime
1868 3295 2084 3360 futuri
2126 3296 2195 3358 in
2228 3295 2517 3360 civitate
2551 3293 2874 3378 Spirensi

257 3433 266 3444 ·
323 3399 654 3483 fiendam,
716 3402 886 3467 mihi
933 3405 1128 3467 nullo
1175 3415 1388 3486 pacto
1437 3405 1720 3467 videtur
1769 3413 2237 3487 oportunum,
2286 3413 2409 3466 aut
2457 3402 2874 3486 expediens,

329 3509 435 3589 qui
478 3509 642 3573 talis
692 3511 1161 3593 congregatio
1209 3511 1336 3574 fiat
1393 3520 1688 3593 propter
1745 3513 2003 3574 multas
2073 3509 2411 3574 rationes,
2515 3510 2677 3574 Non
2740 3511 2874 3575 nisi

329 3619 744 3696 sperandum
793 3625 902 3680 est
953 3617 1088 3680 hac
1151 3616 1270 3680 via
1333 3617 1551 3699 quieti
1602 3627 1672 3681 et
1718 3616 2219 3699 tranquillitati
2281 3617 2488 3680 huius
2546 3617 2875 3680 Nationis

332 3733 508 3786 recte
555 3723 831 3786 consuli
877 3742 1112 3805 posse.
1205 3723 1389 3787 Nam
1444 3723 1515 3787 in
1574 3733 1772 3787 tanto
1830 3725 2187 3788 hominum
2253 3744 2547 3787 numero
2569 3774 2585 3806 ,
2644 3731 2715 3788 et
2777 3724 2875 3788 di·

333 3831 654 3894 versitate
703 3831 1108 3914 disceptare
1155 3831 1246 3895 de
1293 3830 1380 3894 iis
1405 3879 1424 3913 ,
1473 3851 1656 3914 quae
1717 3831 2081 3914 pertinent
2145 3832 2237 3896 ad
2296 3830 2539 3913 fidem,
2603 3832 2877 3914 pericu-

333 3935 736 4000 losissimum
785 3957 1066 4021 semper
1115 3937 1275 4019 fuit,
1340 3938 1505 4020 quia
1551 3958 1913 4002 sacrarum
1960 3939 2365 4003 lieterarum
2413 3937 2753 4022 imperiti,
2804 3947 2877 4001 et

336 4041 788 4108 Decretorum
850 4053 1138 4108 nostrae
1199 4043 1570 4128 religionis
1640 4055 1983 4128 expertes
2011 4093 2026 4124 ,
2094 4045 2271 4109 nihil
2335 4053 2634 4128 possunt
2693 4065 2871 4108 com-

337 4151 529 4213 modo
576 4152 667 4214 de
715 4150 836 4230 iis,
906 4171 1086 4233 quae
1149 4152 1241 4213 ad
1302 4149 1516 4215 fidem
1565 4161 1727 4216 sunt
1773 4161 2109 4216 statuere.
2204 4152 2297 4215 Et
2355 4152 2663 4216 maxime
2711 4153 2878 4233 quia

341 4259 820 4339 suspicandum
871 4267 981 4321 est
1049 4258 1216 4321 illuc
1263 4260 1514 4340 plures,
1553 4269 2035 4324 con-venturos
2097 4259 2333 4322 animo
2388 4258 2459 4322 in
2525 4259 2877 4322 haeresim

341 4360 690 4446 inclinato,
756 4365 1019 4448 quique
1089 4375 1232 4428 tum
1298 4368 1534 4448 palam
1595 4385 1951 4430 venenum
2014 4366 2189 4428 illud
2233 4365 2639 4448 proferent,
2687 4366 2878 4448 quod

348 4472 618 4553 egregie
667 4470 900 4534 minus
947 4491 1132 4534 nunc
1182 4472 1648 4538 dissimulant.
1741 4474 1855 4537 Ac
1900 4482 2289 4556 propterea
2342 4473 2500 4536 huic
2559 4472 2879 4556 periculo

345 4593 458 4638 nos
500 4577 912 4642 submittere
959 4598 1101 4641 non
1152 4580 1511 4644 debemus.
1623 4579 1833 4662 Quod
1881 4580 1940 4644 si
1988 4579 2178 4662 quid,
2228 4589 2305 4642 ut
2350 4600 2568 4662 saepe
2618 4581 2879 4663 evenit,

345 4678 691 4764 impiorum
749 4703 1020 4747 summa
1065 4687 1484 4767 prevalente
1515 4687 1587 4750 in
1623 4707 1710 4750 eo
1750 4695 2107 4752 conventu
2154 4695 2584 4751 statueretur
2633 4697 2880 4752 contra

351 4805 565 4854 veram
610 4791 1073 4876 religionem,
1135 4792 1208 4855 id
1280 4813 1637 4875 nunquam
1700 4803 1957 4878 postea
2004 4795 2159 4858 sine
2207 4796 2468 4859 sudore
2514 4795 2881 4860 obliterari

354 4906 604 4979 posset,
665 4898 1016 4982 praedicti
1061 4909 1457 4964 conventus
1503 4901 1927 4966 auctoritate
1974 4899 2336 4968 munitum.
2430 4903 2736 4967 Accedit
2780 4903 2881 4966 in·
