3575 5775
1737 549 2232 623 &amem

701 696 1059 780 Burgensi
1131 698 1246 760 die
1307 697 1582 762 XVIII.
1635 696 1783 761 Mai
1832 698 2047 762 Anno
2094 697 2381 760 Domini
2427 694 2865 760 MDXXIV.
2966 695 3285 779 Regno·

701 826 856 869 rum
901 815 1300 869 nostrorum
1349 804 1664 869 Romani
1712 804 1960 885 quinto
2010 804 2304 868 aliorum
2351 824 2525 866 vero
2576 803 2883 866 omnium
2930 824 3153 868 nono,

883 929 1176 995 Carolus
1221 930 1464 992 divina
1491 930 1783 993 favente
1833 929 2210 993 clementia
2252 949 2311 993 e.
2345 928 2837 991 Romanorum
2870 928 3295 1009 Imperator

703 1060 984 1121 semper
1031 1039 1430 1120 Augustus,
1498 1057 1582 1098 ac
1633 1034 2062 1100 Germaniae
2110 1035 2615 1119 Hispaniarum
2676 1035 3045 1117 utriusque
3098 1033 3295 1098 Sici-

702 1147 840 1210 liae
868 1196 886 1228 ,
935 1146 1380 1209 Hierusalem
1406 1193 1424 1225 ,
1475 1144 1931 1226 Hungariae,
1979 1144 2381 1207 Dalmatiae
2407 1191 2423 1223 ,
2488 1142 2819 1206 Croatiae
2876 1153 3007 1205 etc.
3074 1142 3295 1221 Rex,

703 1254 1077 1317 Archidux
1126 1253 1497 1331 Austriae,
1553 1252 1723 1314 Dux
1772 1250 2237 1333 Burgundiae
2284 1250 2749 1330 Brabantiae,
2800 1258 2931 1313 etc.
3013 1249 3299 1313 Comes

702 1362 760 1425 F
763 1360 1084 1425 landriae
1133 1371 1266 1423 etc.

2606 1462 2945 1527 nunant.

1773 1644 2024 1655 wwwwv
2035 1645 2056 1654 ,κ
2063 1644 2090 1654 Α,
2101 1642 2185 1654 vm

1203 1996 1248 2078 J
1249 1994 1599 2075 oachinus
1653 1874 2321 2094 Brandgggigensis
2376 1989 2735 2072 Clementi.

1647 2140 1851 2214 (Epist.
1888 2140 2067 2199 Ptine.
2105 2140 2149 2198 1.
2188 2140 2323 2212 221.)

1732 2258 1841 2329 (20.
1881 2260 2013 2309 Maii
2058 2258 2233 2327 1524.)

880 2407 1053 2469 Post
1099 2408 1472 2467 beatorum
1520 2404 1784 2485 pedum
1832 2402 2081 2466 oscula
2130 2401 2427 2481 devota,
2492 2399 3015 2483 paratissimum
3068 2405 3295 2467 obse-

703 2514 968 2596 quendi
1032 2510 1384 2575 affectum.
1483 2508 1946 2573 Sanctissime
2026 2517 2234 2590 pater
2311 2508 2615 2571 Domine
2694 2507 3297 2594 clementissime,

701 2620 986 2684 lieteras
1057 2638 1237 2699 quas
1306 2618 1570 2680 Vestra
1639 2615 1998 2679 Sanctitas
2070 2634 2339 2677 summo
2412 2636 2538 2678 sue
2606 2624 2907 2697 paterne
2976 2617 3301 2697 pietatis

701 2727 935 2790 animo
1027 2724 1663 2789 Reverendissimo
1753 2724 1826 2786 in
1910 2722 2189 2786 Christo
2258 2722 2445 2805 patri
2513 2722 2821 2787 Domino
2882 2722 3301 2789 Laurentio

701 2832 918 2898 Tituli
964 2831 1276 2896 Sanctae
1327 2830 1708 2920 Anastasie
1773 2830 2177 2912 presbitero
2244 2828 2604 2894 Cardinali
2653 2828 3047 2913 Campegio
3100 2832 3297 2898 Ves-

701 2952 808 3005 tre
858 2951 931 3004 et
977 2941 1397 3023 Apostolice
1447 2938 1680 3020 Sedis,
1729 2939 1823 3000 ad
1872 2938 2277 3020 proximum
2326 2937 2774 3020 Imperialem
2824 2937 3303 3005 Conventum

701 3049 1171 3130 Nurimberge
1221 3049 1678 3124 celebratum,
1729 3048 1821 3108 de
1870 3047 2103 3108 latere
2151 3047 2415 3128 legat0,
2463 3047 2555 3109 ad
2604 3067 2715 3109 me
2765 3047 3071 3108 dederat
3122 3069 3303 3130 per-

701 3157 1056 3235 ferendaS,
1107 3156 1546 3238 gratulanter
1611 3154 1890 3235 accepi,
1961 3153 2217 3234 quibus
2263 3153 2757 3217 incredibilem
2820 3163 2890 3216 et
2934 3151 3295 3220 fermissi-

700 3285 886 3328 mam
935 3262 1070 3326 sibi
1121 3264 1210 3325 de
1257 3282 1370 3324 me
1421 3261 1910 3343 propulsande
1966 3259 2363 3324 lutheriane
2426 3259 2858 3340 infectioniS,
2928 3280 3068 3323 nec
3136 3285 3299 3328 non

703 3370 1152 3453 procurande
1200 3367 1760 3447 tranquillitatiS,
1827 3377 1896 3429 et
1962 3366 2293 3430 cristiane
2360 3365 2781 3448 reipublice¹
2814 3366 3301 3440 defendenda

706 3475 1112 3559 opinionem
1183 3473 1597 3555 concepisse
1655 3474 1999 3540 intellexi.
2081 3473 2409 3556 Egissem
2466 3473 2795 3554 equidem
2854 3475 2944 3537 ad
3010 3474 3303 3542 Vestre

706 3580 1125 3646 Sanctitatis
1195 3588 1397 3662 vota,
1469 3583 1604 3642 hoc
1673 3580 2082 3643 cristianum
2156 3601 2365 3664 opus,
2454 3591 3023 3663 quantocumque
3120 3605 3302 3650 meo

703 3689 1016 3772 presidio
1067 3686 1591 3751 accuratissime
1651 3687 1709 3749 si
1756 3706 1890 3768 per
1937 3689 2230 3770 negotia
2282 3708 2443 3751 mea
2496 3689 2827 3771 urgentia
2886 3694 3299 3756 conventui

704 3796 1089 3876 antedicto,
1139 3794 1344 3857 sicuti
1391 3794 1624 3856 animo
1673 3792 2098 3857 affectabam
2147 3794 2491 3858 interesse
2541 3794 2889 3868 licuisset3
2940 3797 3301 3876 profecto

706 3903 968 3968 etenim
1025 3902 1281 3983 ingens
1347 3901 1684 3982 gaudium
1754 3900 1967 3963 michi
2042 3901 2457 3981 insedisset,
2528 3912 2673 3964 tum
2746 3901 2900 3983 ipse
2970 3905 3301 3970 consilio

709 4011 942 4075 studio
993 4011 1241 4072 labore
1292 4017 1364 4070 et
1389 4010 1698 4088 hortatu,
1748 4007 2129 4089 quidquam
2182 4010 2373 4090 quod
2422 4009 2492 4072 in
2541 4010 2883 4072 honorem
2932 4007 3300 4095 Omnipo-

708 4119 924 4182 tentis
995 4116 1166 4196 Dei,
1239 4115 1627 4178 communis
1698 4114 2182 4178 cristianitatis
2260 4118 2587 4194 salutem,
2659 4115 2799 4178 imo
2870 4123 2940 4177 et
3006 4115 3305 4184 Vestre

705 4223 1156 4303 Sanctitati5‚
1213 4222 1572 4303 totiusque
1620 4221 1953 4284 Romane
2002 4220 2321 4284 Ecclesie
2390 4230 2845 4304 augmentum
2913 4225 3301 4311 cessisset,

706 4332 994 4396 efficere
1079 4330 1510 4412 potuissem3
1597 4329 1849 4391 eodem
1936 4329 2303 4409 potissime
2400 4329 2697 4410 intuitu,
2789 4347 2925 4411 quo
3004 4329 3303 4399 Vestra

707 4437 1064 4502 Sanctitas
1097 4444 1239 4500 tam
1274 4435 1480 4499 nimis
1525 4436 1925 4516 emergenti
1964 4437 2199 4499 heresi
2247 4446 2318 4498 et
2366 4436 2589 4498 furori
2636 4437 2966 4519 populari
3004 4443 3297 4506 condo-

705 4547 894 4625 lene,
943 4553 1142 4606 tanta
1206 4546 1442 4624 gratia
1502 4551 1575 4605 et
1637 4541 1903 4623 pietate
1951 4562 2083 4623 pro
2132 4542 2413 4606 sublimi
2460 4543 2805 4625 pastorali
2856 4564 2980 4608 suo
3032 4545 3301 4612 officio

709 4669 884 4732 erga
947 4648 1443 4713 Germanicam
1513 4647 1891 4712 Nationem
1960 4648 2253 4730 affecta,
2323 4647 2525 4714 Sacri
2587 4649 2873 4733 Imperii
2930 4671 3303 4733 proceres

708 4757 928 4840 legati
977 4757 1086 4819 sui
1134 4755 1594 4836 auctoritate,
1641 4755 2026 4836 prudentia
2072 4766 2144 4819 et
2191 4778 2329 4840 ope
2379 4759 2893 4838 commonebat,
2942 4779 3089 4839 quo
3144 4769 3297 4827 tur·

707 4863 892 4928 batis
922 4864 1136 4926 rebus
1169 4865 1578 4927 consulatur
1606 4861 2021 4926 ferventius.
2092 4863 2252 4944 Qua
2288 4884 2368 4929 re
2408 4884 2568 4928 cum
2599 4865 2871 4947 gratius
2918 4866 3141 4930 michi
3176 4889 3297 4934 ac·
