3575 5775
1636 510 2095 565 0-<338{}>-0

583 656 915 737 misimuS,
968 676 1122 718 cum
1173 655 1418 719 debita
1451 656 1877 719 executione
1912 657 2305 721 litterarum
2337 657 2970 722 declaratoriarum
3002 680 3149 721 sen·

583 762 961 826 tentiarum
1024 773 1424 827 nostrarum
1489 764 1857 827 nobiscum
1905 774 1983 828 ut
2030 766 2240 829 decet
2288 765 2701 839 convenire:
2772 774 2843 829 et
2888 774 2967 829 ut
3014 787 3151 829 om·

585 870 792 933 nibus
843 870 1418 934 christifidelibus
1465 870 1538 933 id
1587 871 1988 935 innotescat
2035 892 2167 955 per
2199 883 2394 935 tuum
2429 873 2768 954 generale
2798 872 3153 937 aedictum

584 978 654 1041 in
723 978 1048 1041 omnibus
1117 977 1524 1041 civitatibus
1597 988 1668 1040 et
1736 980 1912 1042 locis
1978 979 2409 1043 Germaniae
2479 980 2834 1061 publicari
2902 1000 3154 1044 curare

585 1085 888 1149 eundem
933 1084 1317 1147 Martinum
1385 1094 1456 1147 et
1516 1086 1694 1148 alios
1761 1087 2161 1150 haereticos
2230 1086 2293 1149 ei
2356 1087 2792 1150 adherentes
2856 1106 2939 1150 ac
3006 1088 3154 1169 ejus

583 1191 900 1254 fautores
950 1202 1021 1255 et
1065 1198 1558 1273 receptatores
1606 1193 1974 1275 ipsiusque
2020 1194 2569 1275 perversitatem
2604 1204 2984 1277 sequentes
3016 1194 3155 1259 illis

584 1298 810 1381 peniS,
860 1319 1041 1380 quae
1076 1300 1147 1361 in
1197 1298 1452 1365 litteris
1499 1300 1760 1363 nostris
1812 1311 2061 1364 contra
2110 1323 2234 1365 eos
2284 1303 2617 1365 decretae
2665 1302 2971 1383 fuerunt,
3020 1302 3155 1364 nisi

584 1406 1033 1487 resipiscant,
1099 1406 1317 1488 plecti
1358 1407 1676 1489 jubendo
1726 1429 1810 1470 ac
1873 1408 2238 1471 civitatum
2294 1409 2693 1472 rectoribus
2744 1418 2815 1471 et
2862 1409 3154 1472 Provin-

585 1512 848 1575 ciarum
911 1522 1190 1576 tuarum
1255 1514 1824 1577 moderatoribus
1894 1516 2422 1597 eorundemque
2488 1516 3018 1599 apparitoribus
3086 1526 3157 1579 et

585 1619 740 1682 aliis
788 1618 1234 1700 officialibus,
1304 1624 1436 1683 sub
1486 1622 1688 1703 penis
1760 1625 1851 1685 de
1914 1622 2171 1704 quibus
2234 1622 2362 1685 tibi
2412 1622 2770 1685 videbitur
2816 1624 3156 1687 mandare

581 1736 658 1787 ut
721 1747 852 1809 per
915 1728 1278 1809 publicum
1343 1728 1649 1791 edictum
1699 1731 2026 1793 omnibus
2076 1729 2446 1793 declarent
2493 1740 2707 1811 atque
2756 1730 3158 1812 significent

582 1843 652 1895 te
721 1844 972 1896 contra
1035 1835 1339 1896 eundem
1387 1834 1772 1898 Martinum
1837 1858 1920 1899 ac
1982 1838 2341 1900 hereticos
2401 1835 2598 1918 ipsos
2660 1838 3036 1901 damnatos
3087 1848 3155 1901 et

583 1940 648 2003 ei
709 1940 1139 2003 adherentes
1201 1961 1586 2024 eorumque
1651 1942 1972 2007 fautores
2026 1946 2231 2026 juxta
2290 1944 2687 2007 litterarum
2755 1954 3153 2007 nostrarum

583 2067 737 2109 esse
799 2066 1282 2128 processuros
1397 2048 1809 2113 Praestabis
1889 2052 2073 2114 enim
2142 2051 2211 2114 in
2282 2052 2419 2113 hoc
2484 2048 2843 2115 Salvatori
2906 2062 3154 2116 nostro

578 2154 746 2233 Jesu
781 2154 1063 2218 Christo
1113 2155 1532 2237 obsequium
1581 2157 1650 2219 in
1699 2157 1945 2239 primis
1994 2157 2587 2239 acceptissimum,
2621 2165 2922 2239 propter
2956 2159 3146 2239 quod

583 2259 903 2323 diffusius
965 2264 1266 2325 extollet
1331 2264 1636 2345 gloriam
1698 2274 1861 2327 tuae
1924 2265 2312 2348 majestatis
2374 2265 2635 2329 famam
2698 2285 2882 2346 quae
2941 2264 3154 2328 etiarn

582 2368 652 2430 in
687 2379 1019 2451 posteros
1052 2378 1213 2432 tuos
1255 2390 1414 2433 cum
1447 2372 1660 2433 laude
1691 2372 2002 2435 maxima
2037 2374 2448 2453 descendet,
2499 2380 2571 2434 et
2604 2374 2789 2435 ultra
2821 2380 3157 2435 aeternae

579 2476 772 2539 vitae
838 2477 1228 2557 praemium
1292 2479 1485 2559 quod
1549 2479 1810 2541 exinde
1874 2479 2002 2542 tibi
2060 2479 2471 2561 proveniet,
2538 2478 2856 2559 reperies
2906 2500 3035 2542 nos
3084 2489 3157 2543 et

580 2584 764 2645 hanc
828 2593 1146 2646 sanctam
1195 2582 1457 2647 Sedem
1521 2586 1987 2666 apostolicam
2037 2587 2128 2648 ad
2178 2585 2413 2649 omnia
2461 2604 2645 2666 quae
2691 2586 3035 2649 honorem
3086 2596 3158 2650 et

581 2701 840 2753 statum
888 2700 1052 2754 tuae
1104 2691 1543 2754 celsitudinis
1591 2710 2026 2755 concernere
2075 2702 2415 2775 poterunt
2463 2692 2652 2755 omni
2725 2713 2883 2756 cum
2945 2696 3153 2757 bene-

583 2798 895 2861 dictione
945 2808 1338 2880 promptOS.
1432 2800 1699 2862 Datum
1746 2801 2031 2863 Romae
2081 2802 2271 2882 apud
2306 2798 2649 2863 Sanctum
2683 2801 2975 2864 Petrum
3024 2805 3156 2864 sub

583 2908 846 2968 annulo
897 2905 1318 2988 Piscatoris,
1387 2907 1503 2969 die
1569 2907 1843 2970 XVIII.
1900 2909 2219 2988 Januarii
2280 2908 2627 2971 MDXXI
2688 2908 3157 2973 Pontificatus

584 3013 807 3078 nostri
857 3034 1043 3078 anno
1095 3023 1372 3078 octavo·

2646 3113 2726 3174 ln.
2764 3111 3084 3176 saeelum.

1657 3275 2068 3287 sev-mmmm

1822 3505 1921 3570 14.

1358 3613 1714 3694 Aloander
1751 3612 2379 3694 vicecancellario.

1273 3761 1620 3832 (Νικίαι.
1663 3761 1965 3819 German.
2006 3761 2067 3818 1..
2104 3759 2464 3832 110—111.)

1621 3877 1728 3948 (19.
1769 3883 1890 3946 Jan.
1938 3883 2108 3942 1521.)

761 4007 846 4070 El
909 4008 1280 4070 confessor
1343 4007 1414 4070 in
1481 4005 1711 4087 questi
1762 4004 1988 4067 ultimi
2034 4012 2319 4085 quattro
2369 4002 2606 4084 giorni
2652 4003 2775 4084 gia
2822 4003 2943 4086 piii
2990 4003 3159 4068 fiate

585 4116 633 4178 il
679 4118 773 4178 ha
821 4113 1214 4178 dechiarito
1264 4134 1404 4177 non
1455 4116 1656 4176 voler
1689 4133 1818 4194 per
1849 4132 2016 4175 cosa
2046 4112 2303 4174 alcuna
2336 4119 2566 4174 restar
2600 4111 2740 4192 qui,
2786 4131 2903 4173 ma
2935 4114 3161 4175 andar

585 4223 656 4285 al
718 4223 1029 4303 capltulo
1094 4241 1222 4284 suo
1285 4223 1624 4303 generale
1692 4221 1825 4282 che
1888 4218 1945 4281 si
1992 4218 2149 4281 fara
2206 4240 2246 4280 a
2278 4217 2515 4300 Carpi,
2574 4219 2642 4280 al
2704 4221 2913 4299 quale
2974 4218 3072 4282 lui
3122 4219 3161 4282 e

587 4338 978 4392 constretto
1028 4349 1120 4390 ex
1167 4339 1364 4391 voto:
1418 4326 1538 4389 noi
1589 4327 2096 4409 cognoscendo
2146 4347 2289 4390 non
2336 4329 2563 4389 haver
2608 4325 2791 4388 altro
2823 4331 2939 4407 qul
2974 4347 3017 4388 a
3048 4326 3161 4389 chi

583 4435 704 4517 piu
757 4456 844 4497 ne
891 4435 1248 4516 possiamo
1315 4434 1499 4497 fidar
1559 4433 1628 4496 in
1696 4442 1949 4514 questo
2012 4434 2145 4495 che
2192 4453 2236 4495 a
2282 4432 2410 4512 lui,
2465 4431 2512 4495 li
2561 4431 2939 4495 facessimo
2990 4433 3160 4514 ogni

585 4541 919 4604 instantia
968 4542 1127 4605 chel
1176 4552 1514 4622 restasse,
1584 4539 2021 4621 allegandoli
2082 4540 2133 4603 il
2194 4539 2523 4622 maggior
2570 4538 2709 4602 imo
2758 4540 3162 4603 universale

585 4653 728 4713 ben
773 4649 962 4712 della
997 4649 1236 4712 chiesa
1286 4668 1522 4712 essere
1572 4649 1665 4711 da
1713 4645 2061 4730 preferire
2111 4648 2179 4709 al
2228 4649 2368 4710 ben
2416 4647 2826 4727 particular,
2867 4656 2938 4709 et
2972 4647 3163 4728 quod

589 4756 679 4819 ad
728 4757 864 4819 hoc
916 4765 1297 4837 cogeretur
1345 4777 1434 4818 ex
1489 4765 1654 4818 voto
1691 4753 2040 4835 Baptismi
2088 4755 2277 4834 quod
2322 4755 2541 4834 longe
2576 4763 2887 4816 antestat
2920 4764 3160 4817 votum

586 4861 979 4944 religioniS,
1030 4875 1100 4926 et
1147 4861 1219 4924 in
1267 4861 1364 4924 fin
1413 4862 1626 4942 disse,
1676 4864 1809 4925 che
1858 4881 2001 4924 non
2050 4863 2489 4941 restarebbe,
2539 4861 2626 4924 ne
2676 4881 2807 4943 per
2856 4861 3163 4943 Impera-
