3575 5775
1660 557 1775 612 ῡ-ΞἾ
1853 560 1959 612 244
2037 559 2152 610 (Fr-0

622 704 932 767 Martino
982 705 1023 766 1’
1057 707 1267 766 homo
1318 705 1429 766 del
1482 703 1751 784 Spirito
1804 703 2058 784 Sant0,
2109 704 2370 766 deinde
2420 705 2552 766 che
2601 706 2949 768 haveamo
2999 715 3184 768 rotto

623 811 673 874 il
722 813 1287 874 salvocondottO.
1384 811 1521 872 Noi
1587 831 2026 892 pensavamo
2090 812 2220 873 che
2282 811 2325 874 'l
2375 811 2578 873 Duea
2641 813 2935 875 Saxone
2998 813 3186 875 fusse

626 928 813 980 stato
877 918 973 980 lui
1038 918 1110 980 in
1173 937 1387 980 causa
1450 937 1580 998 per
1642 905 1840 980 molti
1909 918 2195 998 obietti,
2264 928 2336 982 et
2397 919 2468 980 in
2538 932 2792 1000 questa
2855 919 3188 1002 opinione

625 1024 810 1088 intro
861 1045 993 1086 con
1043 1025 1163 1087 noi
1214 1034 1283 1086 et
1333 1023 1552 1086 Cesar
1602 1033 1671 1086 et
1719 1023 1914 1087 molti
1962 1025 2270 1107 principi
2305 1033 2376 1086 et
2408 1025 2608 1107 quasi
2642 1036 2822 1089 tutta
2855 1028 2922 1088 la
2972 1038 3188 1106 corte,

627 1133 719 1194 ad
765 1133 867 1194 tal
902 1134 1035 1194 che
1072 1131 1113 1192 ’1
1162 1133 1345 1193 duca
1378 1129 1670 1193 Saxone
1703 1131 2096 1193 vedendosi
2147 1152 2343 1194 esser
2377 1143 2700 1212 suspetto
2731 1133 2801 1194 in
2834 1132 3190 1214 frequenti

627 1239 1025 1322 principum
1058 1258 1391 1300 consessu
1425 1238 1614 1300 disse
1648 1238 1781 1300 che
1819 1239 1863 1300 'l
1889 1238 2270 1300 iurarebbe
2303 1239 2470 1318 ogni
2503 1239 2898 1303 iuramento
2933 1242 3066 1303 che
3095 1240 3192 1303 lui

626 1367 770 1410 non
820 1366 1039 1426 sapea
1088 1365 1257 1408 cosa
1304 1347 1556 1408 alcuna
1591 1354 1661 1406 et
1692 1365 1912 1426 parea
1943 1367 2032 1407 ne
2063 1345 2256 1408 fusse
2295 1349 2513 1407 molto
2544 1346 2867 1426 attonitO,
2917 1347 3190 1410 benche

628 1455 714 1517 ne
765 1475 808 1516 a
856 1473 985 1516 sua
1030 1452 1267 1515 fronte
1319 1451 1417 1538 (la
1466 1454 1629 1532 qual
1680 1471 1962 1532 sempre
2012 1452 2155 1513 tien
2205 1450 2354 1514 fixa
2415 1452 2482 1514 in
2535 1451 2754 1537 terra)
2817 1455 2902 1516 ne
2961 1475 3003 1515 a
3067 1474 3191 1517 sue

628 1562 875 1643 parole
938 1561 1155 1624 molto
1214 1579 1289 1620 se
1354 1561 1389 1621 ὲ
1453 1558 1544 1620 da
1594 1557 1810 1638 fidar,
1879 1558 2250 1640 presertim
2311 1559 2379 1620 in
2435 1560 2731 1622 materia
2797 1560 3190 1623 lutherana.

632 1667 902 1748 Questo
964 1687 1201 1728 rumor
1266 1667 1441 1727 duro
1493 1669 1635 1727 cosi
1689 1665 1808 1726 doi
1855 1665 2090 1746 giorni
2141 1675 2213 1726 et
2261 1665 2320 1726 si
2370 1665 2760 1747 divulgava
2827 1669 2956 1728 che
3005 1667 3192 1729 veni-

629 1794 768 1836 ano
816 1772 1027 1836 messi
1076 1793 1291 1855 sopra
1338 1772 1549 1834 messi
1582 1772 1712 1834 che
1746 1782 2147 1852 portavano
2183 1772 2390 1834 simili
2425 1774 2710 1835 novelle
2760 1775 2890 1835 che
2927 1773 3194 1836 Luther

629 1904 672 1945 a
720 1890 1001 1962 quattro
1051 1880 1377 1961 giornate
1428 1879 1498 1941 di
1547 1879 1663 1960 qui
1712 1880 1946 1942 havea
1994 1881 2410 1942 remandato
2462 1883 2530 1942 lo
2578 1882 2876 1943 heraldo
2935 1891 3004 1944 et
3065 1881 3194 1946 fat-

629 1988 752 2051 toli
808 1988 877 2049 di
928 2007 1055 2050 sua
1103 2007 1310 2048 mano
1361 1987 1689 2067 quitanza
1740 1988 1930 2048 della
1979 2006 2198 2067 carga
2247 1988 2363 2049 del
2412 1989 2612 2049 salvo
2679 1989 3019 2050 condotto
3087 1987 3197 2070 (si-

632 2096 774 2158 cuti
822 2115 1076 2157 revera
1124 2095 1289 2172 est);
1352 2093 1473 2174 poi
1524 2095 1709 2155 ando
1758 2095 1852 2154 ad
1899 2113 2040 2154 una
2088 2102 2282 2155 terra
2329 2115 2371 2154 a
2420 2103 2568 2156 otto
2619 2115 2660 2156 o
2711 2094 2786 2155 X
2821 2094 3056 2176 giorni
3104 2096 3196 2157 de

633 2209 747 2284 qul
798 2203 1160 2264 nominata
1207 2201 1583 2281 Eysenach
1644 2201 1830 2262 dove
1899 2221 1974 2262 se
2038 2200 2242 2262 dicea
2291 2200 2448 2263 chel
2510 2201 2802 2281 predico
2867 2203 2933 2264 el
2998 2203 3066 2264 dl
3127 2202 3198 2263 di

632 2309 860 2372 Santa
908 2308 1132 2371 Croce
1184 2317 1254 2370 et
1302 2305 1445 2369 cosi
1496 2309 1725 2368 havea
1786 2306 1968 2369 fatto
2020 2319 2268 2368 contra
2325 2307 2372 2368 il
2439 2308 3030 2371 comandamento
3079 2329 3198 2372 ex-

631 2436 881 2499 presso
931 2415 1001 2477 di
1054 2414 1303 2494 Cesar,
1356 2427 1426 2476 et
1477 2413 1696 2476 dicesi
1759 2416 1890 2476 che
1955 2415 2193 2476 monto
2243 2416 2394 2476 solo
2459 2413 2526 2474 in
2593 2433 2796 2476 carro
2861 2435 2992 2477 con
3058 2435 3198 2477 uno

634 2544 762 2585 suo
830 2522 1157 2599 fratello,
1237 2521 1479 2582 lassati
1542 2521 1591 2583 li
1654 2521 1818 2582 altri
1882 2520 2147 2582 dottori
2211 2528 2281 2582 et
2358 2540 2496 2581 non
2563 2521 2762 2582 volse
2834 2541 2966 2584 con
3031 2543 3197 2586 seco

632 2631 936 2693 nianche
980 2649 1072 2690 un
1122 2627 1408 2690 fratello
1460 2627 1529 2688 di
1579 2647 1706 2689 suo
1756 2628 1979 2708 padre
2031 2630 2097 2690 el
2145 2628 2356 2708 quale
2405 2629 2472 2690 el
2520 2627 2730 2689 volea
2777 2648 3196 2711 accompag-

636 2757 762 2800 nar
822 2746 891 2798 et
940 2737 1070 2798 che
1119 2735 1216 2797 lui
1266 2736 1477 2797 volea
1540 2733 1786 2797 visitar
1844 2733 2027 2796 fuori
2092 2735 2163 2796 di
2228 2755 2435 2796 mano
2493 2755 2586 2796 un
2652 2756 2778 2797 suo
2840 2736 3068 2798 amieo
3128 2745 3200 2799 et

634 2843 783 2908 cosi
830 2844 900 2907 in
950 2842 1227 2906 camino
1278 2862 1402 2905 era
1450 2851 1634 2905 stato
1684 2862 1896 2923 preso
1949 2850 2017 2903 et
2048 2842 2313 2904 lassato
2368 2843 2428 2905 el
2484 2861 2905 2923 compagnO.
3001 2843 3076 2905 Io
3127 2842 3197 2905 di

635 2962 884 3033 questo
934 2972 1025 3015 ne
1073 2952 1235 3014 havi
1287 2958 1536 3031 queste
1588 2969 1820 3012 nuove
1870 2951 2000 3010 che
2037 2949 2122 3011 V.
2153 2948 2224 3011 S.
2262 2949 2452 3010 Rma
2500 2948 2720 3011 vedra
2767 2970 2898 3031 per
2946 2952 3197 3011 lettere

635 3060 731 3121 dil
782 3058 1093 3121 Cochleo
1144 3058 1276 3119 che
1326 3056 1419 3118 mi
1468 3056 1698 3117 scrive
1748 3054 1821 3116 di
1869 3054 2502 3117 1⁴'ranchfordia-et
2537 3056 2754 3137 quelli
2787 3058 2918 3118 che
2966 3068 3195 3137 porta-

634 3187 820 3229 vano
871 3165 995 3226 tali
1029 3185 1260 3227 nuove
1311 3163 1611 3225 diceano
1662 3183 1858 3223 esser
1907 3162 2072 3224 stati
2111 3163 2182 3224 in
2215 3163 2414 3225 detta
2445 3172 2635 3223 terra
2685 3163 2774 3224 de
2823 3162 3196 3243 Eysenach

636 3284 707 3335 et
774 3273 955 3334 visto
1029 3272 1333 3351 pianger
1400 3272 1465 3331 el
1514 3270 1661 3331 thio
1732 3269 1824 3331 de
1885 3269 2178 3348 Luther,
2245 3278 2316 3331 et
2380 3268 2826 3332 conveniano
2894 3268 3053 3332 tutti
3109 3271 3198 3331 de

635 3381 814 3458 1000,
866 3380 955 3440 de
1006 3378 1155 3455 die,
1224 3378 1313 3437 de
1363 3376 1672 3457 quinque
1725 3375 2084 3457 equitibus
2132 3398 2174 3438 a
2223 3376 2477 3457 quibus
2526 3376 2740 3437 fuerit
2790 3386 3070 3457 captuS,
3131 3387 3200 3439 et

637 3487 823 3548 delle
872 3487 1051 3547 altre
1100 3493 1279 3545 tutte
1330 3484 1744 3563 sopradette
1795 3483 2193 3563 condition,
2263 3492 2336 3545 et
2384 3482 2577 3563 quivi
2624 3482 2858 3545 alcuni
2907 3482 3198 3565 imputa-

637 3612 823 3656 vano
874 3613 915 3653 a
964 3592 1083 3653 noi
1134 3594 1266 3652 che
1313 3590 1714 3651 havessimo
1766 3590 2134 3651 subornati
2183 3590 2228 3651 li
2281 3591 2440 3651 chel
2487 3590 2862 3672 pilioron0‚
2911 3590 3070 3655 altri
3133 3592 3198 3651 al

640 3700 831 3762 Rmo
898 3698 1274 3761 Cardinale
1358 3696 1786 3779 Moguntino
1863 3697 2018 3775 (che
2081 3695 2220 3758 Dio
2287 3698 2568 3759 volesse
2645 3696 2836 3759 fusse
2897 3707 3081 3759 stato
3146 3710 3200 3759 si

638 3806 926 3889 ardito);
978 3804 1163 3867 assai
1213 3804 1509 3866 diceano
1560 3806 1691 3865 che
1742 3802 2182 3883 Sichinghen
2234 3804 2273 3864 l’
2327 3805 2557 3865 havea
2605 3804 2785 3865 fatto
2817 3804 3026 3885 piliar
3073 3825 3202 3887 per

639 3916 862 3976 haver
891 3932 1079 3991 sec0,
1115 3932 1226 3973 ma
1276 3920 1527 3991 questo
1578 3931 1717 3972 non
1770 3931 1894 3973 era
1943 3909 2359 3973 verissimile
2399 3912 2558 3973 chel
2605 3910 2909 3973 havesse
2941 3912 3204 3973 lassato

639 4023 862 4083 andar
918 4021 1134 4099 longe
1186 4019 1256 4079 X
1310 4018 1666 4099 giornate;
1732 4038 1874 4080 non
1926 4018 2138 4098 pochi
2193 4016 2490 4080 diceano
2541 4040 2737 4080 esser
2799 4028 3027 4080 trama
3089 4018 3205 4079 del

639 4130 844 4190 Duca
892 4126 962 4188 di
1026 4126 1343 4188 Saxonia
1410 4146 1540 4206 per
1611 4127 1891 4207 poterlo
1959 4136 2451 4188 secui-amente
2517 4127 2914 4187 abscondet·
2963 4124 3204 4187 avanti

642 4237 705 4297 el
772 4233 865 4295 fin
937 4235 1055 4295 del
1122 4232 1705 4311 salvocondottO,
1770 4242 1842 4295 et
1911 4232 2031 4313 poi
2097 4256 2138 4293 o
2191 4234 2574 4295 tenendolo
2638 4254 2678 4293 o
2729 4232 3205 4294 mandandolo

640 4350 929 4423 poterse
993 4360 1294 4403 excusar
1342 4341 1473 4401 che
1524 4338 1619 4401 lui
1668 4360 1791 4400 era
1841 4348 2025 4400 stato
2075 4359 2286 4419 preso
2354 4340 2444 4400 da
2505 4338 2685 4403 altri.
2781 4338 2912 4401 Poi
2975 4358 3208 4400 venne

646 4468 781 4509 uno
862 4449 991 4509 che
1070 4447 1258 4509 disse
1338 4469 1379 4507 a
1459 4446 1676 4508 Cesar
1756 4448 1861 4525 (ut
1939 4446 2178 4507 rotulit
2246 4445 2412 4507 mihi
2481 4440 2878 4527 confessor)
2927 4446 3058 4507 che
3112 4444 3207 4507 lui

644 4574 865 4635 sapea
936 4554 1121 4615 dove
1190 4554 1502 4615 Martino
1593 4575 1715 4615 era
1780 4553 2122 4616 detenuto
2196 4562 2265 4613 et
2339 4554 2468 4613 che
2542 4554 2608 4613 lo
2663 4551 3036 4615 detentore
3087 4573 3208 4613 era

642 4682 783 4723 uno
832 4660 1322 4741 gentilhuomo
1374 4661 1445 4722 di
1486 4660 1886 4723 Franconia
1936 4660 2297 4721 nominato
2368 4660 2639 4722 Hector
2699 4658 3004 4737 Behem,
3077 4661 3208 4720 che

644 4767 763 4849 gia
820 4767 1053 4830 alcuni
1119 4766 1293 4829 mesi
1358 4767 1589 4829 havea
1640 4767 1964 4829 diffidato
2014 4768 2064 4828 il
2112 4768 2295 4829 duca
2345 4766 2635 4829 Saxone
2671 4777 2743 4829 et
2775 4765 2844 4827 in
2878 4766 3207 4846 despetto

644 4895 773 4943 suo
822 4876 864 4938 1’
898 4874 1129 4939 hav-ea
1198 4894 1408 4959 preso
1459 4874 1804 4957 MartinO,
1863 4876 2053 4958 quod
2122 4873 2386 4937 utinam
2449 4872 2736 4954 fuisset,
2793 4870 3208 4957 praesertim
