3575 5775
1358 559 1850 619 ε3·-<ῗ3249ίὲ>-<>

338 707 591 776 ditione
640 727 716 774 56
768 727 909 773 non
960 710 1078 772 del
1124 717 1307 773 tutto
1357 711 1828 788 frustratoria,
1875 713 2157 773 almeno
2207 715 2424 776 molto
2455 712 2882 797 imperfetta.

334 819 471 882 Sua
516 819 785 881 Maest1
844 817 907 879 ci
956 818 1248 886 ordeno,
1299 818 1431 878 che
1480 816 1599 879 nui
1648 818 2172 898 expectassimo
2234 819 2304 882 in
2370 823 2658 904 palam,
2729 823 2883 885 sino

334 927 483 988 chel
511 936 838 988 tornasse
870 925 987 986 dal
1019 932 1374 986 convento
1424 924 1514 986 de
1550 922 1899 1006 Principi,
1948 925 2015 988 el
2063 929 2226 1006 qual
2277 926 2335 989 si
2383 929 2620 990 aduna
2666 928 2734 990 in
2786 929 2880 991 di-

330 1054 529 1095 verso
577 1034 759 1112 loco,
810 1035 941 1094 che
988 1033 1276 1094 tandem
1326 1031 1827 1093 vederessemo
1879 1034 2043 1112 quel
2081 1034 2210 1094 che
2259 1033 2356 1094 lui
2406 1054 2528 1096 era
2575 1055 2705 1115 per
2753 1035 2881 1102 far.

332 1141 399 1202 In
452 1142 521 1202 la
568 1139 781 1202 Dieta
830 1137 977 1201 Sua
1024 1138 1300 1201 Maesta
1360 1137 1703 1218 ringratio
1772 1139 1820 1200 li
1869 1138 2182 1220 Principi
2250 1141 2367 1202 del
2429 1143 2567 1203 bon
2640 1144 2881 1206 volere

330 1251 474 1310 loro
540 1257 611 1310 et
672 1250 741 1309 la
802 1249 994 1308 bona
1058 1244 1469 1308 obedientia
1516 1245 1842 1326 prestita,
1909 1255 1980 1308 et
2027 1245 2072 1306 li
2125 1245 2366 1308 auxilii
2417 1249 2763 1328 promessi
2814 1258 2884 1312 et

328 1355 479 1417 altri
530 1355 660 1417 atti
708 1354 876 1417 nelli
924 1353 1115 1436 quali
1162 1351 1393 1439 (como
1442 1352 1498 1414 si
1548 1353 1731 1434 dice)
1781 1362 2032 1433 questa
2079 1353 2362 1416 natione
2410 1356 2503 1417 ha
2532 1354 2712 1418 fatto
2760 1357 2878 1438 pin

327 1465 389 1524 al
438 1473 611 1524 nuto
661 1471 732 1524 et
782 1464 979 1523 voler
1029 1463 1117 1522 de
1165 1470 1416 1541 questo
1468 1459 1685 1522 Cesar
1735 1461 1868 1522 che
1915 1459 2032 1539 gia
2083 1461 2270 1522 assai
2317 1472 2556 1542 tempo
2607 1475 2678 1524 et
2711 1465 2881 1526 {orsi

328 1569 456 1631 mai
508 1571 597 1630 de
646 1570 903 1631 alcuno
951 1571 1155 1631 altro,
1250 1566 1579 1630 Vicissim
1629 1567 1675 1629 li
1725 1567 2029 1649 principi
2077 1576 2149 1629 et
2187 1569 2350 1630 stati
2385 1571 2880 1650 rengratiorno

332 1673 469 1738 Sua
518 1675 793 1736 Maesta
855 1683 925 1737 et
982 1675 1166 1736 cossi
1228 1673 1305 1737 fu
1367 1694 1610 1736 messo.
1660 1683 1912 1755 questo
1962 1674 2078 1756 gia
2127 1675 2220 1736 da
2267 1675 2427 1737 tutti
2477 1676 2881 1740 desiderato

329 1781 461 1844 fine
492 1784 633 1844 alla
682 1781 894 1846 dieta.
988 1780 1139 1844 Con
1172 1790 1424 1862 questo
1462 1791 1696 1863 tamen
1745 1781 1878 1844 che
1927 1782 2018 1844 ad
2068 1781 2407 1844 instantia
2455 1784 2528 1845 di
2562 1781 2709 1846 Sua
2735 1785 2880 1847 Ma·
2947 1799 2956 1806 ·

332 1891 471 1952 esta
536 1890 754 1952 niuno
826 1888 885 1950 si
933 1888 1237 1970 partisse
1283 1908 1413 1969 per
1462 1899 1747 1969 quattro
1797 1887 2030 1970 giorni
2093 1890 2183 1951 de
2247 1889 2401 1970 qui,
2475 1891 2739 1971 perche
2805 1914 2882 1954 se

329 1997 647 2060 haveano
711 2017 753 2058 a
814 1995 925 2057 far
985 1997 1237 2058 alcune
1286 2003 1557 2057 cosette
1609 1995 2173 2058 extraordinarie
2223 2015 2430 2059 cerea
2478 2000 2548 2059 la
2593 2018 2858 2062 concor

332 2104 443 2168 dia
489 2113 559 2168 et
606 2124 788 2187 pace
837 2105 925 2164 de
975 2104 1209 2165 alcuni
1258 2102 1677 2184 querelanti.
1774 2103 1904 2165 Poi
1939 2103 2155 2165 Cesar
2207 2106 2492 2166 retorno
2543 2125 2584 2166 a
2621 2105 2878 2168 Palazo

332 2222 881 2293 accompagnato
930 2209 1023 2272 da
1071 2210 1270 2271 multi
1319 2209 1631 2291 Principi
1682 2220 1751 2271 et
1801 2210 1868 2271 in
1919 2210 2164 2291 primis
2227 2212 2319 2273 da
2368 2221 2651 2291 quattro
2701 2215 2880 2275 elec-

332 2319 493 2396 tori,
553 2319 599 2380 li
652 2330 758 2380 tre
808 2317 1267 2380 ecclesiastici
1319 2328 1390 2378 et
1436 2317 1954 2398 Brandeburg,
2003 2319 2262 2399 perche
2315 2321 2380 2380 el
2420 2318 2712 2382 Saxone
2761 2319 2880 2401 gia

330 2425 445 2488 doi
504 2426 573 2487 di
642 2444 763 2487 era
826 2424 1123 2505 partim,
1190 2434 1260 2486 et
1326 2426 1389 2485 61
1458 2423 1773 2505 palatino
1843 2445 1965 2486 era
2013 2425 2110 2486 ito
2160 2445 2293 2506 per
2339 2446 2634 2489 re‘cever
2683 2429 2880 2490 detto

330 2533 611 2596 Saxone
659 2533 729 2594 in
780 2531 1321 2612 Heidelbergha
1367 2551 1499 2612 per
1544 2533 1729 2593 dove
1779 2532 1822 2593 l'
1853 2552 1976 2594 era
2023 2553 2154 2614 per
2212 2553 2484 2614 passar.
2579 2533 2881 2597 Havean

328 2649 555 2702 tamen
606 2640 725 2720 qui
773 2639 825 2701 li
871 2641 1025 2701 loro
1075 2638 1528 2701 locutenenti.
1624 2637 1834 2718 Quivi
1885 2639 2102 2702 Cesar
2167 2661 2256 2702 ne
2303 2640 2461 2703 fece
2511 2641 2882 2704 rechieder

328 2747 391 2809 in
443 2750 509 2810 la
554 2748 731 2810 salla
780 2749 965 2809 dove
1016 2767 1233 2809 erano
1284 2747 1465 2808 oltra
1512 2745 1561 2808 li
1611 2746 1919 2826 predetti
1969 2746 2270 2828 principi
2313 2745 2650 2810 Germani
2699 2756 2880 2812 tutta

328 2855 393 2917 la
438 2853 771 2936 Signoria
818 2853 1229 2938 Hispanica‚
1280 2869 1350 2917 et
1398 2852 1586 2916 assai
1634 2853 2127 2935 gentilhomini
2176 2855 2397 2917 nostri
2451 2855 2758 2931 Italiani,
2811 2865 2880 2919 et

327 2972 771 3041 presentamo
818 2961 1045 3043 primo
1097 2963 1161 3023 el
1211 2963 1431 3023 breve
1479 2982 1522 3021 a
1570 2961 1717 3023 Sua
1742 2960 2039 3040 Maesta,
2091 2963 2159 3023 16
2208 2963 2375 3042 qual
2403 2961 2545 3024 fino
2582 2984 2622 3024 a
2653 2964 2877 3043 quest'

326 3070 495 3132 hora
540 3070 773 3131 havea
821 3070 1064 3130 voluto
1130 3069 1262 3129 che
1320 3067 1438 3129 noi
1490 3068 1552 3128 el
1603 3088 2127 3130 reservassemo
2177 3089 2219 3129 a
2267 3070 2711 3149 presentarlo
2761 3090 2875 3132 an-

328 3195 490 3239 cora
534 3178 665 3238 che
714 3174 857 3237 fino
908 3174 1195 3255 giovedi
1248 3174 1342 3237 lui
1392 3176 1693 3237 havesse
1743 3176 1918 3237 letto
1969 3184 2040 3237 et
2086 3174 2314 3237 inteso
2364 3178 2434 3238 la
2481 3175 2876 3239 substantia

327 3284 411 3345 de
460 3284 655 3346 detto
695 3285 937 3361 breve,
985 3283 1249 3364 perche
1300 3283 1533 3344 subito
1584 3284 1626 3344 l'
1659 3284 1840 3345 altro
1891 3282 2144 3362 giorno
2193 3292 2532 3364 receputa
2581 3303 2710 3364 per
2759 3284 2876 3346 noi

326 3389 389 3450 la
436 3389 895 3472 expeditione
958 3389 1031 3450 di
1094 3389 1332 3451 Roma
1395 3392 1816 3451 andessemo
1881 3409 1922 3450 a
1987 3400 2231 3451 trovar
2279 3386 2424 3452 Sua
2472 3390 2748 3452 Maesta
2808 3402 2878 3452 et

324 3495 821 3574 presentamoli
886 3498 951 3558 el
1014 3499 1235 3558 breve
1282 3498 1538 3578 latino,
1604 3506 1674 3557 et
1736 3496 1931 3557 accio
1997 3496 2205 3558 melio
2268 3498 2309 3560 1’
2337 3498 2744 3561 intendesse
2811 3500 2878 3562 io

322 3600 361 3661 l’
390 3603 618 3667 havea
664 3605 1083 3665 translatato
1131 3602 1202 3664 in
1236 3601 1585 3682 francese,
1634 3623 1803 3665 cosa
1836 3624 1877 3664 a
1913 3602 2059 3664 Sua
2091 3604 2367 3666 Maesta
2401 3605 2618 3667 molto
2649 3616 2876 3689 grata,

321 3728 445 3787 per
492 3710 821 3773 intender
868 3710 1076 3773 melio
1125 3712 1195 3772 lo
1246 3710 1380 3772 che
1428 3713 1494 3772 le
1544 3708 1583 3770 6
1632 3713 1897 3787 scritto,
1947 3720 2018 3771 et
2064 3712 2289 3773 allora
2339 3712 2527 3774 disse
2559 3715 2624 3775 el
2658 3716 2876 3776 breve

320 3814 535 3878 latino
583 3818 940 3879 servatelo
988 3816 1130 3879 fine
1179 3818 1311 3879 che
1345 3817 1413 3879 io
1450 3817 1517 3879 vi
1554 3818 1708 3879 diro
1752 3819 2034 3898 quando
2083 3818 2124 3879 l'
2150 3820 2396 3881 harete
2431 3841 2472 3881 a
2507 3832 2877 3900 presentat

324 3931 387 3981 et
434 3924 694 3985 datemi
760 3935 1013 4004 questo
1072 3925 1385 3985 tradotto
1455 3926 1585 3985 che
1634 3924 1896 4005 meglio
1948 3925 2015 3986 10
2063 3924 2438 3988 intendero
2489 3938 2558 3987 et
2606 3929 2875 3989 harone

321 4028 599 4109 piacere
647 4031 961 4111 grande;
1013 4042 1081 4092 et
1132 4042 1385 4113 questo
1437 4041 1633 4093 certo
1680 4051 1865 4095 vene
1913 4035 2099 4093 bene
2136 4054 2176 4093 a
2211 4033 2578 4113 proposito
2609 4036 2872 4115 perche

322 4156 519 4199 como
564 4138 855 4200 intendo
906 4139 999 4199 da
1044 4137 1197 4199 suoi
1245 4137 1466 4200 intimi
1518 4140 1585 4200 lo
1631 4140 1817 4201 lesse
1867 4139 1984 4220 pisi
2036 4138 2105 4201 di
2153 4149 2259 4201 tre
2309 4138 2504 4217 flate,
2566 4150 2636 4201 et
2682 4161 2871 4203 mon-

322 4252 557 4305 strava
600 4247 867 4306 havere
915 4265 1093 4325 gran
1146 4244 1434 4325 piacere
1485 4246 1572 4307 de
1622 4244 1950 4308 intender
2001 4248 2066 4307 el
2113 4249 2258 4307 bon
2288 4248 2490 4308 voler
2520 4258 2591 4309 et
2639 4248 2872 4312 animo

323 4349 432 4411 del
480 4348 963 4415 SanctissimO.
1060 4352 1189 4413 Poi
1240 4352 1388 4415 heri
1424 4356 1650 4431 (como
1682 4355 1773 4415 ho
1810 4350 2038 4437 detto)
2069 4365 2520 4435 presentamo
2556 4355 2620 4416 el
2652 4359 2874 4419 breve

322 4457 573 4537 latin0‚
632 4463 693 4521 61
764 4462 975 4541 quale
1036 4459 1115 4521 fu
1176 4462 1350 4521 letto
1416 4461 1533 4521 dal
1596 4479 1773 4541 gran
1827 4459 2248 4522 Cancellieri
2297 4462 2442 4523 alta
2489 4482 2666 4525 voce
2716 4484 2872 4525 cum

323 4582 489 4645 gran
542 4566 889 4629 attention
937 4569 1025 4629 de
1074 4567 1124 4628 li
1172 4567 1488 4647 Principi
1538 4566 1884 4647 germani,
1933 4578 2003 4629 et
2025 4566 2445 4648 jubilatione
2495 4569 2586 4631 de
2633 4569 2681 4631 li
2715 4569 2868 4652 Sig-

324 4672 465 4732 nori
514 4672 669 4735 Itali
720 4686 792 4735 et
842 4673 1184 4754 Hispani,
1247 4673 1508 4754 perche
1568 4694 1645 4735 re
1695 4694 1866 4735 vera
1915 4674 1980 4735 el
2032 4677 2248 4736 breve
2299 4695 2423 4737 era
2471 4678 2870 4739 excellente

326 4786 390 4839 et
444 4780 631 4841 bene
690 4802 732 4842 a
780 4781 1171 4861 proposit0,
1221 4780 1339 4861 poi
1390 4792 1844 4861 presentamo
1895 4782 1963 4843 in
2013 4782 2373 4862 presentia
2423 4784 2512 4845 de
2563 4784 2782 4847 Cesar
2829 4806 2872 4847 a

324 4882 787 4950 ciascheduno
836 4889 927 4950 de
977 4888 1270 4951 electori
1335 4892 1402 4951 el
1464 4909 1623 4967 su0,
1690 4888 1882 4969 quali
1945 4908 2100 4951 cum
2165 4889 2407 4951 debita
2466 4891 2870 4955 reverentia
