3575 5775
1351 604 1846 667 &avve—0

329 754 690 835 consumit,
737 757 865 818 scd
914 756 1252 821 continua
1299 757 1512 820 etiam
1560 758 1950 821 Turcorum
1999 754 2327 819 excursio
2377 762 2447 817 et
2494 752 2731 816 rabies
2761 750 2883 814 illa

327 859 720 925 cohibenda
752 863 1014 926 atterit.
1078 862 1286 943 Quod
1320 872 1558 927 tamen
1594 884 1738 926 non
1785 883 1968 945 eque
2020 864 2262 942 doleo,
2314 880 2397 925 ac
2427 863 2593 923 dum
2626 859 2882 922 nullius

327 966 440 1029 otii
465 968 726 1031 nullius
755 969 1286 1051 tranquillitatis
1311 990 1624 1051 securuS,
1655 990 1837 1053 quae
1864 978 2031 1032 ante
2053 971 2298 1032 oculos
2318 976 2693 1030 versantur
2724 987 2880 1049 pro·

327 1076 433 1137 cul
479 1092 696 1137 cerno
741 1077 930 1139 mala
975 1075 1214 1139 futura
1261 1097 1479 1158 super
1527 1076 2159 1155 christianitatem,
2206 1075 2327 1139 ubi
2374 1075 2882 1157 ingravescens

325 1180 562 1262 hostiS‚
611 1183 982 1263 occupatis
1027 1182 1323 1264 finibuS‚
1396 1185 1604 1247 sedes
1654 1184 2065 1247 interiorum
2116 1182 2651 1247 Provinciarum
2701 1200 2881 1243 mea·

325 1306 470 1351 rum
519 1288 945 1370 devastans,
993 1290 1261 1354 liberas
1309 1290 1447 1353 sibi
1493 1291 1858 1374 aperuerit
1914 1290 2069 1353 vias
2132 1292 2249 1353 vel
2306 1290 2379 1355 in
2428 1286 2883 1353 Germaniam

324 1394 610 1459 ulterius
657 1397 1034 1478 grassandi
1081 1399 1199 1460 vel
1247 1418 1378 1480 per
1425 1396 1690 1460 Forum
1742 1396 1908 1477 Julii
1964 1396 2036 1459 in
2098 1396 2373 1459 Italiam
2436 1396 2628 1458 sicco
2693 1394 2880 1476 pede

325 1504 850 1585 prorumpendi.
947 1503 1156 1585 Quod
1202 1514 1440 1569 tamen
1491 1524 1628 1587 ego
1675 1504 1901 1568 fretus
1936 1524 2077 1585 ope
2108 1504 2245 1566 Dei
2276 1502 2643 1591 impedire,
2692 1520 2879 1582 mag·

325 1629 410 1673 no
458 1610 786 1692 profecto
851 1630 1072 1692 ausu,
1140 1620 1284 1677 tam
1355 1611 1799 1676 formidolosi
1872 1612 2095 1674 hostis
2166 1610 2557 1692 potentiam
2627 1608 2700 1671 in
2769 1627 2881 1671 me

325 1734 528 1781 unum
575 1715 884 1798 irritam,
934 1719 1240 1782 caeteris
1272 1718 1606 1802 Regibus
1639 1718 2279 1799 Potentatibusque
2314 1714 2880 1794 conniventibus,

323 1826 632 1905 tentabO,
665 1824 788 1889 ubi
817 1826 1203 1889 accesserit
1233 1824 1708 1889 Beatitudinis
1741 1825 2047 1889 Vestrae
2080 1822 2441 1905 auxilium,
2472 1843 2655 1905 quae
2680 1829 2879 1883 tanto

326 1932 544 2013 mag-is
593 1951 706 1995 me
751 1952 1091 2015 meosque
1139 1934 1464 1997 subditos
1511 1934 1648 1997 sibi
1691 1933 1950 1996 reddet
1996 1930 2378 2011 obnoxiOS,
2430 1938 2692 2012 quanto
2742 1948 2879 1991 ma-

321 2035 610 2119 ioribuS,
671 2049 748 2100 ut
812 2039 1091 2120 scribit,
1157 2058 1384 2121 agens
1445 2040 1518 2103 in
1574 2040 1925 2121 angustiis
1980 2049 2051 2102 et
2116 2036 2655 2101 difficultatibus
2716 2033 2879 2115 suis,

325 2146 760 2227 excogitabit
821 2148 1108 2211 omnino
1172 2147 1439 2229 aliquid
1501 2157 1580 2210 ut
1637 2147 1981 2228 temporis
2046 2145 2183 2209 mei
2240 2144 2635 2226 intelligam
2697 2162 2743 2205 a
2802 2162 2879 2203 se

326 2251 632 2315 habitam
669 2272 824 2317 esse
855 2254 1224 2318 rationem.
1313 2254 1588 2335 Quibus
1633 2274 1807 2317 vero
1858 2252 2081 2335 copiis
2130 2261 2203 2315 et
2249 2272 2389 2334 quo
2440 2249 2686 2315 ordine
2732 2258 2880 2311 tan-

327 2352 458 2423 tam
505 2361 764 2426 molem
813 2362 1120 2443 aggredi
1165 2360 1687 2442 constituerim,
1738 2380 1896 2423 cum
1944 2362 2159 2442 plene
2206 2360 2295 2422 de
2342 2358 2480 2426 illis
2526 2356 2881 2440 prefatum

327 2464 830 2531 Reverendum
877 2468 1228 2549 Legatum
1277 2488 1476 2532 suum
1528 2466 1933 2531 edocuerim
1978 2468 2189 2530 latius
2236 2464 2472 2529 omnia
2519 2484 2609 2527 ex
2660 2460 2881 2525 literis

327 2570 468 2635 eius
538 2584 929 2654 cognoscet
999 2572 1358 2638 Sanctitas
1421 2574 1706 2638 Vestra.
1817 2573 1945 2638 Cui
2006 2594 2163 2637 eam
2226 2571 2514 2635 indubie
2584 2568 2881 2632 habebit

326 2676 523 2741 fidem
545 2726 563 2759 ,
628 2698 838 2761 quam
897 2690 1096 2745 tanto
1163 2682 1320 2745 viro
1381 2700 1514 2763 par
1562 2690 1672 2745 est
1717 2681 2127 2744 attribuere.
2224 2678 2426 2760 Quae
2473 2676 2879 2741 felicissime

326 2786 572 2850 valeat.

491 2911 602 2974 Ex
653 2911 938 2976 Vienna
972 2913 1106 2977 Die
1155 2915 1382 2996 prima
1414 2914 1754 2980 Octobris
1806 2915 2017 2977 Anno
2054 2912 2331 2976 Domini
2384 2909 2876 2973 MDXXIV‘0.

578 3037 910 3102 Eiusdem
962 3038 1378 3102 Sanctitatis
1428 3040 1732 3102 Vestrae

1611 3164 1847 3212 Humilis
1886 3170 1939 3212 et
1976 3163 2273 3225 obsequens
2313 3159 2449 3210 filius

1555 3260 1945 3324 ferdinandus
2004 3267 2167 3316 Arch.
2220 3267 2484 3315 Austriae.

1382 3448 1433 3460 ma·
1439 3448 1582 3460 ι-Ννκοεκ·
1588 3449 1605 3458 ι-
1610 3447 1795 3461 Μ..

1527 3678 1604 3741 17
1659 3730 1672 3744 .

847 3791 1295 3894 Margherita
1349 3677 1736 3875 Austrigoa
1790 3793 2136 3874 Clementi
2190 3792 2347 3875 VII.

1168 3939 1360 4014 (Epist.
1401 3941 1634 4015 princip.
1671 3942 1717 4010 1,
1751 3941 1843 4002 fol.
1881 3942 2019 4012 284.)

1310 4050 1386 4118 (3.
1426 4053 1644 4104 Octobr.
1693 4055 1865 4116 1524.)

495 4173 912 4239 Beatissime
959 4175 1030 4238 in
1081 4175 1364 4239 Christo
1412 4176 1630 4240 Pater
1687 4187 1759 4240 et
1804 4177 2111 4241 Domine
2158 4177 2463 4240 Domine
2512 4173 2873 4240 Colendis-

332 4279 492 4345 sime
535 4291 699 4363 post
745 4283 1008 4364 pedum
1057 4285 1300 4346 oscula
1350 4283 1757 4347 Beatorum.
1838 4282 2011 4347 Cum
2046 4283 2498 4346 Venerabilis
2528 4283 2874 4346 Dominus

333 4383 834 4452 Illustrissimus
905 4389 1254 4470 Princeps
1315 4391 1400 4453 D.
1465 4390 1821 4454 Henricus
1881 4389 2135 4453 Comes
2213 4391 2585 4459 Palatinus
2656 4391 2873 4471 Reni,

333 4489 488 4554 Dux
557 4494 948 4576 Bavariae,
1035 4496 1578 4578 Consaguineus
1657 4507 1901 4561 noster
1968 4497 2437 4560 Charissimus
2512 4498 2871 4560 concordi-

333 4597 454 4660 bus
497 4599 562 4664 in
607 4601 924 4688 capitulo
974 4602 1354 4685 suffragiis,
1403 4603 1474 4668 in
1527 4604 2028 4667 Traiectensen
2064 4602 2527 4687 Episcopum,
2572 4616 2871 4669 vacante

335 4700 530 4786 Sede,
571 4707 662 4772 sit
711 4708 1004 4788 electus,
1051 4709 1342 4791 Nosque
1373 4710 1507 4792 ipsi
1556 4720 1703 4773 tum
1749 4720 2047 4793 propter
2079 4710 2365 4791 generis
2397 4713 2871 4794 splendorem,

335 4816 470 4874 tum
501 4816 586 4876 ob
615 4816 984 4897 preclaras
1011 4835 1178 4878 suas
1205 4815 1504 4882 virtutes
1538 4817 1935 4880 doctrinam
1984 4833 2053 4880 et
2083 4818 2568 4902 prudenciam,
2618 4821 2871 4903 quibus

335 4917 630 4996 preditus
679 4941 838 4986 esse
885 4920 1312 5005 dinoscitur,
1375 4943 1468 4989 ex
1521 4927 1738 4988 corde
1803 4928 1986 4990 bene
2034 4925 2361 5002 velimus;
2426 4928 2611 4992 adeo
2678 4931 2871 5010 quod
