3575 5775
1382 573 1499 628 0-<B
1576 571 1874 630 111498»ο

371 717 617 787 ditione
664 738 741 786 se
790 738 931 785 non
984 721 1101 784 del
1147 729 1332 783 tutto
1381 721 1852 799 frustratoria,
1903 724 2182 784 almeno
2230 727 2448 787 molto
2479 723 2906 808 imperfetta.

371 831 499 894 Sua
542 831 811 892 Maest1
868 829 931 891 ci
980 830 1271 897 ordeno,
1323 830 1455 890 che
1504 827 1623 890 nui
1673 829 2196 909 expectassimo
2259 830 2327 893 in
2394 832 2681 914 palazO,
2753 833 2906 896 sino

369 938 509 1000 chel
536 947 861 1000 tornasse
895 937 1011 999 dal
1043 945 1397 998 convento
1448 935 1538 997 de
1574 933 1923 1017 Principi,
1972 937 2040 999 el
2088 939 2250 1018 qual
2301 937 2360 1000 si
2408 940 2643 1001 aduna
2690 938 2758 1001 in
2810 939 2905 1002 di·

367 1065 555 1106 verso
602 1047 783 1123 loc0,
835 1046 963 1105 che
1012 1044 1299 1105 tandem
1350 1042 1852 1104 vederessemo
1903 1046 2068 1123 quel
2106 1045 2235 1105 che
2285 1044 2381 1106 lui
2430 1065 2552 1106 era
2599 1066 2729 1126 per
2777 1047 2905 1113 far.

370 1152 433 1214 ln
481 1154 547 1214 la
593 1150 805 1213 Dieta
854 1147 1001 1212 Sua
1050 1149 1325 1211 Maesta
1383 1149 1727 1229 ringratio
1797 1149 1843 1210 li
1893 1149 2204 1231 Principi
2274 1151 2389 1212 del
2451 1154 2592 1213 bon
2662 1155 2906 1216 volere

368 1262 503 1320 loro
565 1269 635 1320 et
697 1261 767 1320 la
828 1261 1018 1320 bona
1082 1255 1492 1318 obedientia
1541 1256 1866 1338 prestita,
1935 1266 2004 1318 et
2051 1257 2098 1318 li
2149 1256 2392 1318 auxilii
2440 1261 2788 1338 promessi
2837 1269 2907 1323 et

365 1367 507 1428 altri
556 1366 683 1428 atti
732 1366 901 1428 nelli
948 1365 1139 1446 quali
1186 1362 1417 1450 (como
1466 1364 1525 1425 si
1573 1364 1755 1444 dice)
1805 1373 2056 1444 questa
2101 1364 2386 1427 natione
2435 1367 2528 1427 ha
2557 1365 2736 1428 fatto
2785 1367 2902 1448 pisi

365 1477 425 1534 al
468 1484 634 1535 nuto
684 1483 755 1534 et
806 1473 1003 1534 voler
1053 1474 1141 1534 de
1190 1481 1441 1552 questo
1492 1470 1709 1533 Cesar
1759 1472 1891 1532 che
1939 1471 2056 1550 gia
2107 1471 2292 1534 assai
2343 1483 2581 1552 tempo
2631 1486 2701 1535 et
2735 1476 2904 1537 torsi

366 1580 487 1642 mai
534 1583 621 1641 de
670 1581 926 1642 alcuno
975 1580 1179 1642 altro,
1275 1578 1604 1640 Vicissim
1654 1578 1701 1640 li
1750 1577 2053 1660 principi
2102 1589 2172 1642 et
2211 1580 2376 1640 stati
2408 1581 2906 1660 rengratiorno

366 1685 497 1748 Sua
542 1687 817 1748 Maesta
878 1695 951 1748 et
1006 1686 1192 1748 cossi
1253 1684 1329 1747 fu
1391 1705 1624 1748 messo
1684 1693 1937 1766 questo
1986 1685 2102 1766 gia
2151 1686 2244 1748 da
2291 1686 2454 1747 tutti
2502 1687 2905 1750 desiderato

364 1792 489 1856 fine
520 1795 658 1855 alla
706 1793 917 1856 dieta.
1012 1791 1162 1855 Con
1196 1801 1449 1873 questo
1485 1801 1721 1854 tamen
1770 1794 1904 1855 che
1951 1793 2042 1854 ad
2093 1792 2432 1856 instantia
2479 1793 2550 1856 di
2587 1793 2732 1858 Sua
2760 1796 2904 1858 Ma-

366 1901 499 1963 esta
562 1901 777 1962 niuno
850 1899 909 1962 si
956 1899 1261 1980 partisse
1308 1919 1437 1980 per
1487 1909 1771 1980 quattro
1821 1898 2054 1980 giorni
2117 1901 2208 1962 de
2273 1900 2425 1981 qui,
2499 1901 2762 1982 perche
2830 1925 2904 1965 se

363 2009 671 2071 haveano
734 2027 777 2070 a
839 2006 950 2068 far
1009 2008 1261 2069 alcune
1312 2014 1581 2068 cosette
1633 2005 2198 2068 extraordinarie
2247 2027 2456 2069 cerea
2504 2011 2571 2070 la
2619 2029 2884 2072 concor

366 2116 471 2178 dia
515 2127 584 2179 et
630 2135 811 2198 pace
861 2116 951 2176 de
1000 2115 1233 2176 alcuni
1283 2113 1701 2194 querelanti.
1801 2114 1928 2176 Poi
1963 2115 2182 2176 Cesar
2231 2117 2516 2177 retorno
2567 2135 2608 2176 a
2645 2116 2904 2178 Palazo

366 2231 907 2304 accompagnato
955 2222 1049 2283 da
1096 2221 1295 2283 multi
1344 2219 1657 2302 Principi
1706 2229 1775 2282 et
1823 2221 1893 2282 in
1945 2221 2189 2301 primis
2253 2222 2344 2283 da
2392 2231 2674 2302 quattro
2726 2225 2905 2286 elec-

366 2330 519 2406 tori,
580 2330 625 2392 li
674 2341 782 2390 tre
832 2327 1294 2391 ecclesiastici
1343 2339 1413 2390 et
1462 2327 1978 2410 Brandeburg,
2027 2331 2287 2409 perche
2339 2332 2404 2391 el
2445 2329 2736 2392 Saxone
2785 2331 2904 2412 gia

366 2437 471 2498 doi
530 2437 597 2498 di
666 2457 788 2498 era
850 2435 1147 2517 partito,
1214 2444 1285 2496 et
1351 2437 1416 2497 el
1482 2435 1798 2516 palatino
1867 2456 1990 2497 era
2037 2436 2136 2498 ito
2185 2456 2316 2517 per
2363 2457 2659 2500 recever
2707 2439 2906 2501 detto

366 2545 636 2606 Saxone
684 2544 753 2606 in
805 2543 1346 2624 Heidelbergha
1390 2562 1523 2623 per
1569 2544 1755 2604 dove
1805 2543 1847 2603 1’
1878 2563 2000 2605 era
2049 2565 2178 2624 per
2238 2564 2508 2625 passar.
2605 2545 2904 2608 Havean

366 2659 579 2712 tamen
630 2651 751 2732 qui
797 2650 847 2712 li
895 2652 1049 2712 loro
1098 2649 1551 2712 locutenenti.
1649 2649 1860 2730 Quivi
1910 2649 2128 2713 Cesar
2192 2672 2281 2713 ne
2329 2651 2486 2714 fece
2535 2652 2906 2714 rechieder

364 2757 425 2819 in
472 2761 535 2820 la
580 2760 754 2821 salla
804 2760 990 2820 dove
1039 2777 1257 2820 erano
1308 2759 1492 2819 oltra
1538 2757 1586 2818 li
1636 2757 1945 2837 predetti
1994 2757 2294 2838 principi
2337 2757 2675 2820 Germani
2724 2768 2904 2822 tutta

366 2865 427 2927 la
468 2863 797 2947 Signoria
844 2863 1254 2947 Hispanica‚
1305 2878 1374 2928 et
1423 2863 1609 2928 assai
1659 2863 2150 2945 gentilhomini
2201 2866 2424 2927 nostri
2475 2866 2782 2943 Italiani‚
2835 2877 2905 2929 et

366 2982 794 3052 presentamo
842 2972 1071 3054 primo
1122 2974 1185 3034 el
1237 2974 1455 3034 breve
1505 2993 1547 3033 a
1596 2973 1741 3035 Sua
1768 2971 2063 3052 Maesta,
2117 2974 2186 3034 la
2231 2975 2398 3053 qual
2429 2972 2570 3034 fino
2606 2994 2648 3034 a
2677 2974 2902 3054 quest'

365 3081 524 3141 hora
568 3081 799 3141 havea
844 3080 1090 3141 voluto
1154 3080 1287 3140 che
1345 3078 1463 3140 noi
1514 3078 1579 3139 el
1628 3098 2152 3141 reservassemo
2203 3100 2244 3140 a
2291 3083 2736 3160 presentarlo
2785 3102 2900 3143 an-

367 3205 519 3249 cora
561 3189 691 3249 che
738 3186 883 3249 fino
932 3186 1222 3267 giovedi
1272 3185 1369 3248 lui
1417 3188 1717 3247 havesse
1768 3186 1943 3247 letto
1994 3194 2064 3247 et
2111 3185 2340 3249 inteso
2389 3188 2458 3249 la
2506 3188 2903 3251 substantia

367 3294 444 3355 de
490 3296 681 3357 detto
720 3296 962 3373 breve,
1011 3294 1273 3374 perche
1323 3294 1558 3355 subito
1607 3294 1651 3355 1'
1683 3295 1866 3355 altro
1916 3292 2169 3373 giorno
2219 3302 2558 3374 receputa
2606 3314 2736 3375 per
2783 3296 2902 3357 noi

366 3401 425 3461 la
467 3400 919 3481 expeditione
983 3400 1055 3462 di
1118 3400 1356 3462 Roma
1421 3403 1841 3462 andessemo
1905 3420 1948 3461 a
2012 3410 2255 3462 trovar
2304 3399 2450 3463 Sua
2495 3401 2774 3463 Maesta
2834 3414 2903 3463 et

364 3507 845 3585 presentamoli
910 3509 974 3569 el
1040 3509 1259 3569 breve
1307 3508 1563 3587 latino,
1629 3516 1699 3568 et
1760 3506 1956 3569 accio
2021 3508 2230 3570 melio
2294 3508 2770 3572 l’intendesse
2836 3510 2902 3573 io

360 3611 397 3672 l'
424 3614 644 3676 havea
690 3616 1107 3676 translatato
1156 3614 1227 3675 in
1262 3613 1609 3692 francese‚
1659 3634 1828 3676 cosa
1861 3634 1904 3675 a
1937 3612 2084 3676 Sua
2117 3615 2392 3677 Maesta
2427 3618 2643 3678 molto
2673 3628 2902 3700 grata,

362 3738 475 3798 per
520 3720 844 3785 intender
892 3719 1101 3783 melio
1150 3723 1219 3783 lo
1271 3723 1404 3783 che
1454 3723 1519 3782 le
1568 3720 1607 3781 e
1657 3725 1922 3799 scritto,
1973 3730 2042 3782 et
2090 3722 2314 3784 allora
2364 3723 2552 3785 disse
2584 3725 2648 3786 el
2683 3728 2901 3786 breve

362 3826 561 3889 latino
609 3828 965 3891 servatelo
1012 3826 1154 3890 fine
1204 3828 1335 3889 che
1370 3828 1438 3889 io
1476 3828 1541 3889 vi
1578 3829 1731 3890 diro
1776 3829 2060 3910 quando
2109 3830 2149 3890 l'
2176 3831 2420 3892 harete
2455 3852 2497 3892 a
2530 3839 2903 3911 presentat

364 3942 425 3993 et
466 3934 721 3996 daterni
786 3945 1037 4015 questo
1094 3938 1409 3997 tradotto
1480 3935 1609 3996 che
1658 3935 1921 4016 meglio
1971 3936 2040 3998 lo
2088 3936 2463 3999 intendero
2514 3950 2584 3999 et
2631 3940 2900 4001 hatone

363 4039 625 4119 piacere
674 4043 986 4121 grande;
1038 4052 1107 4103 et
1157 4051 1409 4123 questo
1461 4052 1657 4105 certo
1706 4062 1890 4105 vene
1938 4045 2125 4105 bene
2161 4064 2202 4105 a
2235 4044 2604 4126 proposito
2635 4047 2898 4125 perche

364 4164 543 4209 como
589 4149 881 4211 intendo
930 4150 1023 4211 da
1069 4148 1221 4211 suoi
1270 4148 1492 4210 intimi
1541 4152 1609 4211 lo
1657 4151 1842 4212 16556
1891 4149 2008 4231 pisi
2062 4150 2130 4211 di
2179 4160 2283 4212 tre
2335 4150 2529 4229 flate,
2592 4163 2661 4213 et
2708 4172 2896 4213 mon-

366 4262 581 4317 strava
626 4258 891 4317 havere
940 4275 1119 4337 gran
1173 4256 1459 4336 piacere
1510 4258 1597 4317 de
1649 4256 1975 4318 intender
2025 4259 2091 4319 el
2140 4260 2282 4320 bon
2313 4259 2515 4320 voler
2545 4270 2616 4320 et
2665 4260 2897 4323 animo

369 4359 469 4421 del
512 4359 989 4426 SanctissimO.
1084 4363 1213 4425 Poi
1263 4364 1414 4425 heri
1449 4367 1675 4443 (corno
1707 4366 1800 4425 ho
1836 4362 2062 4448 detto)
2094 4377 2546 4446 presentamo
2582 4369 2647 4427 el
2678 4370 2898 4429 breve

370 4466 597 4547 latin0,
659 4474 723 4533 el
790 4474 1000 4552 quale
1061 4470 1138 4532 fu
1202 4473 1375 4532 letto
1442 4472 1559 4532 dal
1620 4490 1798 4552 gran
1853 4471 2274 4534 Cancellieri
2322 4474 2466 4534 alta
2514 4494 2692 4537 voce
2742 4495 2896 4536 cum

376 4590 527 4651 gran
570 4578 913 4640 attention
962 4578 1049 4639 de
1100 4578 1149 4640 li
1198 4578 1515 4659 Principi
1563 4578 1908 4659 germani,
1958 4590 2026 4641 et
2050 4578 2470 4659 jubilatione
2521 4582 2610 4642 de
2658 4580 2709 4643 li
2739 4580 2894 4663 Sig-

383 4680 507 4740 nori
547 4682 695 4746 Itali
746 4694 819 4746 et
868 4684 1209 4765 Hispani,
1272 4684 1533 4765 perche
1592 4706 1669 4747 re
1719 4705 1891 4746 vera
1941 4686 2003 4746 el
2057 4688 2274 4748 breve
2325 4706 2448 4748 era
2496 4689 2895 4751 excellente

390 4790 445 4842 et
490 4788 653 4854 bene
716 4812 758 4853 a
804 4792 1196 4872 proposit0‚
1245 4792 1363 4873 poi
1414 4804 1870 4873 presentamo
1919 4791 1986 4852 in
2039 4792 2400 4873 presentia
2447 4796 2536 4857 de
2588 4795 2806 4858 Cesar
2855 4816 2897 4858 a

394 4886 810 4961 ciascheduno
862 4900 953 4961 de
1002 4899 1295 4962 electori
1360 4902 1426 4962 el
1490 4920 1648 4979 su0,
1716 4898 1907 4980 quali
1969 4920 2124 4961 cum
2190 4900 2432 4963 debita
2491 4902 2896 4965 reverentia
