3575 5775
1740 564 2234 626 &meib-<³

1928 951 2031 1017 70.

1470 1066 1827 1146 meander
1884 1065 2507 1149 vicecancellarm.

1609 1213 1805 1286 (11111111.
1842 1214 2093 1273 German.
2130 1213 2193 1272 11.
2230 1215 2365 1288 18¹7.)

1698 1330 1807 1402 (19.
1847 1335 2053 1398 Aprilis
2099 1337 2268 1398 1521.)

883 1479 1146 1540 Vostra
1175 1473 1515 1557 Signoria
1549 1475 2186 1539 Reverendissima
2232 1477 2445 1539 harra
2494 1477 2611 1557 gia
2653 1477 2882 1540 inteso
2930 1499 3061 1560 per
3092 1481 3279 1540 rela-

703 1587 897 1648 tione
969 1587 1058 1647 de
1107 1585 1386 1647 Messer
1433 1584 1815 1665 Raphaele
1888 1584 1954 1646 el
2025 1602 2355 1646 successo
2429 1584 2544 1646 del
2594 1585 2823 1666 primo
2872 1605 3128 1647 exame
3179 1587 3279 1649 de

703 1692 972 1754 Luther
1018 1693 1086 1753 in
1127 1691 1491 1774 presentia
1539 1690 1610 1752 di
1645 1689 1929 1770 Cesare,
1980 1700 2050 1752 et
2098 1692 2215 1753 del
2246 1690 2588 1772 Imperio:
2642 1691 2780 1754 Per
2813 1702 3062 1774 questo
3116 1711 3277 1755 cor·

702 1799 887 1863 riere
936 1801 1273 1862 mandato
1323 1819 1364 1861 a
1411 1809 1624 1880 posta
1670 1798 1762 1860 da
1812 1795 1957 1861 Sua
2004 1797 2302 1880 Maesta,
2355 1798 2621 1861 Vostra
2668 1795 3003 1879 Signoria
3028 1797 3279 1862 Reve-

699 1905 1119 1969 rendissima
1179 1905 1555 1968 intendera
1619 1925 1820 1968 come
1882 1904 2060 1967 hieri
2110 1906 2197 1966 ad
2250 1907 2426 1967 hore
2474 1914 2758 1986 quattro
2807 1905 2927 1986 poi
2972 1906 3278 1986 meggio

702 2012 771 2076 di
822 2013 1130 2076 Martino
1205 2013 1278 2076 fu
1352 2014 1702 2076 chiamato
1775 2013 1845 2074 in
1898 2012 2131 2075 Corte.
2226 2012 2316 2074 Et
2385 2013 2647 2093 perche
2698 2011 2959 2074 Cesare
3030 2033 3169 2074 con
3227 2013 3278 2074 li

703 2120 1015 2204 Principi
1063 2141 1184 2183 era
1234 2121 1564 2203 desopra,
1614 2121 1813 2182 detto
1845 2119 2155 2182 Martino
2206 2128 2372 2182 ante
2422 2120 2581 2182 chel
2630 2120 2821 2183 fusse
2856 2120 3281 2183 examinato

700 2231 994 2310 expetto
1042 2227 1160 2308 piu
1213 2227 1282 2289 di
1331 2247 1470 2294 una
1517 2229 1694 2289 hora
1740 2237 1813 2290 et
1862 2226 2148 2307 meggia
2196 2246 2325 2289 con
2384 2226 2858 2308 grandissimo
2914 2247 3275 2290 concorso

704 2336 820 2398 del
869 2337 1128 2397 mundo
1179 2337 1232 2396 si
1285 2337 1400 2397 nel
1451 2354 1578 2396 suo
1628 2333 1833 2396 venir
1879 2355 1921 2396 a
1983 2344 2213 2414 corte,
2279 2355 2479 2396 corne
2543 2334 2657 2396 nel
2708 2344 3069 2416 expettar;
3142 2335 3278 2417 poi

700 2441 976 2504 discese
1025 2441 1243 2504 Cesar
1292 2451 1364 2503 et
1412 2441 1457 2502 li
1509 2441 1826 2522 Principi
1877 2451 1947 2503 et
1996 2439 2178 2504 Stati
2228 2442 2343 2502 del
2392 2440 2731 2522 Imperio,
2784 2452 2854 2504 et
2904 2442 2943 2503 l'
2996 2441 3279 2505 official

701 2549 772 2612 di
819 2550 1297 2628 Treverense,
1371 2550 1436 2611 el
1512 2551 1677 2629 qual
1746 2551 1979 2611 havea
2027 2549 2207 2611 fatto
2256 2548 2540 2610 nomine
2588 2548 2869 2612 Cesaris
2918 2552 2986 2612 la
3034 2549 3279 2630 prima

699 2654 1282 2737 interrogatione,
1330 2655 1376 2717 li
1429 2655 1620 2718 disse
1667 2675 1803 2719 eon
1851 2657 2044 2718 bello
2093 2666 2165 2717 et
2212 2675 2435 2736 grave
2482 2657 2727 2719 modo:
2782 2657 3096 2719 Luthere
3144 2677 3273 2718 an·

700 2765 872 2826 chor
920 2765 1050 2825 che
1101 2782 1240 2825 non
1289 2761 1483 2824 fusse
1530 2763 2028 2844 ragionevole,
2100 2765 2231 2826 6116
2304 2784 2379 2825 se
2429 2763 2480 2825 ti
2529 2765 2736 2827 desse
2786 2766 3040 2826 alcuna
3090 2764 3276 2828 dila-

697 2870 890 2933 tione
921 2892 963 2932 a
1011 2871 1450 2952 respondere
1500 2871 1566 2933 in
1616 2891 1756 2933 una
1806 2891 1975 2933 cosa
2023 2870 2169 2933 cosi
2204 2871 2505 2951 notoria,
2555 2871 2983 2936 nondimeno
3030 2873 3104 2934 la
3136 2871 3274 2936 Ce-

695 2999 898 3040 sarea
947 2976 1223 3040 Maesta
1293 2996 1422 3059 per
1491 2999 1616 3040 sua
1688 2976 2060 3058 benignita
2123 2988 2195 3039 et
2242 2980 2621 3041 clementia
2669 2979 2723 3041 ti
2772 2980 2960 3042 dono
3010 2980 3077 3041 el
3126 2988 3277 3043 ter-

697 3086 884 3150 mino
935 3107 974 3148 a
1007 3085 1433 3167 quest’hora
1481 3106 1523 3147 a
1571 3086 1986 3166 responder,
2036 3088 2263 3165 perho
2314 3094 2386 3147 tu
2438 3086 2616 3148 dirai
2646 3086 2869 3148 libera
2918 3094 2989 3148 et
3038 3086 3275 3150 since·

695 3201 1014 3254 ramente
1040 3212 1116 3253 se
1165 3202 1240 3253 tu
1289 3192 1404 3255 voi
1455 3212 1752 3255 revocar
1800 3201 1981 3253 tutto
2031 3191 2101 3253 10
2150 3194 2283 3254 6116
2330 3191 2449 3255 hai
2482 3192 2726 3256 scritto
2762 3203 3011 3256 contra
3057 3194 3105 3254 1’
3132 3214 3276 3258 uso

699 3298 768 3360 di
819 3297 1042 3361 Santa
1074 3298 1350 3378 Chiesa,
1401 3299 1448 3361 li
1499 3298 1801 3377 concilii,
1850 3298 2162 3378 Decreti,
2211 3301 2427 3381 legge
2476 3310 2549 3363 et
2596 3300 2979 3363 cerimonie
3018 3302 3275 3364 obser-

697 3414 860 3467 vate
909 3406 1001 3466 da
1053 3406 1272 3467 nostri
1323 3405 1674 3487 maggiori
1725 3415 1797 3468 et
1846 3406 1961 3467 noi
1995 3404 2137 3467 fino
2166 3415 2417 3487 questo
2449 3404 2517 3467 di
2546 3417 2905 3487 presente,
2953 3416 3024 3469 et
3050 3408 3271 3471 simil-

699 3522 932 3574 mente
989 3532 1066 3574 se
1130 3521 1204 3573 tu
1268 3512 1383 3575 voi
1435 3533 1733 3575 revocar
1781 3512 1827 3574 li
1879 3512 2181 3575 Articoli
2230 3513 2521 3575 dannati
2570 3515 2689 3575 dal
2736 3512 3026 3577 Summo
3078 3516 3245 3578 Pon

695 3616 882 3680 tifice
931 3619 1296 3700 modernO,
1346 3640 1456 3681 ma
1504 3621 1802 3700 guarda,
1852 3622 1985 3681 6116
2033 3630 2107 3681 tu
2157 3638 2295 3681 non
2346 3621 2685 3701 respondi
2735 3631 3061 3699 cornute,
3124 3642 3273 3685 nec

695 3726 1065 3805 ambigue,
1125 3728 1250 3788 sed
1301 3728 1675 3791 candidum
1728 3730 1855 3789 des
1903 3747 2341 3808 responsum.
2436 3727 2745 3790 Martino
2795 3748 3089 3809 respose
3136 3730 3271 3791 ha-

694 3853 822 3895 ver
871 3833 1115 3895 scritto
1165 3845 1271 3895 tre
1321 3844 1510 3897 sorte
1561 3834 1631 3895 di
1703 3834 1905 3913 libri,
1978 3836 2021 3896 1'
2072 3856 2211 3896 una
2260 3834 2428 3896 delli
2477 3835 2680 3897 abusi
2731 3834 2798 3894 di
2849 3834 3115 3914 Roma,
3196 3848 3273 3899 et

695 3938 885 4022 quivi
937 3959 1069 4002 con
1121 3942 1394 4021 grande
1443 3961 1723 4003 veneno
1773 3941 2190 4003 commincio
2240 3945 2517 4004 lacerar
2566 3944 2628 4003 el
2672 3940 3133 4004 Sanctissimo
3195 3954 3277 4005 et

693 4044 933 4109 Roma
979 4047 1483 4128 appellandola
1533 4047 1977 4111 Carneficina
2026 4047 2113 4109 de
2156 4047 2557 4127 Christiani,
2608 4058 2680 4111 et
2726 4048 2989 4129 perche
3038 4068 3276 4129 parea

694 4155 824 4215 che
873 4164 1133 4235 troppo
1184 4174 1260 4215 se
1296 4155 1745 4234 extendesse,
1796 4154 2018 4216 Cesar
2051 4156 2098 4217 li
2131 4154 2287 4217 fece
2317 4155 2643 4236 imponer
2675 4154 2953 4217 silentio
2988 4172 3273 4235 quanto

693 4280 734 4320 a
783 4268 1056 4340 questO,
1106 4268 1178 4320 et
1226 4260 1356 4321 6116
1406 4262 1836 4340 procedesse
1885 4261 2002 4323 del
2053 4271 2277 4333 resto;
2328 4262 2372 4323 1²
2400 4263 2584 4323 altra
2632 4272 2820 4323 sorte
2874 4262 3041 4332 delli
3093 4262 3271 4326 libri

692 4366 848 4427 dice
896 4367 1121 4428 haver
1167 4366 1347 4429 fatto
1397 4386 1528 4447 per
1574 4367 1972 4430 irritatione
2022 4368 2094 4430 di
2142 4368 2294 4431 suoi
2345 4369 2575 4447 emuli,
2626 4378 2699 4430 et
2736 4369 2867 4429 che
2898 4389 2976 4430 se
3022 4370 3271 4433 havea

694 4475 968 4552 parlato
1017 4482 1470 4554 aspramente
1520 4494 1643 4535 era
1689 4477 1761 4537 la
1809 4475 2017 4555 colpa
2066 4474 2139 4536 di
2186 4474 2341 4537 suoi
2398 4474 2825 4537 adversarii:
2898 4475 3001 4537 La
3062 4487 3271 4541 terza

692 4588 882 4642 sorte
932 4579 1002 4641 di
1053 4580 1212 4642 libri
1260 4602 1379 4643 era
1430 4580 1621 4643 della
1670 4581 1987 4643 dottrina
2036 4582 2494 4663 evangelica,
2572 4592 2643 4643 et
2710 4584 2843 4644 che
2904 4581 2971 4644 in
3037 4586 3270 4663 quelli

691 4706 910 4749 erano
960 4686 1194 4748 alcuni
1241 4687 1289 4750 li
1338 4688 1553 4770 quali,
1603 4688 1689 4750 116
1738 4688 1787 4751 li
1836 4688 1989 4750 suoi
2038 4687 2467 4769 adversarii,
2540 4687 2631 4751 ne
2691 4690 2761 4751 la
2819 4690 3015 4751 bulla
3063 4689 3265 4753 dam-

691 4813 915 4872 nava,
980 4802 1052 4854 et
1111 4793 1182 4855 in
1245 4806 1495 4875 queste
1545 4804 1652 4857 tre
1699 4804 1891 4857 sorte
1941 4794 2012 4856 di
2058 4793 2223 4857 libri
2270 4794 2365 4857 lui
2415 4816 2555 4857 non
2608 4816 2728 4858 era
2776 4815 2908 4876 per
2953 4816 3270 4861 revocat

691 4921 824 4987 pur
873 4921 1008 4962 una
1055 4903 1325 4982 pat-ola,
1375 4922 1450 4964 se
1503 4923 1640 4965 non
1691 4902 1737 4964 li
1786 4903 1981 4965 fusse
2030 4912 2371 4965 mostrato
2402 4923 2533 4983 per
2566 4901 3045 4981 disputatione
3094 4924 3265 4968 cum
