3575 5775
1437 599 1736 662 0-43435
1815 595 1930 657 {54

402 750 886 836 Reipublicae
932 751 1213 816 factura
1258 753 1573 834 videtur,
1630 751 1689 815 si
1736 751 1849 813 hic
1897 751 1998 813 ita
2046 750 2442 832 provideat,
2491 760 2568 813 ut
2615 743 2964 832 praedicti

402 860 597 922 cives
644 881 719 922 se
771 859 1037 942 liquido
1085 880 1427 943 peccasse
1490 868 1949 940 cognoscant.
2065 857 2316 939 Neque
2381 858 2566 920 enim
2630 857 2744 920 hic
2807 877 2962 939 spe-

402 967 699 1030 randum
766 977 912 1047 est,
976 974 1052 1029 ut
1122 987 1246 1030 eos
1306 965 1751 1047 indulgentia
1820 964 2133 1047 mitiget,
2206 965 2373 1047 quin
2443 964 2681 1047 potius
2753 963 2964 1028 etiam

404 1075 759 1155 etiamque
806 1074 1263 1136 metuendum
1312 1072 1677 1153 existim0‚
1746 1092 1835 1134 ne
1898 1073 1956 1134 si
2023 1071 2133 1134 his
2194 1080 2550 1134 tantorum
2617 1073 2964 1135 malorum

402 1179 617 1243 initiis
666 1201 807 1243 non
856 1179 1083 1262 primo
1133 1200 1414 1261 quoque
1464 1189 1785 1261 tempore
1835 1187 2286 1259 occurratur,
2359 1178 2829 1260 gliscentibus
2890 1178 2961 1240 in

405 1286 557 1350 dies
604 1289 738 1350 hoc
800 1307 1032 1370 genus
1093 1287 1479 1350 factionum
1541 1286 1767 1349 turbis
1782 1333 1802 1368 ‚
1871 1306 2010 1348 non
2078 1286 2376 1369 perinde
2437 1294 2691 1367 postea
2750 1284 2964 1348 facile

409 1393 655 1456 obsisti
700 1393 928 1476 possit
975 1395 1259 1476 quando
1306 1393 1379 1456 in
1429 1396 1616 1456 hunc
1663 1393 1840 1456 istos
1887 1393 2172 1456 modum
2219 1391 2600 1472 cernimus,
2648 1393 2718 1455 in
2770 1393 2960 1455 dete·

409 1500 595 1563 riora
643 1500 958 1582 quotidie
1006 1499 1307 1583 prolabi.
1400 1501 1683 1563 Interea
1731 1520 1941 1581 quam
1991 1499 2441 1562 foelicissime
2488 1500 2727 1561 valeat
2775 1497 2850 1563 T.
2889 1495 2962 1563 S.

416 1608 523 1670 cui
560 1628 671 1672 me
699 1615 925 1670 totum
955 1627 1164 1688 quam
1200 1628 1487 1689 possum
1519 1607 2155 1689 obsequentissime
2187 1607 2510 1669 devoveo
2545 1606 2961 1688 dedicoque.

587 1731 917 1813 Lugduni
964 1731 1233 1795 Mensis
1279 1732 1522 1795 Martii
1574 1731 1741 1797 XII.

829 1853 911 1921 E.
960 1853 1034 1920 S.
1082 1855 1164 1920 T.

1865 1972 2184 2022 Humillima
2221 1973 2474 2021 Creatura

1592 2072 1662 2118 Io
1702 2071 2080 2120 cardinalis
2117 2072 2193 2119 de
2233 2069 2698 2132 Lothoringia.

1225 2513 1562 2596 Eiusdem
1616 2515 2148 2617 postsoriptum.

1614 2657 1761 2720 198.

1155 2910 1405 2980 (Litai-ae
1440 2911 1678 2985 Prinoip.
1715 2911 1836 2969 Vol.
1872 2911 1915 2969 1.
1953 2911 2084 2983 fog1.
2121 2912 2226 2985 4¹7.)

1404 3020 1516 3089 (12.
1556 3022 1737 3070 Martii
1783 3020 1956 3089 1525.)

588 3164 849 3243 Hodie,
898 3184 1109 3245 quum
1157 3164 1369 3226 hasce
1419 3162 1663 3225 literas
1696 3163 2074 3225 tabellario
2107 3172 2472 3244 postarum
2506 3165 2597 3225 ad
2635 3163 2727 3227 R.
2763 3164 2849 3225 D.
2885 3162 2974 3227 V.

418 3272 879 3353 perferendas
926 3281 1310 3333 statueram
1338 3319 1353 3348 ,
1403 3280 1753 3333 venerunt
1801 3270 1937 3332 huc
1988 3270 2127 3332 duo
2177 3270 2470 3331 comites
2518 3290 2657 3332 non
2707 3290 2976 3352 parvae

418 3378 835 3441 conditionis
882 3377 952 3439 in
1004 3387 1154 3439 toto
1202 3377 1535 3460 ImperiO,
1568 3377 1688 3458 qui
1719 3378 2116 3439 retulerunt
2166 3376 2331 3439 mihi
2373 3376 2558 3440 inter
2590 3378 2749 3457 alia,
2784 3378 2972 3459 quod

418 3481 1083 3547 Reverendissimus
1111 3484 1455 3547 Dominus
1474 3484 1787 3563 Legatus
1822 3482 2253 3567 Campegius
2280 3483 2419 3547 iarn
2445 3484 2594 3547 fere
2617 3484 2975 3547 Bohemos

420 3592 505 3650 ab
555 3591 915 3655 erroribus
962 3590 1105 3655 suis
1154 3602 1615 3673 avocaverat,
1685 3601 1755 3653 et
1820 3611 1906 3654 eo
1953 3611 2103 3653 rem
2155 3592 2587 3671 deduxerat,
2653 3600 2730 3653 ut
2793 3594 2978 3655 bene

419 3696 503 3757 de
552 3699 653 3761 eis
704 3701 1167 3781 sperabatur;
1240 3718 1487 3761 verum
1534 3698 1878 3761 timebant
1941 3700 2123 3760 hanc
2183 3697 2625 3761 sanctissimi
2693 3698 2980 3761 Domini

420 3798 656 3867 Nostri
702 3804 776 3867 in
824 3804 1107 3869 Gallum
1154 3804 1682 3868 inclinationem
1730 3826 1944 3886 posse
1991 3825 2114 3867 eos
2142 3804 2465 3868 fortassis
2499 3808 2589 3867 ab
2642 3804 2978 3867 institutis

418 3921 807 3977 removere.

574 4034 983 4101 Praeterea
1030 4038 1241 4099 modo
1292 4058 1422 4119 per
1471 4035 1922 4099 Germaniam
1972 4056 2166 4099 more
2215 4037 2641 4098 hebreorum
2690 4034 2975 4097 circum-

344 4148 719 4259 csdffndo
768 4144 1162 4207 Infantulos
1196 4152 1402 4206 natos
1452 4145 1658 4226 (proh
1706 4142 1938 4227 dolor)
1985 4140 2330 4224 baptisari
2373 4150 2725 4213 asserunt;
2777 4161 2976 4223 quor-

312 4300 467 4383 sats*
578 4260 763 4315 tum
814 4254 991 4314 haec
1041 4252 1358 4331 tendant,
1402 4250 1653 4333 juditio
1702 4251 1800 4313 R.
1851 4250 1936 4315 D.
1967 4250 2074 4313 ·V.
2126 4250 2586 4330 cogitandum
2633 4249 2979 4331 relinqu0.

2557 5033 2662 5085 28*
