3575 5775
1364 563 1861 620 0-43287f>—0

344 713 403 774 in
452 712 599 774 suoi
647 711 952 774 sermoni
1003 712 1141 776 mai
1192 712 1476 776 nomina
1510 712 1778 773 Luther
1827 712 1911 774 nc
1961 714 2168 792 parla
2219 710 2290 773 di
2325 711 2442 790 lui,
2494 721 2674 772 tutta
2705 711 2902 772 volta

344 819 621 881 intendo
670 820 805 884 che
854 828 1043 882 sotto
1091 839 1251 882 man
1304 820 1587 881 concita
1636 820 1853 881 molta
1900 817 2203 882 sedition
2259 837 2390 900 per
2440 839 2634 881 esser
2683 817 2780 880 lui
2827 815 2899 879 in

341 935 580 1006 questa
644 927 912 1006 lengua
977 925 1403 1008 fiaminenga
1470 925 1982 988 facundissimo
2049 927 2294 998 homo;
2369 925 2440 989 di
2507 933 2698 987 sorte
2771 926 2900 987 che

342 1033 691 1095 Antversa
738 1033 775 1095 ὲ
824 1035 1166 1114 alquanto
1237 1045 1637 1109 recascata‚
1704 1033 2014 1095 maxime
2061 1054 2192 1115 per
2239 1035 2302 1095 el
2352 1033 2562 1094 favor
2609 1032 2680 1094 di
2726 1052 2900 1094 mer-

345 1138 598 1200 catanti
648 1139 800 1203 Alti
850 1139 1181 1202 Alemani
1240 1149 1313 1202 et
1370 1140 1603 1201 alcuni
1652 1139 1956 1210 marani;
2030 1140 2268 1201 donde
2319 1159 2492 1201 sono
2555 1145 2740 1199 stato
2790 1157 2901 1198 co·

340 1255 583 1308 stretto
633 1265 745 1308 me
792 1246 1049 1309 retirar
1109 1246 1229 1328 qui
1279 1247 1370 1308 ad
1420 1247 1838 1324 Caesarem,
1907 1265 2039 1326 per
2086 1246 2201 1308 far
2247 1247 2377 1308 che
2425 1244 2482 1307 si
2532 1253 2751 1306 metta
2797 1263 2900 1304 or·

340 1352 513 1430 dine,
563 1373 767 1415 come
815 1351 935 1434 gia
984 1353 1041 1414 si
1092 1355 1128 1416 ἐ
1180 1353 1633 1426 cominciato;
1692 1353 1816 1434 poi
1865 1353 2134 1415 andaro
2185 1375 2226 1414 a
2276 1353 2473 1415 detta
2521 1352 2903 1413 Antwersa

340 1469 406 1522 et
452 1479 663 1540 spero
713 1462 847 1522 che
897 1461 1067 1542 ogni
1116 1481 1289 1524 cosa
1336 1459 1607 1523 andara
1656 1463 1863 1522 bene.
1959 1459 2066 1522 Ne
2125 1482 2200 1522 se
2247 1458 2637 1541 meravegli
2689 1457 2774 1522 V.
2827 1457 2901 1520 S.

338 1566 519 1628 Rma
578 1568 670 1628 de
720 1568 1023 1648 qualche
1087 1588 1314 1649 pocca
1375 1569 1466 1630 de
1511 1567 1832 1630 recidiva
1896 1567 1966 1628 di
2017 1568 2302 1630 Anvers
2359 1567 2491 1628 che
2550 1585 2690 1626 non
2743 1563 2902 1626 sara

340 1673 603 1746 niente;
654 1674 817 1736 anci
864 1682 1049 1736 tutto
1100 1675 1165 1737 el
1199 1675 1461 1736 mundo
1513 1673 1571 1737 si
1604 1674 2045 1756 meraveglia
2095 1675 2226 1736 che
2259 1695 2301 1736 a
2334 1682 2533 1735 tanto
2569 1671 2900 1734 incendio

340 1781 425 1842 de
470 1789 653 1843 tutto
703 1781 748 1843 'l
798 1781 1061 1843 mundo
1111 1779 1258 1843 cosi
1306 1791 1551 1862 presto
1601 1780 1685 1843 sii
1735 1790 1920 1842 stata
1967 1779 2150 1844 fatta
2198 1789 2398 1842 tanta
2443 1779 2902 1858 extinctione,

340 1887 403 1948 la
466 1890 627 1968 qual
696 1887 858 1950 sera
922 1890 1341 1950 totalmente
1407 1887 1770 1968 perfecta,
1846 1889 2130 1968 quando
2180 1886 2399 1949 Cesar
2467 1887 2646 1948 hara
2706 1885 2900 1947 facto

340 1993 675 2076 bruggiar
722 2015 865 2056 una
911 2015 1151 2057 mezza
1200 1995 1506 2056 dozzena
1554 1994 1626 2055 di
1658 1993 2046 2056 Lutherani
2097 2003 2168 2056 et
2215 1994 2260 2055 li
2305 1993 2473 2055 beni
2517 1991 2899 2055 confiscati.

342 2101 429 2162 Al
475 2104 603 2163 che
652 2123 729 2164 se
780 2121 921 2163 non
972 2122 1049 2164 se
1099 2120 1521 2182 corregonO,
1570 2111 1769 2164 certo
1820 2101 2232 2164 siorzeromi
2277 2101 2613 2184 impetrat
2660 2101 2791 2162 che
2826 2121 2902 2161 se

341 2209 647 2288 proceda
713 2227 845 2270 con
916 2208 987 2270 lo
1036 2209 1281 2270 adiuto
1346 2209 1415 2269 di
1468 2208 1605 2270 Dio
1673 2220 1743 2272 et
1791 2211 1983 2271 buon
2034 2212 2236 2271 voler
2296 2206 2368 2270 di
2435 2218 2686 2289 questo
2733 2228 2904 2270 vere

344 2313 915 2377 christianissimo
964 2315 1327 2396 principe,
1390 2316 1457 2376 al
1507 2317 1715 2397 quale
1762 2316 1857 2377 ho
1904 2316 2084 2378 fatto
2133 2316 2202 2378 le
2249 2313 2905 2378 raccomandationi

343 2421 409 2482 di
442 2422 525 2487 V.
564 2420 634 2485 S.
666 2423 861 2485 Rma
909 2425 1039 2485 che
1087 2442 1217 2504 per
1266 2442 1392 2485 sue
1441 2424 1697 2486 lettere
1747 2445 1858 2485 me
1904 2424 2343 2485 commanda.
2427 2422 2642 2484 Cuius
2673 2441 2900 2484 sacra-

345 2529 639 2592 tissimas
686 2550 937 2592 manus
984 2528 1371 2594 humillime
1415 2532 1717 2593 osculor.
1814 2529 2174 2591 Bruxellis
2207 2528 2275 2592 II
2306 2527 2504 2611 Sept.
2537 2527 2902 2590 MDXXI.

1418 2745 1540 2755 vunan-e
1549 2748 1560 2754 ,1
1573 2745 1620 2755 A·
1644 2746 1679 2754 Α
1691 2748 1703 2754 a
1715 2745 1780 2756 ,κ--ι
1790 2749 1804 2756 υ
1816 2748 1830 2757 υ

1548 2995 1669 3057 121

440 3110 855 3189 Wfflelmus
907 3110 1137 3211 Episo.
1194 3110 1639 3212 Argentinus
1682 3044 1962 3191 ‘Erardo
2019 3110 2339 3212 episcopo
2395 3110 2780 3191 Leodiensi.

1238 3259 1404 3327 (Aeta
1440 3258 1709 3317 wormac.
1745 3257 1838 3317 fol.
1873 3259 2008 3326 184.)

1318 3376 1391 3444 (5.
1432 3378 1699 3443 Septemb.
1748 3376 1922 3446 1521.)

516 3502 703 3564 Rev.
756 3501 826 3563 in
878 3502 1159 3565 Christo
1208 3502 1394 3583 patri
1445 3502 1731 3565 domino
1782 3503 2056 3565 Erardo
2110 3504 2468 3586 Episcopo
2527 3501 2909 3565 Leodiensi

354 3606 499 3669 duci
543 3608 615 3670 in
668 3608 925 3671 Bulion
977 3618 1046 3671 et
1096 3610 1332 3671 comiti
1382 3611 1471 3671 de
1521 3610 1902 3692 Arnburg‚
1969 3612 2254 3673 domino
2322 3625 2391 3674 et
2453 3611 2680 3673 amieo
2747 3630 2904 3672 meo

358 3714 771 3778 charissima
870 3716 987 3778 Ad
1037 3737 1285 3781 manus
1333 3717 1682 3798 proprias,

513 3824 949 3885 Reverende
998 3822 1069 3885 in
1120 3823 1405 3886 Christo
1452 3834 1661 3905 pater
1710 3824 1993 3887 domine
2043 3836 2113 3888 et
2164 3825 2385 3889 amice
2434 3824 2776 3907 precipue
2829 3832 2898 3884 et

359 3924 739 4009 singularis

516 4036 864 4098 Hortatur
921 4056 1031 4099 me
1096 4036 1437 4100 mirabilis
1497 4038 1942 4102 familiaritas
2005 4060 2145 4121 qua
2213 4038 2605 4121 paternitas
2667 4046 2906 4100 vestra

361 4140 507 4203 mihi
552 4142 901 4225 preterito
950 4143 1298 4225 imperiali
1347 4155 1703 4207 conventu
1752 4144 2164 4209 Wormacie
2230 4146 2724 4208 humanissime
2788 4147 2904 4207 ad—

361 4248 619 4311 modum
672 4260 1101 4312 conversata
1153 4259 1292 4329 est,
1357 4260 1593 4313 vestre
1640 4252 2062 4315 humanitati
2110 4252 2306 4315 hisce
2365 4252 2646 4333 scriptis
2695 4252 2900 4314 docu-

362 4366 649 4417 mentum
698 4365 1026 4437 prestare
1078 4378 1321 4420 eorum
1370 4378 1605 4421 rerum
1656 4378 1768 4421 me
1818 4358 2100 4422 minime
2149 4358 2446 4421 oblitum
2495 4360 2622 4421 sed
2670 4358 2906 4441 potius

362 4476 439 4520 ex
484 4482 563 4525 eo
616 4463 709 4525 ad
759 4462 1117 4526 interioris
1167 4464 1473 4527 cuiusvis
1506 4465 1811 4528 amicitie
1847 4465 2082 4527 officia
2114 4468 2373 4528 nedum
2417 4468 2905 4547 provocadum

362 4575 571 4631 utrum
620 4568 853 4631 indies
900 4570 1400 4652 procliviorem
1446 4572 1796 4653 vobisque
1847 4573 1936 4634 ad
1985 4582 2224 4635 vestra
2253 4580 2422 4634 vota
2471 4568 2624 4635 fieri
2673 4572 2904 4635 addic-

364 4668 617 4757 tiorem,
677 4696 946 4738 summe
997 4676 1470 4739 desiderando
1520 4698 1753 4741 rerum
1797 4689 2192 4741 vestrarum
2243 4699 2646 4743 successum
2696 4700 2906 4761 quem

366 4779 543 4843 vobis
606 4801 1030 4864 prosperum
1080 4792 1347 4865 exopto
1364 4832 1381 4865 ,
1443 4784 1753 4847 vicissim
1816 4786 2155 4849 ediscere.
2251 4786 2630 4850 Emanavit
2687 4788 2903 4868 paulo

366 4893 507 4949 ante
550 4887 833 4951 libellus
882 4888 1153 4953 incerto
1205 4899 1453 4953 autore
1500 4891 1571 4953 in
1621 4893 1848 4955 lucem
1915 4892 2147 4955 editus
2195 4914 2403 4979 quem
2451 4893 2906 4981 presentibus
