3575 5775
1683 538 1799 592 0-{3
1876 538 1911 589 8
1988 534 2104 586 εἶν-ο

1863 791 1925 855 4.

967 916 1359 997 Instructio
1415 938 1539 1017 pro
1595 916 1894 995 Domino
1950 913 2382 1011 Hieronymo
2439 912 2815 991 Aleandm.

1531 1054 1703 1123 (Aeta
1741 1052 2013 1112 wormac.
2050 1052 2141 1110 fol.
2176 1050 2246 1119 7.)

787 1173 1025 1236 Primo
1077 1172 1468 1235 advertatis
1503 1194 1591 1235 ne
1625 1172 1812 1235 inter
1844 1194 1973 1235 vos
2006 1181 2075 1235 et
2111 1170 2470 1233 dominum
2501 1170 2848 1249 Joannem
2882 1170 3171 1233 Echium

610 1281 974 1344 exoriatur
1023 1280 1262 1361 aliqua
1310 1278 1700 1360 discordia,
1766 1300 1905 1361 qua
1952 1280 2087 1341 hoc
2138 1287 2459 1339 sanctum
2506 1297 2685 1356 opus
2733 1277 2937 1340 vobis
2992 1297 3171 1339 com-

609 1388 894 1450 missum
942 1390 1431 1469 perturbetur,
1500 1397 1622 1448 aut
1671 1387 1908 1468 aliquo
1957 1386 2169 1448 modo
2226 1383 2692 1464 impediatur;
2762 1404 2921 1445 cum
2978 1405 3170 1445 sanc-

607 1493 876 1557 tissima
925 1494 1270 1557 charitate
1320 1514 1404 1556 ac
1452 1480 1955 1555 benevolentia
2004 1490 2240 1553 omnia
2289 1490 2815 1552 accuratissime
2863 1500 3169 1571 pertrac-

605 1601 874 1664 tabitis:
970 1600 1148 1663 Nam
1201 1598 1354 1662 S¹¹¹²¹⁸
1413 1601 1497 1663 D.
1563 1598 1648 1663 N.
1713 1611 2088 1681 utrumque
2152 1598 2546 1679 aequaliter
2608 1598 2867 1679 diligit,
2936 1607 3009 1660 et
3068 1620 3167 1659 re-

605 1728 978 1771 munerare
1027 1716 1320 1789 paratus
1369 1716 1496 1770 est.

787 1830 1120 1894 Secundo
1170 1852 1463 1895 necesse
1513 1842 1641 1910 est,
1705 1842 1782 1893 ut
1829 1830 2154 1893 habeatis
2202 1832 2483 1893 Bullam
2531 1832 2603 1892 in
2650 1851 2790 1912 qua
2839 1831 3171 1892 eree-mini

607 1939 1198 2002 Prothonotarius
1245 1939 1550 2002 Nuntius
1617 1939 2053 2021 apostolicus
2122 1949 2191 2001 et
2258 1938 2587 2020 specialis
2643 1938 3015 2020 inquisitor
3082 1942 3170 2001 ad

607 2046 1132 2128 reprimendum
1163 2046 1545 2109 Martinum
1589 2066 1670 2108 ac
1712 2047 1861 2127 ejus
1894 2066 2238 2127 sequaces
2264 2065 2421 2108 cum
2456 2054 2810 2125 potestate
2844 2045 3173 2108 inventos

607 2154 1020 2234 culpabileS,
1073 2162 1195 2216 aut
1243 2174 1523 2215 errores
1572 2154 1640 2215 in
1691 2154 1889 2215 bulla
1937 2155 2313 2215 damnatos
2360 2154 2715 2234 quomodo
2750 2154 2925 2215 libet
2972 2174 3169 2234 prae—

608 2258 927 2322 dicantes
994 2271 1398 2323 asserentes
1462 2280 1586 2321 seu
1654 2259 2127 2323 defendentes
2190 2280 2313 2321 seu
2378 2260 2821 2342 disputantes
2887 2260 3173 2341 publice

607 2368 721 2430 vel
784 2369 1095 2439 occulte,
1177 2367 1623 2445 carcerandi,
1717 2367 2059 2449 puniendi
2126 2367 2336 2428 etiarn
2399 2367 2645 2429 ultimo
2705 2366 3053 2449 supplicio
3104 2376 3177 2429 et

605 2474 936 2535 tradendi
969 2472 1226 2537 Curiae
1275 2474 1644 2553 saeculari,
1694 2495 1778 2536 ac
1826 2472 2209 2536 invocandi
2249 2473 2617 2536 brachium
2651 2473 2801 2537 sive
2835 2474 3173 2536 auxilium

605 2582 980 2663 cujuslibet
1027 2580 1380 2663 Principis
1442 2582 1557 2643 vel
1621 2580 1885 2643 domini
1952 2590 2095 2642 tam
2159 2581 2624 2644 ecclesiastici
2674 2602 2885 2663 quam
2934 2602 3172 2645 saecu-

607 2689 801 2767 lariS,
865 2697 937 2750 et
996 2708 1154 2751 cum
1201 2687 1540 2751 facultate
1591 2686 2006 2765 declarandi
2055 2707 2179 2749 eos
2227 2688 2562 2751 incidisse
2610 2690 2682 2752 in
2732 2690 3041 2770 Bullam,
3106 2701 3177 2751 et

607 2798 784 2859 haec
833 2794 1068 2858 omnia
1115 2804 1280 2877 post
1326 2795 1883 2877 publicationem
1932 2795 2172 2857 bullae
2223 2805 2292 2857 et
2342 2797 2619 2877 lapsum
2666 2796 2945 2859 termini
2986 2797 3057 2858 in
3090 2818 3175 2858 ea

606 2901 942 2966 contenti.

785 3031 1046 3113 Tertio,
1097 3031 1260 3114 quia
1311 3031 1685 3112 negocium
1733 3032 2135 3112 hujusmodi
2168 3041 2276 3095 est
2308 3031 2584 3114 grande
2619 3040 2690 3091 et
2719 3029 3173 3110 laboriosum,

607 3148 676 3201 et
724 3140 942 3202 multa
988 3138 1405 3200 incumbunt
1437 3137 1506 3200 in
1542 3137 1843 3200 diversis
1876 3139 2053 3201 locis
2086 3139 2524 3220 peragenda,
2567 3157 2861 3200 necesse
2896 3137 3175 3200 videtur

606 3258 682 3307 ut
730 3246 1136 3327 partiamini
1185 3248 1277 3308 ad
1327 3245 1630 3308 invicem
1679 3246 1965 3308 labores
2013 3255 2326 3308 vestros:
2408 3245 2560 3307 Vos
2609 3243 2825 3326 igitur
2872 3245 3173 3307 Domine

607 3352 1044 3433 Hieronyme
1091 3351 1284 3413 ibitis
1333 3353 1425 3414 ad
1475 3350 1756 3416 Curiam
1794 3351 2119 3414 Caesaris
2149 3363 2345 3414 recto
2378 3351 2680 3430 tramite,
2732 3363 2803 3414 et
2831 3350 2927 3414 ibi
2973 3373 3171 3434 prae-

607 3458 979 3522 sentabitis
1040 3459 1304 3521 bullam
1376 3461 1817 3540 plumbatam
1884 3459 2031 3540 ejus
2078 3460 2231 3542 Mti,
2282 3458 2817 3542 suadebitisque
2888 3472 2988 3521 ut·
3030 3469 3171 3522 tam

606 3564 1039 3647 pernitiosae
1100 3565 1286 3646 pesti
1345 3566 1640 3628 obviare
1687 3565 1863 3628 velit
1911 3567 2332 3648 praesertim
2379 3568 2449 3630 in
2496 3566 2697 3631 initio
2748 3587 2917 3630 suae
2962 3568 3171 3630 advo-

607 3673 904 3734 cationis
955 3682 1025 3735 et
1073 3683 1449 3754 susceptae
1499 3673 1933 3736 defensionis
1983 3695 2113 3756 pro
2178 3685 2424 3737 sancta
2470 3674 2807 3738 Romana
2853 3674 3174 3738 Ecclesia

606 3800 746 3862 quo
797 3779 964 3842 nihil
1018 3778 1398 3860 gloriosius
1445 3790 1691 3862 posset
1726 3781 1987 3861 facere,
2039 3783 2484 3844 ostendendo
2516 3781 2633 3844 Mti
2669 3802 2837 3844 suae
2870 3782 3174 3863 qualiter

607 3885 762 3950 ΞΜ*
815 3888 901 3950 D.
953 3887 1036 3950 N.
1089 3897 1160 3949 et
1207 3888 1416 3949 sedes
1465 3888 1890 3969 Apostolica
1938 3909 2082 3950 non
2132 3889 2221 3950 ad
2270 3889 2624 3952 fovendas
2678 3890 3173 3953 contentiones

605 4016 738 4058 nec
795 3996 1024 4074 rian,
1093 3997 1222 4058 sed
1269 3995 1360 4056 ad
1410 3996 1765 4058 sedandas
1817 4005 1889 4056 et
1938 3995 2463 4076 extinguendas
2513 3999 2849 4060 haereses
2900 4008 3171 4061 mature

604 4100 988 4182 processit,
1060 4110 1129 4164 et
1194 4103 1724 4164 communicatis
1781 4103 2107 4166 omnibus
2158 4104 2518 4167 erroribus
2567 4126 2693 4167 seu
2741 4105 3054 4168 articulis
3100 4106 3173 4168 in

606 4211 801 4272 bulla
862 4209 1214 4272 contentis
1279 4229 1436 4272 cum
1485 4213 1576 4271 stae
1623 4209 1764 4272 Ro.
1817 4209 2007 4272 Eccl.
2060 4209 2556 4276 Cardinalibus
2602 4233 2684 4274 ac
2736 4211 2970 4274 multis
3017 4212 3174 4276 aliis

607 4315 1030 4379 doctissimis
1080 4317 1247 4381 viris
1296 4318 1438 4381 Ro.
1489 4317 1743 4380 Curiae
1789 4316 1951 4380 illos
2001 4319 2399 4400 damnavit,
2462 4331 2533 4382 et
2581 4328 2967 4400 propterea
3014 4340 3172 4382 cum

604 4423 858 4487 fecerit
907 4425 1098 4505 quod
1151 4423 1256 4486 sui
1316 4423 1532 4486 officii
1583 4433 1710 4504 est,
1760 4425 1941 4505 petit
1988 4426 2358 4488 brachium
2404 4427 2769 4507 potentiae
2817 4426 2953 4487 Μῐίξε
3002 4448 3171 4490 suae

606 4533 802 4612 cujus
849 4529 1160 4592 officium
1210 4541 1316 4593 est
1363 4531 1766 4594 haereticos
1815 4541 1983 4594 ante
2033 4534 2265 4597 omnia
2315 4533 2699 4614 extirpare,
2749 4543 2963 4614 atque
3010 4534 3170 4596 ideo

599 4639 802 4719 juxta
849 4637 1320 4720 apostolicum
1369 4639 1689 4720 gladium
1736 4647 2010 4721 portat,
2078 4651 2155 4703 ut
2201 4641 2403 4703 malis
2450 4641 2855 4704 hominibus
2911 4650 3174 4723 purget

605 4741 1000 4807 Ecclesiam
1034 4743 1170 4806 Dei
1219 4755 1290 4807 et
1340 4745 1661 4808 nitamini
1707 4747 2094 4828 impetrare
2127 4747 2398 4810 litteras
2433 4750 2523 4810 ab
2568 4749 2715 4829 ejus
2744 4748 2869 4810 Μω
2908 4749 2999 4810 ad
3030 4769 3169 4810 om-

607 4871 734 4913 nes
796 4849 1222 4914 Germaniae
1291 4851 1662 4934 Principes
1729 4864 1872 4916 tam
1921 4858 2323 4920 saeculares
2372 4876 2581 4938 quam
2631 4856 3173 4936 ecclesiasticos.
