3575 5775
1357 565 1850 622 ο432998)-ο

334 713 683 778 infidelem
729 715 1021 796 reddat,
1070 713 1343 778 animas
1390 712 1680 795 perdat,
1729 712 1910 775 sicut
1954 711 2408 777 Maumethus
2453 722 2559 778 tot
2605 715 2881 797 provin·

336 822 472 885 cias
533 832 607 885 et
664 821 867 904 quasi
912 822 1246 886 mundum
1308 841 1351 882 a
1399 818 1679 882 Christo
1729 819 2126 901 separavit,
2199 841 2358 884 cum
2418 823 2887 886 daemonibus

334 929 599 1011 ligavit.
691 929 1169 1010 Quamobrem
1238 927 1481 990 dilecti
1549 925 1652 989 fili
1721 947 1853 990 nos
1924 927 2182 1008 quibus
2229 928 2575 992 Dominus
2644 939 2889 994 noster

337 1036 571 1118 gregis
635 1036 742 1099 sui
791 1056 1029 1099 curam
1090 1055 1181 1098 ne
1230 1043 1724 1115 corrumpatur
1783 1041 1858 1096 et
1902 1043 2153 1115 pereat
2213 1036 2509 1099 credere
2557 1035 2888 1118 dignatus

338 1153 455 1224 est,
502 1142 949 1206 nobilitatem
994 1151 1185 1205 tuam
1232 1141 1597 1204 hortamur
1645 1139 1717 1203 in
1748 1140 2058 1204 Domino
2107 1150 2179 1204 et
2219 1162 2350 1224 per
2378 1142 2658 1206 viscera
2686 1143 2886 1207 mise-

338 1249 679 1313 ricordiae
726 1247 1123 1312 Salvatoris
1184 1247 1407 1311 nostri
1470 1249 1929 1310 obsecramus
1992 1256 2208 1330 atque
2269 1252 2743 1332 obtestamur,
2813 1260 2891 1314 ut

338 1377 459 1438 pro
506 1366 631 1419 tua
658 1355 939 1436 virtute,
988 1374 1119 1437 pro
1168 1364 1291 1417 tua
1338 1353 1411 1416 in
1446 1353 1903 1417 christianam
1942 1353 2360 1436 religionem
2394 1357 2684 1440 pietate,
2731 1377 2887 1440 pro-

339 1485 467 1546 que
514 1473 639 1526 tuo
678 1483 817 1544 quo
852 1461 1247 1525 charissimi
1279 1461 1351 1524 in
1385 1460 1668 1524 Christo
1718 1459 1838 1523 filii
1875 1462 2099 1524 nostri
2130 1461 2368 1525 Caroli
2401 1463 2889 1527 Romanorum

338 1569 563 1652 Regis
610 1570 681 1632 in
729 1569 1243 1652 Imperatorem
1290 1568 1537 1644 electi,
1587 1564 1798 1631 Sedis
1845 1568 2313 1649 Apostolicae
2361 1570 2728 1652 advocati,
2793 1581 2891 1634 te·

338 1676 519 1739 neris
568 1673 827 1756 officiO,
873 1676 1055 1737 hanc
1088 1695 1328 1737 curam
1358 1694 1569 1756 quam
1599 1675 1777 1737 tanti
1811 1675 2016 1738 vides
2063 1695 2221 1740 esse
2253 1677 2587 1741 momenti
2623 1678 2893 1741 cunctis

338 1783 469 1846 tuis
515 1781 703 1845 curis
750 1802 893 1844 una
940 1802 1097 1844 cum
1131 1801 1301 1844 cura
1349 1790 1599 1844 contra
1627 1781 2204 1845 immanissimum
2235 1784 2624 1847 Turcarum
2655 1794 2890 1868 tyran·

340 1911 495 1952 num
543 1890 1122 1973 anteponendam
1170 1889 1421 1964 ducas;
1471 1888 1774 1970 huicque
1823 1887 1893 1951 in
1943 1889 2292 1971 religione
2341 1891 2727 1955 christiana
2771 1893 2890 1955 im-

339 1997 675 2078 pendenti
722 1995 1139 2076 calamitati,
1202 1995 1591 2059 imminenti
1637 1995 1970 2059 incendio
2019 2017 2103 2059 ac
2151 1995 2578 2062 Germaniae
2625 2000 2695 2062 in
2743 2009 2896 2064 toto

340 2107 507 2167 orbe
552 2102 987 2184 ignominiae
1038 2111 1380 2183 mentem,
1453 2101 1927 2184 cogitationes
1943 2151 1961 2184 ,
2032 2105 2528 2170 auctoritatem
2589 2116 2661 2171 et
2706 2107 2896 2171 vires

341 2223 491 2275 tuas
538 2220 945 2290 convertas,
1017 2208 1157 2272 illis
1206 2209 1395 2272 omni
1442 2209 1676 2273 studio
1727 2220 1800 2274 et
1848 2209 2217 2293 diligentia
2275 2213 2607 2296 invigiles
2654 2235 2892 2279 occur-

341 2338 469 2382 ras.
548 2318 800 2400 Itaque
848 2317 909 2380 si
950 2317 1235 2381 Ulricus
1282 2326 1356 2381 et
1402 2337 1745 2400 sequaces
1794 2328 2050 2400 sponte
2099 2339 2226 2382 sua
2275 2331 2346 2382 et
2391 2321 2898 2386 monitionibus

341 2426 471 2489 tuis
516 2428 609 2489 ad
659 2445 803 2506 cor,
853 2426 943 2488 ad
994 2423 1369 2506 Christum,
1419 2426 1513 2487 ad
1558 2445 1689 2488 nos
1735 2434 1809 2489 et
1855 2427 2042 2489 hanc
2089 2423 2426 2490 Sanctam
2457 2425 2719 2492 Sedem
2766 2449 2898 2512 pro

343 2554 423 2597 eo
470 2533 664 2596 vices
730 2542 1067 2614 gerentes
1132 2553 1347 2615 quum
1412 2533 1761 2597 nollemus
1808 2544 2106 2598 mortem
2162 2536 2565 2617 peccatoris
2631 2537 2757 2599 sed
2824 2544 2900 2598 ut

344 2649 795 2704 convertatur
855 2650 926 2704 et
972 2641 1202 2720 vivat,
1274 2640 1574 2722 reverti,
1646 2640 2022 2704 veritatem
2071 2661 2464 2724 agnoscere
2521 2645 2897 2723 noluerint,

344 2759 457 2810 aut
502 2758 788 2812 nostros
837 2769 1000 2831 ymo
1050 2747 1313 2811 Christi
1358 2749 1655 2811 nuncios
1688 2747 1976 2812 Ordinis
2024 2748 2595 2830 praedicatorum
2643 2750 2902 2814 fratres

348 2857 431 2919 ad
465 2856 1023 2939 praedicandum
1054 2866 1175 2919 aut
1215 2855 1669 2939 evangelium
1703 2855 2123 2937 docendum,
2174 2856 2546 2920 veritatem
2579 2857 2901 2940 aperien-

349 2964 530 3042 dam,
606 2964 969 3026 erroribus
1036 2974 1107 3027 et
1153 2964 1571 3027 haeresibus
1618 2963 2090 3027 resistendum
2155 2963 2404 3027 missos
2473 2964 2545 3027 in
2593 2986 2902 3047 persona

346 3072 453 3133 vel
512 3070 721 3134 bonis
780 3071 1017 3151 palam
1080 3081 1200 3134 aut
1266 3073 1449 3133 clam
1511 3070 2050 3152 quomodolibet
2108 3069 2382 3135 iniuriis
2444 3083 2565 3134 aut
2627 3072 2903 3136 damnis

350 3174 649 3244 afficere.
698 3179 1087 3241 bellatores
1134 3188 1257 3241 aut
1303 3178 1483 3241 alios
1530 3188 1782 3240 contra
1830 3177 2120 3243 eosdem
2170 3178 2526 3241 concitare
2574 3199 2900 3260 perseve-

350 3284 696 3364 raverint,
746 3286 1035 3349 eosdem
1083 3296 1421 3369 tanquam
1468 3285 1729 3349 Christi
1774 3294 2326 3367 persequutores
2374 3287 2556 3350 adeo
2606 3286 2902 3368 compri-

350 3412 491 3455 mas
550 3401 632 3455 ut
711 3394 1001 3457 tandem
1063 3403 1253 3457 metu
1334 3412 1615 3475 poenae
1680 3414 1724 3456 a
1787 3391 2079 3455 Diaboli
2140 3392 2413 3475 laqueis
2481 3393 2906 3475 resipiscant

354 3520 573 3582 neque
632 3498 887 3562 fideles
934 3498 1193 3563 Christi
1254 3500 1548 3564 ulterius
1611 3502 1992 3563 molestare
2052 3500 2348 3582 possint.
2441 3502 2656 3581 Jubet
2719 3501 2906 3565 enim

353 3606 689 3670 Dominus
736 3605 1015 3689 impleri
1062 3606 1287 3670 facies
1334 3628 1578 3671 eorum
1624 3606 2020 3690 ignominia
2067 3619 2139 3670 et
2179 3608 2270 3670 ad
2299 3609 2530 3671 Deum
2562 3608 2905 3672 converti.

520 3716 739 3777 Dolet
800 3716 1205 3777 orthodoxa
1262 3713 1443 3777 fides
1490 3714 2004 3796 Redemptoris
2065 3724 2293 3779 morte
2355 3716 2425 3778 iu
2475 3736 2682 3779 cruce
2744 3736 2905 3778 con-

358 3820 590 3884 stituta
639 3822 1032 3903 Apostolos
1092 3842 1257 3885 suos
1322 3822 1395 3885 in
1446 3819 1830 3885 Germania
1877 3821 2191 3904 benigne
2257 3842 2340 3885 ac
2390 3824 2735 3886 catholice
2802 3842 2904 3885 re-

358 3926 489 4008 cipi
549 3937 932 3992 consuetos
995 3928 1615 4010 persecutionibus
1675 3948 1863 3992 nunc
1930 3937 2002 3992 et
2049 3929 2456 4011 opprobriis
2521 3928 2742 4009 affici,
2815 3930 2907 3991 ab

359 4032 471 4097 illa
514 4036 817 4117 expelli;
883 4035 1031 4100 Nos
1080 4047 1317 4100 autem
1362 4056 1493 4118 pro
1542 4056 1630 4098 ea
1678 4056 1820 4117 qua
1865 4044 1937 4098 te
1985 4034 2368 4098 dilectione
2414 4037 2910 4118 prosequimur

363 4150 427 4203 et
468 4162 560 4205 ex
592 4142 1101 4225 omnipotentis
1132 4143 1267 4206 Dei
1315 4151 1703 4223 nostraque
1752 4150 1825 4205 et
1871 4142 2076 4205 huius
2111 4140 2418 4205 Sanctae
2455 4140 2664 4205 Sedis
2704 4153 2910 4225 parte

364 4247 812 4313 Nobilitatem
858 4260 1047 4313 tuam
1098 4270 1193 4313 ex
1237 4250 1676 4312 abundantia
1717 4249 2088 4313 charitatis
2120 4249 2542 4331 requirimus
2589 4270 2672 4312 ac
2705 4268 2910 4331 roga-

366 4375 505 4418 mus
550 4367 625 4420 ut
662 4358 1237 4439 praedicatorum
1267 4356 1608 4420 fratribus
1635 4355 2006 4421 Ecclesiae
2037 4358 2176 4419 Dei
2209 4355 2517 4421 Sanctae
2551 4369 2622 4420 et
2652 4357 2910 4421 Christi

366 4462 623 4527 nunciis
688 4462 915 4526 missis
974 4473 1097 4526 tua
1157 4462 1662 4526 benevolentia
1709 4462 1962 4527 faveas
1977 4512 1994 4545 ,
2067 4484 2188 4526 eos
2238 4464 2534 4528 adiuves
2603 4471 2673 4527 et
2730 4465 2911 4528 adeo

367 4578 695 4653 protegas
742 4590 823 4633 ac
874 4590 1257 4634 conserves
1318 4578 1396 4633 ut
1441 4580 1723 4634 nostras
1772 4580 1845 4633 et
1890 4571 2098 4633 huius
2146 4568 2458 4634 Sanctae
2505 4568 2714 4634 Sedis
2761 4593 2910 4635 san—

370 4676 626 4741 ctiones
689 4696 875 4759 quae
922 4678 1060 4741 Dei
1105 4677 1441 4742 mandata
1502 4688 1700 4759 sunt,
1762 4689 1836 4740 et
1882 4677 2145 4742 Christi
2191 4678 2662 4760 Evangelium
2723 4700 2911 4741 crea-

371 4785 531 4848 turis
576 4784 1000 4850 Germaniae
1047 4794 1197 4847 tute
1248 4784 1512 4866 ubique
1560 4784 2013 4867 praedicare,
2065 4786 2358 4867 docere,
2421 4786 2645 4849 Ulrici
2693 4795 2765 4849 et
2811 4806 2913 4849 se-

374 4894 678 4971 quacium
743 4914 1023 4957 errores
1070 4892 1363 4956 abolere
1427 4892 1739 4973 possint,
1811 4903 1886 4954 ut
1950 4891 2114 4955 talis
2160 4893 2486 4977 impietas
2549 4903 2621 4956 et
2667 4903 2917 4957 contra
