3575 5775
1421 630 1850 687 >—<3V8>-0

332 786 558 840 tamen
609 782 721 840 vel
789 778 1033 840 mutila
1095 778 1208 839 vel
1279 776 1711 860 interpolata
1767 776 1835 839 in
1886 777 2072 841 notis
2120 778 2581 860 editionibuS‚
2629 780 2883 845 iterum

330 884 648 947 dedimus
695 904 1080 967 veramque
1131 904 1373 948 eorum
1423 884 1801 949 lectionem
1849 884 2187 949 cudimus

501 1000 868 1065 Auxilium
939 1001 1287 1065 voluimus
1368 1004 1739 1065 veritatem
1807 1000 2313 1083 quaerentibus
2384 1001 2881 1085 suppeditare;

327 1108 788 1170 monumentis
833 1107 1199 1173 historiam
1245 1107 1632 1181 illustrare;
1691 1129 1824 1171 nec
1882 1108 2127 1173 inutile
2177 1110 2267 1171 ad
2314 1112 2451 1173 hoc
2500 1130 2679 1193 opus
2728 1132 2883 1176 nos-

326 1228 542 1293 trum,
609 1214 740 1277 nisi
787 1229 1034 1278 nostra
1081 1235 1212 1277 nos
1259 1212 1441 1277 fallit
1490 1215 1730 1296 opinio
1743 1264 1762 1297 ,
1813 1215 2091 1280 evadet.
2186 1217 2295 1279 Ac
2342 1227 2730 1299 propterea
2774 1238 2882 1281 us-

325 1342 458 1402 que
526 1325 620 1384 ab
682 1321 880 1384 initio
941 1320 1382 1384 collectionis
1429 1330 1715 1385 nostrae
1764 1321 2139 1404 epistolam
2205 1323 2449 1405 Papae
2498 1323 2758 1387 Leonis
2806 1324 2883 1389 X

325 1429 410 1489 ad
459 1428 900 1493 Fridericum
948 1428 1199 1491 ducem
1249 1425 1610 1491 Saxoniae
1660 1430 1901 1493 datam
1947 1428 2233 1494 omnino
2281 1432 2372 1491 ab
2420 1430 2541 1493 illa
2582 1451 2765 1513 quae
2812 1430 2885 1493 in

321 1535 614 1614 Jenensi
662 1536 976 1599 editione
1024 1555 1322 1618 operum
1378 1535 1670 1598 Lutheri
1731 1534 2081 1617 impressa
2142 1545 2283 1617 est,
2352 1535 2705 1601 diversam
2760 1558 2881 1619 po-

323 1642 600 1708 suimus

493 1750 630 1813 Die
681 1752 718 1811 8
773 1749 942 1829 Julii
994 1750 1158 1813 anni
1216 1769 1380 1829 1520
1429 1749 1575 1812 Leo
1625 1748 1704 1813 X
1763 1748 2143 1834 epistolam
2200 1748 2693 1835 gravissimam
2739 1749 2882 1813 Fri·

323 1855 559 1919 derico
609 1858 792 1939 Duci
855 1854 1220 1920 Saxoniae
1284 1856 1586 1939 scripsit.
1689 1856 2082 1937 Epistolam
2143 1858 2327 1919 hanc
2389 1856 2575 1921 inter
2645 1854 2886 1940 Opera

325 1963 618 2027 Lutheri
663 1963 828 2027 Vol.
877 1964 966 2028 II.
1034 1962 1464 2036 invenimus;
1541 1962 1937 2027 invenimus
2017 1961 2229 2025 etiam
2306 1962 2377 2026 in
2456 1964 2887 2029 collectioni·

321 2072 448 2133 bus
529 2069 1048 2134 recentioribus
1064 2118 1083 2151 ,
1159 2090 1300 2133 non
1381 2070 1913 2133 lutheranorum
1987 2078 2261 2133 tantum
2322 2070 2449 2133 sed
2519 2079 2590 2134 et
2652 2072 2887 2155 catho-

320 2176 642 2257 licorum,
690 2187 767 2239 ut
813 2178 883 2241 in
933 2178 1192 2260 Leplat
1240 2187 1313 2241 et
1358 2178 1550 2241 alibi.
1653 2176 2010 2259 Numquid
2060 2176 2197 2239 ista
2245 2176 2548 2259 epistola
2597 2181 2883 2243 authen-

320 2284 474 2365 tica,
527 2284 824 2364 sincera,
874 2304 1218 2366 germana
1264 2286 1417 2347 est?

491 2392 662 2474 Ipsa
709 2392 960 2474 incipit
1005 2392 1144 2456 illis
1191 2393 1464 2456 verbis:
1550 2391 1752 2473 Quod
1761 2470 1768 2483 Ι
1798 2392 1893 2455 ad
1948 2412 2073 2455 nos
2134 2401 2203 2454 et
2252 2391 2391 2455 ait:
2463 2391 2885 2469 Pontificem

318 2498 898 2577 gravissimorum
962 2500 1274 2563 virorum
1338 2500 1746 2563 testimonio
1812 2498 1994 2561 scire
2054 2499 2333 2564 Ducem
2394 2520 2663 2563 summa
2722 2518 2881 2583 pru-

319 2605 566 2669 dentia
627 2627 1040 2688 summaque
1098 2607 1170 2669 in
1219 2608 1452 2671 Deum
1512 2618 1584 2669 et
1631 2606 2109 2668 orthodoxam
2153 2604 2367 2669 fidem
2412 2606 2713 2689 pietate,
2762 2627 2881 2671 no-

315 2712 588 2777 bilitate
640 2713 852 2778 etiam
899 2714 1112 2776 animi
1161 2724 1234 2777 et
1281 2714 1623 2777 maiorum
1683 2722 2037 2795 perpetuo
2095 2712 2539 2777 Christianae
2599 2712 2881 2797 reipub-

319 2820 492 2884 licae
546 2830 620 2884 et
669 2818 980 2884 Sanctae
1043 2818 1218 2883 Sedi
1273 2820 1666 2884 faventium
1727 2818 2101 2901 memoria,
2164 2840 2447 2904 semper
2506 2820 2880 2885 conatibus

315 2926 604 2991 Martini
651 2927 944 2990 Lutheri
991 2927 1383 3010 iniquitatis
1431 2926 1551 2989 filii
1599 2927 1981 3008 obstitisse,
2029 2947 2259 3012 neque
2308 2930 2525 2992 ullum
2572 2948 2879 3010 unquam

317 3034 652 3098 auxilium
702 3044 821 3098 aut
852 3035 1172 3099 favorem
1218 3035 1380 3098 h'uic
1428 3033 1694 3098 homini
1738 3035 2203 3116 praestitisse,
2250 3035 2349 3097 ita
2396 3043 2472 3097 ut
2497 3044 2880 3116 augeretur

317 3141 620 3204 maxime
677 3141 1179 3206 benevolentia
1240 3162 1381 3223 qua
1426 3140 1756 3222 pontifex
1805 3142 2057 3204 ducem
2104 3145 2704 3224 prosequebatur,
2776 3141 2873 3222 ip·

314 3246 452 3311 sius
513 3247 886 3330 egregiam
949 3248 1284 3312 virtutem
1358 3269 1639 3332 semper
1713 3248 2119 3311 admiratus,
2245 3247 2419 3311 Post
2464 3249 2643 3311 haec
2716 3267 2875 3332 pro-

315 3356 630 3436 sequitur
678 3356 860 3418 Leo:
917 3352 1498 3438 „Sapientissime
1544 3355 1751 3420 huius
1798 3354 2197 3438 pestilentis
2246 3375 2328 3418 ac
2377 3355 2712 3420 venenati
2758 3356 2877 3420 ho-

313 3461 515 3524 minis
586 3461 1139 3526 familiaritatem
1212 3472 1630 3544 aspernatus
1697 3482 1772 3524 es
1834 3509 1850 3526 .
1901 3511 1915 3526 .
2024 3462 2209 3526 Illud
2295 3482 2469 3525 vero
2546 3461 2879 3544 religioni

315 3569 764 3632 tribuendum
814 3578 924 3631 est
970 3570 1162 3651 quod
1209 3589 1568 3652 nunquam
1617 3570 1688 3631 in
1739 3589 2141 3652 quenquam
2170 3579 2529 3634 tantorum
2559 3590 2879 3634 errorum

315 3674 734 3739 consensisti
784 3687 854 3739 et
902 3675 1003 3738 eis
1048 3675 1289 3758 potius
1345 3675 1700 3738 obstitisti.
1823 3676 1971 3739 Nec
2042 3697 2173 3760 per
2241 3687 2313 3739 te
2384 3675 2667 3742 occasio
2733 3677 2875 3741 ulla

314 3783 475 3848 data
535 3794 646 3848 est
705 3804 748 3845 a
807 3792 1053 3846 vetere
1117 3791 1188 3846 et
1261 3783 1592 3846 diuturno
1655 3803 1786 3864 per
1834 3780 2175 3864 Spiritum
2224 3780 2563 3849 Sanctum
2618 3791 2723 3846 tot
2770 3803 2873 3845 se-

313 3889 484 3951 culis
522 3899 952 3952 conservato
1003 3888 1254 3952 ordine
1299 3887 1468 3952 fidei
1501 3891 1947 3952 orthodoxae
1982 3887 2351 3952 deficere.“
2461 3889 2555 3952 Et
2597 3909 2874 3953 rursus:

317 3995 680 4076 „Hominis
744 3995 1072 4060 scelerati
1133 4005 1206 4059 et
1263 3994 1518 4059 nefarii
1581 3994 1817 4078 impiis
1878 3996 2250 4060 conatibus
2328 3997 2508 4060 tales
2585 3995 2869 4060 obices“

312 4104 505 4168 Deus
539 4104 896 4186 opposuit.
931 4139 1014 4148 —-
1045 4102 1206 4167 Non
1239 4103 1412 4166 satis
1445 4106 1628 4166 bene
1663 4112 1918 4166 sonant
1945 4104 2111 4166 talia
2143 4114 2215 4168 et
2244 4112 2443 4167 tanta
2474 4123 2664 4167 anno
2706 4123 2873 4182 1520

310 4211 608 4292 scripta,
670 4230 912 4274 mense
958 4209 1168 4289 Julio,
1240 4209 1466 4272 tribus
1525 4209 1650 4273 vix
1711 4210 2071 4274 mensibus
2133 4210 2510 4273 transactis
2574 4229 2669 4274 ex
2730 4230 2871 4292 quo

312 4316 733 4380 Valentinus
784 4339 825 4380 a
865 4317 1247 4382 Deitleben
1281 4317 1503 4381 Ducis
1549 4318 1739 4398 apud
1773 4317 2191 4382 Pontificem
2220 4317 2657 4398 administer,
2688 4317 2875 4382 Duci

308 4424 459 4505 ipso
511 4425 926 4505 scripserat:
1004 4423 1413 4508 „Publicam
1484 4424 1742 4488 famam
1791 4423 2169 4487 adfirmare
2217 4424 2608 4488 Lutherani
2656 4445 2699 4488 a
2746 4421 2871 4490 Sa-

307 4551 494 4594 xone
546 4531 664 4611 ali,
711 4531 944 4594 foveri
993 4539 1066 4594 et
1114 4534 1498 4595 clementer
1545 4529 1860 4596 haberi“.

483 4637 862 4719 Quomodo
932 4636 1272 4702 Pontifex
1338 4658 1578 4701 mense
1641 4636 1827 4718 Julio
1891 4637 2251 4718 publicam
2306 4657 2557 4701 vocem
2626 4657 2871 4702 mense

309 4745 567 4810 Martio
618 4749 1084 4827 clamantem,
1149 4744 1534 4828 ignorabat
1579 4755 1702 4808 aut
1749 4745 2011 4808 oblitus
2070 4747 2269 4808 erat?
2335 4747 2453 4808 vel
2513 4747 2867 4828 quomodo

309 4853 428 4916 tali
489 4854 840 4917 adversus
895 4853 1170 4916 Ducem
1232 4852 1716 4916 assentatione
1777 4851 2211 4916 vilescebat?
2304 4854 2691 4916 Praeterea
2752 4853 2867 4916 die

319 4980 339 5020 1
391 4960 668 5044 Aprilis
715 4961 885 5022 Dux
931 4959 1118 5041 ipse,
1179 4970 1258 5022 ut
1302 4980 1380 5024 se
1438 4967 1684 5022 contra
1732 4958 2205 5024 accusationis
2251 4979 2505 5022 vocem
2549 4969 2867 5023 tueretur
