3575 5775
1650 551 2144 609 e-<t3446ffl

624 702 1061 764 Deferuntur
1106 700 1389 782 quidem
1438 702 1527 762 ad
1578 719 1709 762 nos
1777 699 2078 782 primum
2145 719 2238 762 ex
2306 697 2494 760 omni
2555 709 2763 782 parte
2827 699 3182 779 querelae,

624 828 755 871 nec
816 808 1187 890 quicquam
1253 807 1393 868 iam
1464 807 1782 870 crebrius
1864 826 2074 868 aures
2152 814 2439 868 nostrae
2509 805 2915 889 percipiunt
2974 822 3184 886 quam

623 915 1045 997 oppidorum
1096 913 1635 977 christianorum
1685 913 2144 994 direptiones,
2195 911 2555 975 hominum
2601 913 2949 996 praedaS,
2999 910 3182 974 exci-

623 1023 742 1085 dia
788 1042 1158 1104 agrorum:
1209 1041 1365 1083 cum
1415 1020 1731 1101 quotidie
1784 1021 1938 1084 fere
1967 1020 2381 1083 miserorum
2430 1019 2848 1101 sanguinem
2896 1017 3186 1096 effundi,

622 1129 813 1194 viros
860 1139 931 1192 et
976 1129 1294 1210 virgines
1338 1127 1414 1191 in
1461 1129 1894 1192 teterrimam
1951 1126 2364 1190 servitutem
2416 1127 2767 1200 abstrahi;
2833 1129 3048 1190 urbes
3116 1135 3187 1190 et

623 1235 890 1318 oppida
937 1234 1096 1316 capi
1146 1235 1533 1298 audiamus,
1628 1231 1772 1298 Sed
1825 1234 1896 1296 in
1944 1233 2054 1297 his
2103 1234 2304 1296 malis
2353 1234 2526 1296 illud
2574 1234 2791 1316 longe
2854 1233 3184 1314 gravissi·

620 1363 806 1405 mum
854 1344 1111 1404 malum
1162 1350 1288 1422 est,
1338 1343 1531 1422 quod
1578 1340 1699 1424 qui
1746 1343 2066 1424 periculo
2125 1340 2432 1423 proximi
2481 1350 2677 1417 sunt,
2727 1360 3025 1424 quorum
3065 1331 3188 1404 'est

620 1450 1014 1532 periculum
1065 1469 1221 1511 cum
1274 1462 1515 1512 nostro
1565 1449 2047 1512 coniunctum:
2125 1447 2174 1508 ii
2231 1457 2566 1531 tanquam
2633 1447 2875 1512 laetali
2937 1467 3186 1510 somno

622 1557 969 1640 oppressi,
1019 1557 1281 1618 nullam
1330 1556 1664 1618 videntur
1707 1556 1972 1618 ducere
2019 1555 2125 1617 sui
2162 1554 2548 1637 propinqui
2579 1555 2780 1618 exitii
2814 1555 3186 1620 rationem.

628 1663 867 1744 Atque
916 1664 1051 1724 hoc
1104 1663 1359 1724 malum
1413 1670 1787 1724 externum
1835 1672 1975 1736 est:
2037 1663 2205 1744 quid
2253 1662 2431 1724 illud
2479 1661 2886 1726 intestinum
2933 1682 3018 1725 ac
3067 1661 3188 1724 do-

620 1770 1021 1849 mesticum,
1086 1788 1226 1850 quo
1290 1769 1555 1832 nullum
1601 1769 1828 1832 maius
1875 1788 2110 1851 neque
2163 1769 2630 1852 perniciosius
2685 1771 2832 1834 ulla
2877 1790 3188 1854 unquam

621 1875 903 1958 aspexit
952 1878 1192 1939 aetas?
1258 1878 1445 1958 quod
1508 1885 1629 1938 tua
1693 1875 2080 1940 Germania
2136 1875 2352 1939 tantis
2407 1876 2546 1939 iam
2596 1876 2918 1940 cladibus
2965 1887 3037 1940 et
3084 1898 3187 1941 se-

622 1985 1009 2047 ditionibus
1056 1983 1375 2046 involuta
1424 1994 1551 2063 est,
1618 1992 1696 2045 ut
1742 2003 1952 2046 nemo
2001 1982 2072 2046 in
2123 2003 2209 2046 ea
2256 1982 2393 2045 iam
2443 1982 2536 2046 sit
2585 1983 2704 2065 qui
2750 1985 3018 2048 habeat
3063 2005 3183 2048 ex·

623 2094 969 2174 ploratam
1002 2091 1350 2154 tationem
1398 2109 1540 2152 non
1574 2092 1802 2153 solum
1836 2088 2226 2172 dignitatis,
2275 2092 2404 2153 sed
2438 2090 2650 2153 etiam
2681 2091 2930 2155 salutis
2977 2111 3186 2166 suae;

621 2198 973 2262 increbuit
1022 2197 1209 2260 enim
1255 2197 1325 2259 in
1376 2197 1629 2260 animis
1675 2197 2160 2279 imperitarum
2205 2197 2522 2280 plebium
2571 2197 2771 2262 furor
2833 2197 3188 2263 immissus

620 2304 758 2368 illis
834 2327 871 2367 a
944 2305 1078 2368 Dei
1147 2305 1355 2367 hoste
1404 2312 1474 2367 et
1531 2303 1683 2368 eius
1748 2304 1973 2368 hostis
2044 2305 2378 2368 ministris
2437 2305 2810 2387 impiarum
2855 2307 3188 2370 heresum

622 2412 1064 2486 auctoribus;
1154 2431 1285 2494 per
1371 2433 1577 2493 quem
1672 2411 2280 2476 coniurationibus
2363 2412 2654 2476 nefariis
2736 2415 3190 2495 popularium

625 2519 851 2584 omnis
900 2519 1235 2582 nobilitas
1306 2529 1378 2582 et
1442 2519 1669 2582 omnis
1730 2522 1906 2583 ordo
1979 2519 2501 2584 ecclesiasticus
2573 2520 2646 2583 in
2726 2521 3020 2585 exitium
3067 2542 3188 2585 vo·

622 2635 857 2697 catur;
936 2625 1055 2707 qui
1131 2625 1328 2690 furor
1406 2646 1739 2708 quorsum
1813 2627 2212 2710 irrupturus
2280 2627 2372 2690 sit
2439 2627 2758 2709 graviter
2823 2627 3190 2710 pertimes-

623 2733 927 2796 cendum
1007 2743 1151 2815 est,
1228 2753 1368 2797 non
1439 2732 1623 2796 enim
1692 2734 2043 2798 cernimus
2117 2733 2327 2798 finem
2403 2754 2532 2798 nec
2609 2736 2914 2798 modum.
3041 2732 3192 2798 Sed

620 2860 751 2923 per
830 2841 1058 2904 Deum
1133 2839 1628 2920 immortalem,
1700 2839 1761 2904 si
1837 2841 2056 2904 tantis
2138 2839 2656 2905 calamitatibus
2731 2840 3042 2905 afflictae
3119 2850 3194 2905 et

620 2949 945 3031 perditae
995 2948 1422 3012 christianae
1473 2948 1909 3029 reipublicae
1958 2948 2172 3011 celeri
2228 2948 2427 3030 pacis
2473 2948 2789 3011 remedio
2838 2970 2978 3012 non
3027 2951 3194 3013 sub·

620 3055 980 3135 veniatur,
1054 3055 1219 3136 quid
1291 3038 1577 3118 tandem
1650 3056 1805 3136 spei
1869 3065 1990 3117 aut
2047 3055 2292 3119 salutis
2357 3054 2703 3138 reliquum
2763 3056 2970 3119 nobis
3027 3076 3190 3120 esse

620 3165 905 3244 potest?
955 3161 1110 3243 quis
1160 3182 1333 3226 vero
1384 3162 1561 3224 alius
1610 3181 1812 3243 pacis
1860 3173 1931 3225 et
1979 3162 2220 3224 auxilii
2270 3172 2560 3244 praeter
2603 3172 2672 3225 te
2721 3162 3024 3227 idoneus
3081 3164 3186 3227 fu-

619 3280 816 3332 turus
898 3280 1005 3332 e÷t
1089 3280 1338 3333 auctor
1406 3268 1527 3348 qui
1598 3269 1914 3333 eiusdem
1989 3270 2125 3333 Dei
2208 3268 2734 3350 Omnipotentis
2811 3269 3190 3353 beneficio,

620 3376 835 3439 tantis
898 3396 937 3439 e
1008 3378 1213 3439 coelo
1293 3376 1699 3439 muneribus
1762 3396 1840 3439 es
1902 3376 2320 3458 illustratu5‚
2392 3388 2467 3440 ut
2540 3376 2752 3440 facile
2817 3391 3194 3462 appareat,

622 3481 1061 3564 quaesIVisse
1110 3482 1245 3545 sibi
1300 3484 1525 3545 Deum
1574 3485 1963 3547 secundum
2011 3505 2134 3547 cor
2181 3503 2381 3547 suum
2430 3485 2716 3566 Regem
2777 3506 2990 3548 unum
3037 3496 3190 3549 tan-

624 3609 832 3669 quam
886 3590 1179 3651 alterum
1229 3590 1583 3653 Davidem
1632 3590 1750 3672 qui
1799 3591 1936 3653 Dei
1986 3594 2230 3654 hostes
2279 3600 2636 3665 conterat;
2695 3590 2978 3675 populis
3017 3591 3186 3656 fide·

621 3696 807 3758 libus
853 3704 1141 3776 parcat:
1210 3694 1423 3759 Cuius
1471 3706 1546 3760 tu
1595 3697 1732 3759 Dei
1781 3707 1853 3761 et
1910 3708 2207 3780 propter
2255 3698 2588 3761 virtutem
2635 3719 2718 3762 ac
2765 3698 3192 3782 religionem

624 3803 1056 3885 amplissima
1102 3802 1452 3867 beneficia
1520 3804 1875 3884 meruisti,
1943 3816 2012 3867 et
2083 3804 2233 3869 eius
2301 3804 2820 3870 beneficentiae
2888 3817 3192 3889 propter

623 3912 963 3993 pietatem
1011 3922 1262 3993 gratus
1310 3931 1469 3973 esse
1518 3911 1659 3993 vis,
1709 3914 1802 3974 ad
1849 3912 2190 3995 pacisque
2237 3912 2534 3976 consilia
2579 3914 2876 3995 aspiraS,
2927 3934 3010 3977 ac
3052 3935 3191 3997 pro

622 4029 743 4081 tua
792 4017 1134 4098 singulari
1184 4017 1535 4099 sapientia
1600 4017 1870 4099 optime
1935 4020 2168 4083 cernis
2225 4020 2545 4084 remedia
2610 4030 2683 4085 et
2747 4020 3016 4085 auxilia
3083 4032 3192 4085 tot

621 4124 1040 4206 perniciosis
1088 4124 1624 4189 christianitatis
1657 4125 1980 4189 cladibus
2011 4128 2526 4210 quamprimum
2570 4148 2726 4191 esse
2759 4129 3188 4193 necessaria.

626 4230 769 4293 Sed
843 4242 919 4292 ut
988 4231 1335 4295 voluntati
1407 4240 1569 4295 tuae
1639 4234 1838 4296 locus
1901 4234 2024 4315 sit,
2102 4245 2176 4298 ut
2253 4237 2443 4317 quod
2513 4234 3046 4317 religiosissime
3117 4248 3192 4300 et

624 4336 1203 4401 christianissime
1276 4338 1698 4421 designasti,
1766 4361 1988 4423 opere
2063 4352 2135 4405 et
2203 4341 2397 4406 facto
2458 4344 2854 4425 compleas;
2917 4344 3190 4407 idcirco

623 4444 799 4505 haec
852 4454 959 4505 est
1006 4464 1050 4507 a
1097 4445 1305 4508 nobis
1335 4454 1569 4509 tecum
1594 4455 1931 4530 suscepta
1959 4449 2400 4523 adhortatio;
2432 4448 2852 4513 confidimus
2879 4451 3190 4515 maxime

624 4550 923 4613 bonitati
975 4562 1175 4615 tuae:
1227 4553 1611 4616 deferimus
1658 4554 1942 4636 virtuti,
1990 4556 2443 4638 prudentiam
2477 4576 2758 4639 quoque
2807 4568 2879 4621 et
2915 4560 3186 4641 magni-

622 4656 938 4720 tudinem
1000 4658 1213 4721 animi
1279 4660 1798 4742 cognoscimus,
1911 4662 2057 4725 Sed
2119 4663 2180 4725 si
2239 4664 2490 4726 honori
2554 4673 2627 4727 et
2679 4664 2952 4745 gloriae
3018 4674 3186 4730 tuae

624 4764 1064 4829 satisfactum
1116 4787 1159 4829 a
1205 4767 1363 4830 Deo
1413 4778 1541 4849 est,
1590 4766 1646 4831 si
1695 4788 1882 4850 quae
1928 4769 2210 4852 pristini
2275 4770 2446 4834 belli
2511 4780 2583 4835 et
2651 4772 3187 4837 controversiae

623 4891 839 4937 causa
886 4871 1040 4953 fuit,
1092 4893 1178 4934 ea
1226 4884 1333 4935 est
1381 4884 1451 4937 et
1499 4884 1619 4937 tua
1676 4874 1940 4958 insigni
2007 4876 2343 4959 victoria,
2405 4886 2476 4940 et
2539 4876 2854 4959 ipsorum
2911 4878 3182 4944 confes—
