3575 5775
1652 553 2144 616 ‹mense-o

798 702 868 768 Is
914 714 1251 790 preterea
1310 706 1632 788 queritur
1676 707 1916 770 Duces
1965 705 2568 787 Lunubergenses
2613 725 2770 768 cum
2817 703 3188 769 Friderico

622 811 939 876 Saxonie
986 812 1188 876 Duce
1255 812 1602 894 sanguine
1666 813 2090 878 coniunctos
2153 814 2413 876 acerbe
2461 814 2841 876 admodum
2907 823 2980 876 et
3024 831 3160 895 gra

628 918 837 982 vibus
908 919 1404 984 exactionibus
1450 922 1717 984 clerum
1784 940 1988 984 suum
2055 939 2356 1002 vexare,
2425 920 2722 1002 singulis
2792 919 3191 1002 quibusque

620 1027 899 1089 duobus
945 1026 1098 1090 fere
1146 1027 1349 1090 annis
1398 1037 1469 1090 et
1516 1027 1762 1090 tertias
1811 1036 1884 1090 et
1921 1037 2212 1108 quartas
2259 1035 2334 1090 et
2377 1026 2798 1090 medietates
2829 1025 3186 1090 fructuum

622 1134 1032 1216 exigentes,
1104 1134 1447 1198 adversus
1508 1154 1685 1214 quos
1748 1153 1907 1196 011111
1955 1134 2150 1198 nulla
2209 1133 2362 1198 eius
2409 1134 2685 1215 possint
2747 1133 3016 1196 auxilia
3069 1153 3187 1196 me

620 1250 830 1322 rogat
888 1240 1055 1304 item
1118 1250 1196 1302 ut
1244 1240 1393 1303 eius
1440 1239 1725 1306 nomine
1774 1238 1867 1304 8²¹
1921 1241 2008 1306 V.
2057 1240 2454 1322 supplicem
2517 1251 2870 1324 quatenus
2924 1243 3016 1304 de
3061 1259 3184 1322 op·

620 1355 928 1430 portuno
961 1347 1276 1410 remedio
1319 1348 1643 1429 predicto
1675 1350 1869 1411 clero
1897 1348 2282 1412 subvenire
2313 1349 2666 1430 dignetur,
2713 1369 2806 1412 ne
2835 1359 3188 1430 perpetuo

623 1456 1054 1538 deglubatur
1114 1465 1187 1520 et
1232 1458 1325 1518 ab
1376 1475 1619 1518 eorum
1668 1454 2058 1536 cupiditate
2105 1455 2550 1537 opprimatur
2607 1456 2915 1518 maxima
2959 1457 3188 1518 eccle·

623 1561 907 1626 siastice
954 1562 1303 1627 libertatis
1352 1561 1771 1632 offensione.

801 1669 912 1732 De
976 1668 1379 1732 huiusmodi
1427 1668 1997 1751 Archiepiscopo
2065 1669 2274 1750 plura
2337 1664 2649 1731 arbitror
2693 1665 2770 1732 S.
2818 1667 2964 1730 Vm
3029 1685 3192 1730 cum

624 1795 717 1842 ex
766 1775 917 1840 aliis
965 1784 1111 1840 tum
1163 1797 1257 1842 ex
1288 1777 1463 1840 meis
1511 1777 1765 1840 litteris
1797 1774 2246 1858 cognovisse,
2295 1785 2510 1855 atque
2543 1775 2714 1838 illud
2746 1773 3190 1856 potissimum

623 1884 815 1966 quod
861 1883 935 1946 in
982 1903 1068 1946 eo
1116 1882 1359 1946 inveni
1402 1883 1783 1948 maximam
1833 1901 2008 1962 erga
2057 1879 2394 1944 Sanctam
2441 1881 2644 1944 istam
2681 1879 2941 1944 Sedem
2987 1899 3190 1946 reve·

623 1969 925 2054 rentiam
982 1999 1053 2053 et
1114 1990 1614 2054 obedientiam.
1712 1989 2192 2071 Quamobrem
2261 1988 2528 2050 nullum
2577 1986 2794 2050 officii
2841 2007 3070 2069 genus
3115 1986 3190 2050 in

624 2096 857 2179 ipsum
921 2115 1061 2160 non
1112 2095 1379 2178 optime
1444 2098 1866 2160 collocatum
1933 2115 2091 2158 esse
2155 2105 2415 2176 potest.
2507 2093 2760 2177 Itaque
2827 2115 2968 2157 una
3033 2113 3194 2157 cum

624 2193 995 2268 servitute
1029 2223 1186 2268 mea
1254 2223 1393 2286 ego
1458 2224 1615 2267 eum
1674 2203 2062 2266 humillime
2111 2199 2204 2264 Stl
2252 2202 2342 2266 V.
2393 2203 2810 2265 commendo
2875 2212 2946 2265 et
2995 2203 3196 2264 Deus

626 2331 781 2373 eam
846 2309 1323 2374 felicissimam
1394 2309 1787 2372 diutissime
1855 2309 2061 2372 nobis
2125 2308 2502 2374 custodiat.
2623 2309 2826 2371 Bude
2891 2308 2995 2370 111
3061 2308 3191 2370 Fe-

623 2417 892 2481 bruarii
937 2417 1339 2480 MDXXV.

1713 2613 1749 2624 θα
1756 2613 1845 2624 mr
1852 2618 1862 2623 -
1870 2613 1899 2624 s.-
1935 2612 2102 2624 *nu-axvj&

1833 2842 1980 2909 189.

1178 2970 1499 3050 Clemens
1554 2968 1711 3050 VIL
1768 2966 2142 3050 cardinali
2196 2969 2644 3071 Magantino.

1371 3115 1645 3189 (meleti
1679 3114 1857 3189 spise
1894 3115 1968 3174 ad
2003 3114 2304 3190 Principes.
2340 3116 2441 3189 51.)

1610 3242 1683 3299 (7.
1718 3236 1999 3287 Februarii
2043 3234 2217 3303 1525-)

803 3369 1083 3432 Dilecte
1144 3368 1243 3432 fili
1292 3378 1533 3433 noster
1594 3379 1727 3433 etc.
1825 3367 2334 3452 Superioribus
2394 3372 2648 3435 diebus
2709 3392 2863 3434 cum
2929 3373 3022 3435 de
3087 3382 3194 3435 tu·

626 3479 849 3539 multu
869 3475 1189 3541 Civitatis
1210 3478 1779 3557 Magdeburgen.
1807 3497 1893 3541 ac
1924 3478 2014 3540 de
2042 3477 2414 3559 impiorum
2442 3480 2888 3542 lutheranam
2911 3488 3194 3561 pestem

622 3582 696 3645 in
746 3602 832 3645 eo
878 3585 1149 3664 populo
1196 3589 1683 3665 spargentium
1732 3584 2082 3663 factione,
2131 3586 2224 3646 ad
2273 3605 2403 3648 nos
2451 3594 2641 3649 esset
2685 3586 2998 3663 allatum,
3047 3606 3194 3649 non

627 3689 1058 3753 mediocrem
1104 3689 1173 3753 in
1224 3691 1458 3754 animo
1508 3702 1749 3753 nostro
1799 3690 2258 3773 concepimus
2306 3693 2659 3755 dolorem:
2728 3712 2890 3755 nam
2937 3702 3010 3754 et
3057 3712 3192 3775 pro

623 3816 794 3859 cura
854 3804 1068 3879 atque
1132 3797 1454 3859 custodia
1504 3797 1725 3860 nostri
1788 3798 2030 3861 dilecti
2078 3798 2360 3881 gregis,
2431 3818 2638 3880 quem
2701 3820 2743 3862 a
2790 3800 3196 3862 truculenta

622 3906 947 3987 luporum
1012 3902 1210 3967 rabie
1258 3903 1679 3968 incolumem
1746 3925 2038 3969 servare
2097 3926 2240 3969 non
2288 3916 2739 3988 poteramus,
2805 3906 3192 3971 admodum

621 4010 827 4073 mesti
874 4010 1299 4091 sollicitique
1347 4009 1639 4093 fuimus,
1712 4024 1783 4075 et
1833 4024 1996 4075 tuae
2045 4032 2328 4094 quoque
2376 4012 2706 4094 dignitati
2767 4033 2849 4075 ac
2895 4024 3022 4076 tuo
3071 4016 3194 4076 ho·

622 4117 777 4181 nori
824 4118 947 4180 illo
999 4118 1209 4181 modo
1260 4118 1573 4195 detrahi,
1645 4140 1777 4202 pro
1829 4130 2074 4183 nostra
2118 4119 2286 4183 inde
2333 4130 2638 4201 paterna
2686 4120 3198 4185 benevolentia

627 4244 846 4305 aegre
892 4224 1207 4299 tulimus;
1274 4224 1693 4289 videbamus
1742 4227 1953 4290 etiam
2003 4228 2406 4309 exemplum
2455 4227 2525 4291 in
2575 4248 2662 4291 ea
2707 4248 2786 4290 re
2833 4228 2962 4290 toti
3015 4226 3192 4293 Ger·

621 4330 897 4394 maniae
964 4352 1047 4394 ac
1096 4332 1585 4414 PrincipibuS,
1658 4332 2162 4414 nobilibusque
2225 4335 2646 4416 praesertim
2709 4334 3194 4415 perniciosum

618 4435 957 4518 proferri,
1005 4437 1063 4501 si
1112 4438 1483 4519 imperitae
1530 4440 1781 4521 plebes
1830 4440 1950 4502 illa
2001 4440 2276 4505 ratione
2323 4442 2722 4505 subducere
2771 4460 2846 4503 se
2895 4462 2940 4503 a
2985 4460 3192 4522 supe-

616 4543 879 4607 riorum
945 4544 1395 4625 obedientia,
1466 4556 1537 4609 et
1600 4546 1920 4609 ordinem
1993 4567 2272 4610 ornnem
2343 4546 2930 4629 disciplinamque
2999 4545 3192 4611 vitae

616 4654 907 4715 turbare
938 4663 1009 4716 et
1042 4652 1482 4715 confundere
1516 4662 1976 4725 conarentur;
2027 4674 2211 4735 quae
2245 4674 2402 4719 cum
2439 4653 2674 4719 omnia
2699 4652 2950 4737 gravia
2979 4654 3190 4719 nobis

618 4766 689 4820 et
753 4759 929 4821 dura
976 4759 1439 4839 videbantur,
1511 4767 1656 4821 tum
1725 4758 1896 4821 nihil
1946 4762 2186 4825 durius
2255 4782 2462 4845 quam
2527 4763 2718 4842 quod
2779 4780 2938 4825 cum
2987 4770 3188 4825 tanto

621 4866 1015 4931 animarum
1064 4866 1375 4930 fidelium
1410 4866 1859 4949 detrimento,
1907 4866 2040 4931 ista
2083 4868 2288 4931 nobis
2318 4868 2730 4932 charissima
2779 4878 2852 4934 et
2881 4868 3180 4933 dilectis-
