3575 5775
1675 549 1790 602 0-‘3
1869 550 1976 604 456
2055 549 2170 601 ΞἪ)

640 703 713 756 tu
766 693 1059 776 indigne
1128 692 1449 756 molestia
1496 691 1842 772 afficeris,
1905 713 2032 774 spe
2101 707 2333 755 tamen
2405 703 2879 754 sustentamur
2943 695 3202 755 nullam

640 810 784 863 tam
835 799 1198 863 difficilem
1248 821 1405 862 esse
1455 820 1599 861 rem
1651 820 1858 880 quam
1911 820 2052 862 non
2102 810 2224 862 tua
2269 801 2650 882 prudentia
2701 813 2770 864 et
2803 800 3200 864 humanitas

640 927 797 970 cum
846 907 1111 988 optimo
1163 905 1357 968 exitu
1408 906 1856 987 explicatura
1905 927 2059 969 esse
2111 907 2467 970 videatur:
2535 908 2705 988 Nos,
2757 919 2831 969 ut
2881 907 3204 988 diximus,

643 1012 973 1094 quicquid
1026 1033 1247 1095 opera
1310 1024 1380 1076 et
1439 1013 1862 1077 auctoritate
1925 1034 2336 1094 possumuS,
2407 1015 2732 1078 omnibus
2795 1014 2933 1077 tuis
2994 1017 3206 1078 rebus

644 1131 714 1182 et
784 1120 1171 1182 commodis
1230 1120 1667 1202 pollicemur.
1801 1121 2009 1202 Quod
2075 1120 2284 1184 etiam
2369 1121 2856 1184 mandavimus
2919 1121 3037 1184 dil.
3111 1120 3204 1182 fil.

644 1225 1083 1308 Hieronymo
1132 1228 1443 1290 Rotario
1496 1227 1768 1290 Nuncio
1823 1240 2062 1290 nostro
2114 1239 2188 1289 ut
2239 1219 2393 1291 cu'm
2427 1228 2822 1292 Nobilitate
2871 1239 2991 1291 tua
3025 1250 3205 1292 com-

639 1333 1049 1414 municaret,
1101 1335 1211 1396 cui
1260 1334 1380 1398 illa
1426 1335 1641 1397 fidem
1688 1336 2004 1397 habebit.

818 1459 1076 1523 Datum
1166 1461 1442 1523 Romae
1517 1471 1648 1523 ete.
1760 1459 1896 1523 Die
1971 1459 2167 1524 XIX
2231 1461 2402 1524 Maii
2466 1461 2869 1526 MDXXV.
2991 1462 3206 1526 Anno

642 1563 999 1630 Secundo,

1712 1747 2126 1759 sarm-&W

1849 1980 2000 2042 211.

1010 2093 1508 2176 Fordinandus
1563 2097 1802 2177 Austr.
1863 2095 2216 2176 archidux
2272 2095 2618 2176 Clementi
2673 2095 2830 2176 VIL

720 2241 856 2312 (Sub
894 2241 1174 2301 clemente
1208 2242 1331 2301 Vn.
1369 2243 1607 2302 Lattara
1644 2243 1705 2301 di
1741 2243 1955 2302 diver-1
1987 2242 2234 2316 Pfinoipi
2272 2243 2336 2302 et.
2371 2244 2514 2302 altri
2547 2243 2691 2301 1525.
2731 2275 2800 2285 —
2838 2243 2968 2316 fogl.
3005 2243 3146 2313 125.)

1676 2363 1785 2429 (20.
1831 2362 1960 2414 Maii
2007 2367 2180 2425 1525.)

824 2503 1285 2567 Sanctissime
1357 2523 1439 2565 ac
1504 2503 1926 2566 Beatissime
1999 2505 2217 2567 Pater
2278 2503 2583 2567 Domine
2657 2505 3216 2569 Clementissime

650 2611 825 2672 Post
876 2613 1130 2674 beatos
1176 2611 1401 2692 pedes
1451 2612 1902 2679 deosculatos
1949 2611 2284 2674 humilem
2336 2611 3058 2675 Commendationem.

829 2733 979 2798 Etsi
1068 2755 1207 2797 non
1290 2734 1540 2797 dubito
1617 2735 2144 2798 Beatitudinem
2223 2735 2555 2798 Vestram
2644 2735 2900 2820 partim
2995 2736 3212 2817 fama,

640 2861 822 2925 quae
906 2851 1012 2905 est
1080 2842 1537 2907 velocissima
1623 2844 1963 2907 malorum
2051 2843 2346 2925 nuncia,
2427 2844 2684 2928 partim
2752 2845 3049 2911 aliorum
3142 2845 3214 2909 li-

643 2950 831 3029 teris,
881 2951 1314 3014 admonitam
1366 2972 1522 3015 esse
1572 2952 1661 3013 de
1709 2952 1882 3032 hiis,
1951 2972 2133 3034 quae
2191 2952 2366 3015 fiant
2430 2962 2500 3015 et
2563 2962 2905 3035 gerantur
2953 2952 3022 3014 in
3073 2956 3211 3015 hac

646 3057 957 3137 natione,
1008 3069 1243 3121 tamen
1294 3078 1439 3121 non
1488 3058 1688 3139 potui
1736 3062 2248 3140 supersedere,
2298 3060 2465 3141 quin
2517 3059 2670 3142 ipse
2721 3080 3040 3142 quoque,
3091 3060 3212 3121 ali-

644 3175 907 3246 quanto
942 3165 1172 3245 latiuS,
1222 3167 1337 3228 vel
1389 3166 1649 3228 certius
1684 3166 2009 3247 fortasse,
2060 3166 2271 3229 etiam
2323 3168 2412 3229 de
2461 3168 2858 3231 huiusmodi
2910 3168 2997 3229 ad
3051 3187 3212 3229 ean·

642 3274 800 3334 dem
851 3272 1264 3351 scriberem,
1314 3272 1701 3355 instigante
1752 3294 1861 3335 me
1912 3275 2060 3336 zelo
2109 3274 2255 3353 illo,
2303 3294 2512 3355 quem
2561 3276 2796 3337 habeo
2845 3284 2984 3335 tam
3039 3294 3216 3357 erga

642 3376 979 3441 Sanctam
1046 3378 1181 3441 Dei
1254 3378 1684 3460 Ecclesiam,
1751 3400 1962 3461 quam
2027 3382 2518 3462 Apostolicam
2569 3379 2864 3463 Sedem,
2915 3401 3214 3462 quarum

643 3493 1121 3567 contemptum
1156 3485 1768 3569 abiectionemque
1803 3488 2142 3571 cumipse
2185 3509 2530 3570 nequeam
2577 3489 2748 3550 satis
2774 3508 2904 3570 pro
2958 3489 3215 3567 anime,

644 3591 1139 3655 deficientibus
1188 3592 1453 3655 viribus
1501 3602 1647 3656 tum
1696 3595 1893 3677 meis,
1924 3604 2069 3658 tum
2117 3604 2311 3658 recte
2361 3606 2432 3659 et
2478 3596 2594 3677 pie
2646 3597 2876 3659 adhuc
2909 3596 3210 3657 sentien—

642 3700 810 3761 tium
862 3700 951 3761 de
1000 3700 1402 3763 orthodoxa
1449 3700 1620 3780 fide,
1670 3701 2045 3783 impedire;
2111 3712 2346 3765 tamen
2414 3724 2620 3784 quarn
2686 3702 2926 3765 invitis
2990 3703 3217 3766 oculis

642 3806 891 3869 eadem
952 3826 1274 3886 cernam,
1342 3806 1541 3869 libuit
1620 3808 1822 3871 simul
1873 3810 2062 3891 apud
2113 3808 2574 3872 Sanctitatem
2625 3811 2953 3873 Vestram
3019 3810 3214 3873 hisce

641 3913 863 3977 literis
925 3913 1209 3993 testari,
1292 3917 1762 3995 proponendo
1826 3918 2165 3979 nonnulla
2232 3926 2398 3979 ante
2464 3920 2742 3998 oculos,
2793 3938 2886 3979 ex
2949 3915 3212 3997 quibus

640 4018 932 4103 colliget
998 4031 1335 4102 quantum
1398 4024 1739 4084 malorum
1801 4022 1999 4085 brevi
2067 4030 2389 4104 tempore
2453 4023 2872 4103 confecerit,
2943 4025 3210 4087 laxatis

640 4128 964 4191 omnibus
1014 4128 1470 4191 obedientiae
1518 4129 1840 4209 habenis„
1904 4132 2212 4211 populus
2276 4130 2702 4195 Germaniae
2762 4132 3208 4213 potissimum

646 4234 1283 4297 ecclesiasticarum
1356 4244 1499 4297 tum
1572 4256 2036 4319 personarum
2121 4248 2265 4300 tum
2353 4258 2582 4300 rerum
2658 4237 3206 4302 sitientissimUS.

644 4340 1237 4423 Quandoquidem
1314 4343 1465 4405 sive
1526 4342 1676 4404 fato
1752 4343 1904 4405 sive
1976 4342 2258 4406 <livinae
2334 4344 2622 4407 ultionis
2696 4346 2985 4409 decreto
3051 4346 3207 4409 sive

638 4447 1102 4530 pessimorum
1183 4448 1527 4530 ingeniiS‚
1615 4450 2186 4531 factionumque,
2260 4450 2678 4533 cupidorum
2757 4452 3210 4516 instinctibus

640 4553 1047 4637 contingat,
1097 4554 1269 4617 nihil
1322 4556 1547 4638 magis
1596 4556 1665 4617 in
1716 4556 1900 4618 votis
1951 4568 2090 4635 est,
2140 4567 2261 4619 aut
2310 4579 2536 4640 aeque
2584 4561 2778 4622 valet
2826 4559 2966 4622 iam
3013 4562 3208 4642 apud

637 4660 1107 4723 ferocientem
1156 4662 1693 4741 multitudinem,
1741 4682 1825 4725 ac
1876 4665 1964 4725 de
2014 4663 2345 4728 Romano
2395 4666 2773 4747 Pontifice,
2825 4666 3204 4731 Cardinali-

640 4767 847 4848 libus,
898 4766 1290 4850 Episcopis,
1342 4780 1413 4831 et
1462 4770 1773 4833 breviter
1823 4768 2154 4833 universo
2213 4773 2404 4833 clero
2422 4821 2437 4851 ,
2502 4771 2573 4833 in
2622 4792 2829 4853 quem
2881 4773 3206 4837 transcri-

642 4876 822 4939 bunt
880 4876 1237 4939 horrenda
1303 4876 1531 4959 dictu,
1585 4898 1623 4940 e
1672 4877 1906 4941 medio
1968 4878 2321 4943 tollendis.
2417 4880 2618 4945 Haec
2679 4900 2818 4944 una
2867 4881 3050 4945 ratio
3099 4894 3206 4947 est
