<?xml version="1.0" encoding="UTF-8"?>
<!DOCTYPE html PUBLIC "-//W3C//DTD XHTML 1.0 Transitional//EN"
    "http://www.w3.org/TR/xhtml1/DTD/xhtml1-transitional.dtd">
<html xmlns="http://www.w3.org/1999/xhtml" xml:lang="en" lang="en">
 <head>
  <title>
</title>
<meta http-equiv="Content-Type" content="text/html;charset=utf-8" />
  <meta name='ocr-system' content='tesseract 3.04.00' />
  <meta name='ocr-capabilities' content='ocr_page ocr_carea ocr_par ocr_line ocrx_word'/>
</head>
<body>
  <div class='ocr_page' id='page_1' title='image "./monumentareform02vatigoog_0315.png"; bbox 0 0 3575 5775; ppageno 0'>
   <div class='ocr_carea' id='block_1_1' title="bbox 1325 555 1820 612">
    <p class='ocr_par' dir='ltr' id='par_1_1' title="bbox 1325 555 1820 612">
     <span class='ocr_line' id='line_1_1' title="bbox 1325 555 1820 612; baseline 0.002 -1"><span class='ocrx_word' id='word_1_1' title='bbox 1325 555 1623 612; x_wconf 52' lang='lat' dir='ltr'><strong>oe&lt;3257</strong></span> <span class='ocrx_word' id='word_1_2' title='bbox 1702 556 1820 612; x_wconf 70' lang='lat'><strong>{:&gt;-&lt;›</strong></span> 
     </span>
    </p>
   </div>
   <div class='ocr_carea' id='block_1_2' title="bbox 300 701 2930 2924">
    <p class='ocr_par' dir='ltr' id='par_1_2' title="bbox 300 701 2930 2172">
     <span class='ocr_line' id='line_1_2' title="bbox 302 701 2853 786; baseline 0 -20"><span class='ocrx_word' id='word_1_3' title='bbox 302 713 363 766; x_wconf 89' lang='lat' dir='ltr'>et</span> <span class='ocrx_word' id='word_1_4' title='bbox 412 725 627 786; x_wconf 88' lang='lat' dir='ltr'>opere</span> <span class='ocrx_word' id='word_1_5' title='bbox 677 703 875 766; x_wconf 79' lang='lat' dir='ltr'>accio</span> <span class='ocrx_word' id='word_1_6' title='bbox 928 702 1148 767; x_wconf 83' lang='lat' dir='ltr'>Cesar</span> <span class='ocrx_word' id='word_1_7' title='bbox 1197 723 1503 766; x_wconf 86' lang='lat' dir='ltr'>conosca</span> <span class='ocrx_word' id='word_1_8' title='bbox 1552 711 1624 765; x_wconf 87' lang='lat' dir='ltr'>et</span> <span class='ocrx_word' id='word_1_9' title='bbox 1670 711 1856 765; x_wconf 90' lang='lat' dir='ltr'>tutto</span> <span class='ocrx_word' id='word_1_10' title='bbox 1907 703 1952 764; x_wconf 88' lang='lat'>’1</span> <span class='ocrx_word' id='word_1_11' title='bbox 2000 704 2262 767; x_wconf 88' lang='lat' dir='ltr'>mondo</span> <span class='ocrx_word' id='word_1_12' title='bbox 2311 705 2443 768; x_wconf 92' lang='lat' dir='ltr'>che</span> <span class='ocrx_word' id='word_1_13' title='bbox 2491 703 2576 769; x_wconf 87' lang='lat' dir='ltr'>N.</span> <span class='ocrx_word' id='word_1_14' title='bbox 2628 701 2735 766; x_wconf 63' lang='lat' dir='ltr'>S⁰f</span> <span class='ocrx_word' id='word_1_15' title='bbox 2783 721 2853 767; x_wconf 80' lang='lat' dir='ltr'>et</span> 
     </span>
     <span class='ocr_line' id='line_1_3' title="bbox 301 807 2930 893; baseline 0.001 -21"><span class='ocrx_word' id='word_1_16' title='bbox 301 821 541 892; x_wconf 86' lang='lat' dir='ltr'>questa</span> <span class='ocrx_word' id='word_1_17' title='bbox 588 811 813 873; x_wconf 59' lang='lat' dir='ltr'>&amp;anta</span> <span class='ocrx_word' id='word_1_18' title='bbox 863 807 1054 872; x_wconf 82' lang='lat' dir='ltr'>Sede</span> <span class='ocrx_word' id='word_1_19' title='bbox 1104 820 1453 893; x_wconf 85' lang='lat' dir='ltr'>reputano</span> <span class='ocrx_word' id='word_1_20' title='bbox 1505 819 1758 892; x_wconf 90' lang='lat' dir='ltr'>questa</span> <span class='ocrx_word' id='word_1_21' title='bbox 1805 810 2036 892; x_wconf 87' lang='lat' dir='ltr'>gratia</span> <span class='ocrx_word' id='word_1_22' title='bbox 2087 812 2329 892; x_wconf 89' lang='lat' dir='ltr'>doppo</span> <span class='ocrx_word' id='word_1_23' title='bbox 2379 810 2516 874; x_wconf 90' lang='lat' dir='ltr'>Dio</span> <span class='ocrx_word' id='word_1_24' title='bbox 2568 811 2659 874; x_wconf 91' lang='lat' dir='ltr'>da</span> <span class='ocrx_word' id='word_1_25' title='bbox 2708 809 2854 874; x_wconf 88' lang='lat' dir='ltr'>Sua</span> <span class='ocrx_word' id='word_1_26' title='bbox 2927 877 2930 880; x_wconf 68' lang='grc'><em>,</em></span> 
     </span>
     <span class='ocr_line' id='line_1_4' title="bbox 300 917 2853 1001; baseline 0 -21"><span class='ocrx_word' id='word_1_27' title='bbox 300 917 443 980; x_wconf 53' lang='lat' dir='ltr'>Mt&amp;</span> <span class='ocrx_word' id='word_1_28' title='bbox 503 918 811 981; x_wconf 80' lang='lat' dir='ltr'>Cesarea</span> <span class='ocrx_word' id='word_1_29' title='bbox 875 925 945 979; x_wconf 86' lang='lat' dir='ltr'>et</span> <span class='ocrx_word' id='word_1_30' title='bbox 1007 919 1138 980; x_wconf 89' lang='lat' dir='ltr'>che</span> <span class='ocrx_word' id='word_1_31' title='bbox 1200 937 1290 978; x_wconf 88' lang='lat' dir='ltr'>ne</span> <span class='ocrx_word' id='word_1_32' title='bbox 1360 937 1614 980; x_wconf 88' lang='lat' dir='ltr'>serano</span> <span class='ocrx_word' id='word_1_33' title='bbox 1676 937 1958 999; x_wconf 87' lang='lat' dir='ltr'>sempre</span> <span class='ocrx_word' id='word_1_34' title='bbox 2021 918 2452 982; x_wconf 86' lang='lat' dir='ltr'>ricordevoli</span> <span class='ocrx_word' id='word_1_35' title='bbox 2534 929 2604 981; x_wconf 88' lang='lat' dir='ltr'>et</span> <span class='ocrx_word' id='word_1_36' title='bbox 2664 919 2853 1001; x_wconf 90' lang='lat' dir='ltr'>grati</span> 
     </span>
     <span class='ocr_line' id='line_1_5' title="bbox 302 1023 2853 1106; baseline 0 -19"><span class='ocrx_word' id='word_1_37' title='bbox 302 1045 499 1088; x_wconf 87' lang='lat' dir='ltr'>verso</span> <span class='ocrx_word' id='word_1_38' title='bbox 547 1025 787 1106; x_wconf 89' lang='lat' dir='ltr'>quella</span> <span class='ocrx_word' id='word_1_39' title='bbox 836 1035 907 1087; x_wconf 89' lang='lat' dir='ltr'>et</span> <span class='ocrx_word' id='word_1_40' title='bbox 952 1033 1137 1087; x_wconf 87' lang='lat' dir='ltr'>tutta</span> <span class='ocrx_word' id='word_1_41' title='bbox 1184 1045 1267 1086; x_wconf 90' lang='lat' dir='ltr'>su</span> <span class='ocrx_word' id='word_1_42' title='bbox 1318 1024 1501 1087; x_wconf 90' lang='lat' dir='ltr'>Casa</span> <span class='ocrx_word' id='word_1_43' title='bbox 1561 1023 2033 1088; x_wconf 88' lang='lat' dir='ltr'>serenissima.</span> <span class='ocrx_word' id='word_1_44' title='bbox 2129 1025 2270 1088; x_wconf 91' lang='lat' dir='ltr'>Voi</span> <span class='ocrx_word' id='word_1_45' title='bbox 2332 1045 2536 1088; x_wconf 74' lang='lat' dir='ltr'>mess,</span> <span class='ocrx_word' id='word_1_46' title='bbox 2606 1025 2853 1088; x_wconf 89' lang='lat' dir='ltr'>Hiero·</span> 
     </span>
     <span class='ocr_line' id='line_1_6' title="bbox 301 1131 2853 1214; baseline 0.001 -20"><span class='ocrx_word' id='word_1_47' title='bbox 301 1152 505 1214; x_wconf 87' lang='lat' dir='ltr'>nymo</span> <span class='ocrx_word' id='word_1_48' title='bbox 551 1132 1056 1214; x_wconf 89' lang='lat' dir='ltr'>ringratierete</span> <span class='ocrx_word' id='word_1_49' title='bbox 1122 1151 1341 1194; x_wconf 89' lang='lat' dir='ltr'>ancor</span> <span class='ocrx_word' id='word_1_50' title='bbox 1404 1132 1470 1194; x_wconf 93' lang='lat' dir='ltr'>el</span> <span class='ocrx_word' id='word_1_51' title='bbox 1535 1151 1684 1194; x_wconf 89' lang='lat' dir='ltr'>rev.</span> <span class='ocrx_word' id='word_1_52' title='bbox 1735 1131 1972 1194; x_wconf 86' lang='lat' dir='ltr'>Padre</span> <span class='ocrx_word' id='word_1_53' title='bbox 2005 1131 2442 1214; x_wconf 81' lang='lat' dir='ltr'>&#39;confessor‚</span> <span class='ocrx_word' id='word_1_54' title='bbox 2507 1131 2853 1212; x_wconf 88' lang='lat' dir='ltr'>Palentia,</span> 
     </span>
     <span class='ocr_line' id='line_1_7' title="bbox 301 1237 2856 1322; baseline -0.001 -20"><span class='ocrx_word' id='word_1_55' title='bbox 301 1239 689 1302; x_wconf 86' lang='lat' dir='ltr'>consellieri</span> <span class='ocrx_word' id='word_1_56' title='bbox 739 1251 807 1301; x_wconf 85' lang='lat' dir='ltr'>et</span> <span class='ocrx_word' id='word_1_57' title='bbox 857 1239 904 1301; x_wconf 95' lang='lat' dir='ltr'>li</span> <span class='ocrx_word' id='word_1_58' title='bbox 951 1238 1111 1302; x_wconf 86' lang='lat' dir='ltr'>altri</span> <span class='ocrx_word' id='word_1_59' title='bbox 1161 1237 1431 1320; x_wconf 89' lang='lat' dir='ltr'>signori</span> <span class='ocrx_word' id='word_1_60' title='bbox 1475 1238 1788 1302; x_wconf 80' lang='lat' dir='ltr'>secondo</span> <span class='ocrx_word' id='word_1_61' title='bbox 1838 1237 1889 1300; x_wconf 91' lang='lat' dir='ltr'>li</span> <span class='ocrx_word' id='word_1_62' title='bbox 1935 1239 2184 1322; x_wconf 82' lang='lat' dir='ltr'>meriti,</span> <span class='ocrx_word' id='word_1_63' title='bbox 2235 1248 2305 1302; x_wconf 87' lang='lat' dir='ltr'>et</span> <span class='ocrx_word' id='word_1_64' title='bbox 2352 1238 2856 1320; x_wconf 88' lang='lat' dir='ltr'>persuadetevi</span> 
     </span>
     <span class='ocr_line' id='line_1_8' title="bbox 301 1343 2856 1428; baseline -0 -20"><span class='ocrx_word' id='word_1_65' title='bbox 301 1349 425 1408; x_wconf 88' lang='lat' dir='ltr'>che</span> <span class='ocrx_word' id='word_1_66' title='bbox 472 1355 667 1408; x_wconf 84' lang='lat' dir='ltr'>tante</span> <span class='ocrx_word' id='word_1_67' title='bbox 716 1345 1017 1426; x_wconf 88' lang='lat' dir='ltr'>fatiche,</span> <span class='ocrx_word' id='word_1_68' title='bbox 1084 1344 1263 1406; x_wconf 88' lang='lat' dir='ltr'>tanti</span> <span class='ocrx_word' id='word_1_69' title='bbox 1325 1345 1537 1408; x_wconf 87' lang='lat' dir='ltr'>stenti</span> <span class='ocrx_word' id='word_1_70' title='bbox 1604 1355 1675 1407; x_wconf 90' lang='lat' dir='ltr'>et</span> <span class='ocrx_word' id='word_1_71' title='bbox 1723 1343 1970 1426; x_wconf 87' lang='lat' dir='ltr'>vigilie</span> <span class='ocrx_word' id='word_1_72' title='bbox 2019 1355 2220 1408; x_wconf 87' lang='lat' dir='ltr'>usate</span> <span class='ocrx_word' id='word_1_73' title='bbox 2267 1345 2336 1408; x_wconf 91' lang='lat' dir='ltr'>in</span> <span class='ocrx_word' id='word_1_74' title='bbox 2389 1357 2639 1428; x_wconf 87' lang='lat' dir='ltr'>questa</span> <span class='ocrx_word' id='word_1_75' title='bbox 2689 1365 2856 1410; x_wconf 92' lang='lat' dir='ltr'>cosa</span> 
     </span>
     <span class='ocr_line' id='line_1_9' title="bbox 301 1450 2856 1518; baseline 0.001 -6"><span class='ocrx_word' id='word_1_76' title='bbox 301 1451 363 1512; x_wconf 83' lang='lat' dir='ltr'>vi</span> <span class='ocrx_word' id='word_1_77' title='bbox 408 1472 715 1514; x_wconf 89' lang='lat' dir='ltr'>saranno</span> <span class='ocrx_word' id='word_1_78' title='bbox 768 1454 1359 1514; x_wconf 86' lang='lat' dir='ltr'>cumulatamente</span> <span class='ocrx_word' id='word_1_79' title='bbox 1406 1453 1759 1514; x_wconf 86' lang='lat' dir='ltr'>ristorate.</span> <span class='ocrx_word' id='word_1_80' title='bbox 1855 1451 1940 1516; x_wconf 88' lang='lat' dir='ltr'>N.</span> <span class='ocrx_word' id='word_1_81' title='bbox 1993 1450 2065 1518; x_wconf 91' lang='lat' dir='ltr'>S.</span> <span class='ocrx_word' id='word_1_82' title='bbox 2133 1453 2345 1516; x_wconf 90' lang='lat' dir='ltr'>lauda</span> <span class='ocrx_word' id='word_1_83' title='bbox 2401 1473 2532 1516; x_wconf 89' lang='lat' dir='ltr'>con</span> <span class='ocrx_word' id='word_1_84' title='bbox 2585 1472 2856 1516; x_wconf 88' lang='lat' dir='ltr'>summa</span> 
     </span>
     <span class='ocr_line' id='line_1_10' title="bbox 303 1558 2858 1640; baseline 0 -19"><span class='ocrx_word' id='word_1_85' title='bbox 303 1559 860 1621; x_wconf 85' lang='lat' dir='ltr'>commendation</span> <span class='ocrx_word' id='word_1_86' title='bbox 910 1559 953 1621; x_wconf 83' lang='lat'>1&#39;</span> <span class='ocrx_word' id='word_1_87' title='bbox 986 1579 1246 1640; x_wconf 84' lang='lat' dir='ltr'>opera,</span> <span class='ocrx_word' id='word_1_88' title='bbox 1314 1559 1363 1622; x_wconf 92' lang='lat' dir='ltr'>il</span> <span class='ocrx_word' id='word_1_89' title='bbox 1430 1558 1665 1622; x_wconf 87' lang='lat' dir='ltr'>studio</span> <span class='ocrx_word' id='word_1_90' title='bbox 1734 1569 1805 1621; x_wconf 86' lang='lat' dir='ltr'>et</span> <span class='ocrx_word' id='word_1_91' title='bbox 1859 1558 2027 1623; x_wconf 87' lang='lat' dir='ltr'>fede</span> <span class='ocrx_word' id='word_1_92' title='bbox 2077 1569 2148 1624; x_wconf 88' lang='lat' dir='ltr'>et</span> <span class='ocrx_word' id='word_1_93' title='bbox 2195 1559 2566 1622; x_wconf 71' lang='lat' dir='ltr'>animosita</span> <span class='ocrx_word' id='word_1_94' title='bbox 2614 1568 2858 1623; x_wconf 87' lang='lat' dir='ltr'>vostra</span> 
     </span>
     <span class='ocr_line' id='line_1_11' title="bbox 304 1665 2856 1749; baseline 0 -22"><span class='ocrx_word' id='word_1_95' title='bbox 304 1665 501 1748; x_wconf 88' lang='lat' dir='ltr'>piena</span> <span class='ocrx_word' id='word_1_96' title='bbox 550 1665 623 1728; x_wconf 91' lang='lat' dir='ltr'>di</span> <span class='ocrx_word' id='word_1_97' title='bbox 672 1665 1022 1747; x_wconf 86' lang='lat' dir='ltr'>religione</span> <span class='ocrx_word' id='word_1_98' title='bbox 1072 1665 1142 1727; x_wconf 91' lang='lat' dir='ltr'>in</span> <span class='ocrx_word' id='word_1_99' title='bbox 1191 1673 1444 1746; x_wconf 88' lang='lat' dir='ltr'>questa</span> <span class='ocrx_word' id='word_1_100' title='bbox 1490 1686 1659 1728; x_wconf 89' lang='lat' dir='ltr'>cosa</span> <span class='ocrx_word' id='word_1_101' title='bbox 1710 1675 1907 1728; x_wconf 90' lang='lat' dir='ltr'>tanto</span> <span class='ocrx_word' id='word_1_102' title='bbox 1957 1667 2436 1749; x_wconf 83' lang='lat' dir='ltr'>travagliosa,</span> <span class='ocrx_word' id='word_1_103' title='bbox 2502 1674 2573 1729; x_wconf 89' lang='lat' dir='ltr'>et</span> <span class='ocrx_word' id='word_1_104' title='bbox 2620 1665 2737 1729; x_wconf 91' lang='lat' dir='ltr'>noi</span> <span class='ocrx_word' id='word_1_105' title='bbox 2785 1666 2856 1728; x_wconf 88' lang='lat' dir='ltr'>vi</span> 
     </span>
     <span class='ocr_line' id='line_1_12' title="bbox 303 1772 2854 1854; baseline 0.001 -20"><span class='ocrx_word' id='word_1_106' title='bbox 303 1772 588 1835; x_wconf 86' lang='lat' dir='ltr'>amiamo</span> <span class='ocrx_word' id='word_1_107' title='bbox 659 1773 1172 1835; x_wconf 88' lang='lat' dir='ltr'>cordialmente</span> <span class='ocrx_word' id='word_1_108' title='bbox 1239 1781 1312 1835; x_wconf 88' lang='lat' dir='ltr'>et</span> <span class='ocrx_word' id='word_1_109' title='bbox 1377 1793 1720 1854; x_wconf 85' lang='lat' dir='ltr'>pensamo</span> <span class='ocrx_word' id='word_1_110' title='bbox 1782 1793 1826 1834; x_wconf 87' lang='lat' dir='ltr'>a</span> <span class='ocrx_word' id='word_1_111' title='bbox 1889 1774 2390 1836; x_wconf 87' lang='lat' dir='ltr'>commodarvi.</span> <span class='ocrx_word' id='word_1_112' title='bbox 2483 1774 2568 1836; x_wconf 87' lang='lat' dir='ltr'>El</span> <span class='ocrx_word' id='word_1_113' title='bbox 2633 1777 2854 1837; x_wconf 89' lang='lat' dir='ltr'>breve</span> 
     </span>
     <span class='ocr_line' id='line_1_13' title="bbox 304 1878 2853 1962; baseline 0 -21"><span class='ocrx_word' id='word_1_114' title='bbox 304 1880 384 1942; x_wconf 90' lang='lat' dir='ltr'>de</span> <span class='ocrx_word' id='word_1_115' title='bbox 427 1879 699 1942; x_wconf 87' lang='lat' dir='ltr'>accessi</span> <span class='ocrx_word' id='word_1_116' title='bbox 748 1900 881 1961; x_wconf 88' lang='lat' dir='ltr'>per</span> <span class='ocrx_word' id='word_1_117' title='bbox 924 1880 969 1942; x_wconf 90' lang='lat'>1&#39;</span> <span class='ocrx_word' id='word_1_118' title='bbox 1006 1878 1314 1942; x_wconf 87' lang='lat' dir='ltr'>officiale</span> <span class='ocrx_word' id='word_1_119' title='bbox 1364 1879 1455 1941; x_wconf 91' lang='lat' dir='ltr'>de</span> <span class='ocrx_word' id='word_1_120' title='bbox 1502 1879 1799 1942; x_wconf 89' lang='lat' dir='ltr'>Treveri</span> <span class='ocrx_word' id='word_1_121' title='bbox 1847 1878 1918 1942; x_wconf 89' lang='lat' dir='ltr'>vi</span> <span class='ocrx_word' id='word_1_122' title='bbox 1967 1878 2026 1942; x_wconf 89' lang='lat' dir='ltr'>si</span> <span class='ocrx_word' id='word_1_123' title='bbox 2073 1881 2334 1944; x_wconf 90' lang='lat' dir='ltr'>manda</span> <span class='ocrx_word' id='word_1_124' title='bbox 2396 1900 2529 1942; x_wconf 88' lang='lat' dir='ltr'>con</span> <span class='ocrx_word' id='word_1_125' title='bbox 2581 1890 2853 1962; x_wconf 83' lang='lat' dir='ltr'>questa,</span> 
     </span>
     <span class='ocr_line' id='line_1_14' title="bbox 304 1985 2855 2068; baseline 0 -20"><span class='ocrx_word' id='word_1_126' title='bbox 304 1987 345 2048; x_wconf 88' lang='lat' dir='ltr'>il</span> <span class='ocrx_word' id='word_1_127' title='bbox 388 1997 576 2050; x_wconf 90' lang='lat' dir='ltr'>resto</span> <span class='ocrx_word' id='word_1_128' title='bbox 626 1985 685 2049; x_wconf 87' lang='lat' dir='ltr'>si</span> <span class='ocrx_word' id='word_1_129' title='bbox 734 2007 958 2068; x_wconf 87' lang='lat' dir='ltr'>segue</span> <span class='ocrx_word' id='word_1_130' title='bbox 1008 1985 1077 2048; x_wconf 92' lang='lat' dir='ltr'>di</span> <span class='ocrx_word' id='word_1_131' title='bbox 1128 1987 1394 2049; x_wconf 87' lang='lat' dir='ltr'>vedere</span> <span class='ocrx_word' id='word_1_132' title='bbox 1443 1986 1501 2048; x_wconf 87' lang='lat' dir='ltr'>si</span> <span class='ocrx_word' id='word_1_133' title='bbox 1550 1986 1961 2068; x_wconf 87' lang='lat' dir='ltr'>expedisca.</span> <span class='ocrx_word' id='word_1_134' title='bbox 2055 1985 2146 2048; x_wconf 88' lang='lat' dir='ltr'>Et</span> <span class='ocrx_word' id='word_1_135' title='bbox 2175 1989 2360 2049; x_wconf 88' lang='lat' dir='ltr'>bene</span> <span class='ocrx_word' id='word_1_136' title='bbox 2391 1987 2650 2050; x_wconf 87' lang='lat' dir='ltr'>valete.</span> <span class='ocrx_word' id='word_1_137' title='bbox 2744 1987 2855 2048; x_wconf 84' lang='lat' dir='ltr'>Ex</span> 
     </span>
     <span class='ocr_line' id='line_1_15' title="bbox 304 2092 1421 2172; baseline 0.002 -18"><span class='ocrx_word' id='word_1_138' title='bbox 304 2093 654 2156; x_wconf 86' lang='lat' dir='ltr'>Florentia</span> <span class='ocrx_word' id='word_1_139' title='bbox 700 2093 771 2155; x_wconf 92' lang='lat' dir='ltr'>V</span> <span class='ocrx_word' id='word_1_140' title='bbox 817 2093 1005 2172; x_wconf 91' lang='lat' dir='ltr'>Junii</span> <span class='ocrx_word' id='word_1_141' title='bbox 1053 2092 1421 2156; x_wconf 89' lang='lat' dir='ltr'>MDXXI.</span> 
     </span>
    </p>

    <p class='ocr_par' dir='ltr' id='par_1_3' title="bbox 303 2199 2879 2709">
     <span class='ocr_line' id='line_1_16' title="bbox 464 2199 2854 2282; baseline 0 -20"><span class='ocrx_word' id='word_1_142' title='bbox 464 2200 627 2263; x_wconf 91' lang='lat' dir='ltr'>Non</span> <span class='ocrx_word' id='word_1_143' title='bbox 678 2200 747 2262; x_wconf 89' lang='lat' dir='ltr'>vi</span> <span class='ocrx_word' id='word_1_144' title='bbox 796 2199 1031 2263; x_wconf 90' lang='lat' dir='ltr'>scordi</span> <span class='ocrx_word' id='word_1_145' title='bbox 1080 2201 1146 2262; x_wconf 87' lang='lat' dir='ltr'>le</span> <span class='ocrx_word' id='word_1_146' title='bbox 1195 2208 1439 2262; x_wconf 87' lang='lat' dir='ltr'>nostre</span> <span class='ocrx_word' id='word_1_147' title='bbox 1487 2199 2142 2264; x_wconf 88' lang='lat' dir='ltr'>raccomandationi</span> <span class='ocrx_word' id='word_1_148' title='bbox 2190 2221 2232 2262; x_wconf 88' lang='lat' dir='ltr'>a</span> <span class='ocrx_word' id='word_1_149' title='bbox 2283 2199 2353 2262; x_wconf 91' lang='lat' dir='ltr'>S.</span> <span class='ocrx_word' id='word_1_150' title='bbox 2402 2200 2528 2262; x_wconf 56' lang='lat' dir='ltr'>Mt*</span> <span class='ocrx_word' id='word_1_151' title='bbox 2567 2201 2854 2282; x_wconf 88' lang='lat' dir='ltr'>quando</span> 
     </span>
     <span class='ocr_line' id='line_1_17' title="bbox 305 2305 2879 2388; baseline 0.001 -21"><span class='ocrx_word' id='word_1_152' title='bbox 305 2307 365 2368; x_wconf 90' lang='lat' dir='ltr'>vi</span> <span class='ocrx_word' id='word_1_153' title='bbox 429 2327 723 2370; x_wconf 87' lang='lat' dir='ltr'>occorre</span> <span class='ocrx_word' id='word_1_154' title='bbox 788 2305 1283 2388; x_wconf 66' lang='lat' dir='ltr'>opportunita‚</span> <span class='ocrx_word' id='word_1_155' title='bbox 1341 2308 1474 2369; x_wconf 89' lang='lat' dir='ltr'>che</span> <span class='ocrx_word' id='word_1_156' title='bbox 1537 2317 1734 2369; x_wconf 87' lang='lat' dir='ltr'>certo</span> <span class='ocrx_word' id='word_1_157' title='bbox 1797 2317 2124 2388; x_wconf 88' lang='lat' dir='ltr'>portamo</span> <span class='ocrx_word' id='word_1_158' title='bbox 2187 2308 2305 2369; x_wconf 90' lang='lat' dir='ltr'>nel</span> <span class='ocrx_word' id='word_1_159' title='bbox 2372 2327 2539 2370; x_wconf 89' lang='lat' dir='ltr'>core</span> <span class='ocrx_word' id='word_1_160' title='bbox 2602 2316 2879 2388; x_wconf 87' lang='lat' dir='ltr'>questo·</span> 
     </span>
     <span class='ocr_line' id='line_1_18' title="bbox 303 2411 2854 2496; baseline 0 -21"><span class='ocrx_word' id='word_1_161' title='bbox 303 2417 478 2477; x_wconf 88' lang='lat' dir='ltr'>buon</span> <span class='ocrx_word' id='word_1_162' title='bbox 526 2413 854 2496; x_wconf 86' lang='lat' dir='ltr'>principe</span> <span class='ocrx_word' id='word_1_163' title='bbox 903 2424 974 2477; x_wconf 89' lang='lat' dir='ltr'>et</span> <span class='ocrx_word' id='word_1_164' title='bbox 1023 2413 1244 2476; x_wconf 90' lang='lat' dir='ltr'>siamo</span> <span class='ocrx_word' id='word_1_165' title='bbox 1293 2435 1425 2495; x_wconf 87' lang='lat' dir='ltr'>per</span> <span class='ocrx_word' id='word_1_166' title='bbox 1487 2416 1806 2495; x_wconf 81' lang='lat' dir='ltr'>portarlo</span> <span class='ocrx_word' id='word_1_167' title='bbox 1873 2415 2042 2495; x_wconf 90' lang='lat' dir='ltr'>ogni</span> <span class='ocrx_word' id='word_1_168' title='bbox 2107 2411 2178 2476; x_wconf 84' lang='lat' dir='ltr'>di</span> <span class='ocrx_word' id='word_1_169' title='bbox 2239 2413 2360 2495; x_wconf 69' lang='lat' dir='ltr'>pisi</span> <span class='ocrx_word' id='word_1_170' title='bbox 2415 2433 2548 2496; x_wconf 86' lang='lat' dir='ltr'>per</span> <span class='ocrx_word' id='word_1_171' title='bbox 2605 2424 2854 2496; x_wconf 82' lang='lat' dir='ltr'>questa</span> 
     </span>
     <span class='ocr_line' id='line_1_19' title="bbox 304 2519 2854 2584; baseline 0 -2"><span class='ocrx_word' id='word_1_172' title='bbox 304 2541 417 2584; x_wconf 85' lang='lat' dir='ltr'>sua</span> <span class='ocrx_word' id='word_1_173' title='bbox 462 2541 733 2584; x_wconf 86' lang='lat' dir='ltr'>summa</span> <span class='ocrx_word' id='word_1_174' title='bbox 780 2521 1021 2583; x_wconf 76' lang='lat' dir='ltr'>bonta.</span> <span class='ocrx_word' id='word_1_175' title='bbox 1125 2520 1219 2583; x_wconf 92' lang='lat' dir='ltr'>Al</span> <span class='ocrx_word' id='word_1_176' title='bbox 1282 2519 1647 2583; x_wconf 88' lang='lat' dir='ltr'>confessor</span> <span class='ocrx_word' id='word_1_177' title='bbox 1710 2520 2345 2584; x_wconf 88' lang='lat' dir='ltr'>osservandissimo</span> <span class='ocrx_word' id='word_1_178' title='bbox 2407 2520 2554 2584; x_wconf 87' lang='lat' dir='ltr'>fate</span> <span class='ocrx_word' id='word_1_179' title='bbox 2625 2521 2854 2583; x_wconf 83' lang='lat' dir='ltr'>anche</span> 
     </span>
     <span class='ocr_line' id='line_1_20' title="bbox 305 2627 2358 2709; baseline 0.002 -20"><span class='ocrx_word' id='word_1_180' title='bbox 305 2629 363 2690; x_wconf 87' lang='lat' dir='ltr'>le</span> <span class='ocrx_word' id='word_1_181' title='bbox 408 2629 657 2691; x_wconf 88' lang='lat' dir='ltr'>iterate</span> <span class='ocrx_word' id='word_1_182' title='bbox 708 2627 1361 2692; x_wconf 88' lang='lat' dir='ltr'>raccomandationi</span> <span class='ocrx_word' id='word_1_183' title='bbox 1410 2629 1476 2690; x_wconf 88' lang='lat' dir='ltr'>al</span> <span class='ocrx_word' id='word_1_184' title='bbox 1524 2648 1705 2709; x_wconf 87' lang='lat' dir='ltr'>gran</span> <span class='ocrx_word' id='word_1_185' title='bbox 1756 2627 2178 2692; x_wconf 86' lang='lat' dir='ltr'>Cancellieri</span> <span class='ocrx_word' id='word_1_186' title='bbox 2227 2639 2358 2694; x_wconf 87' lang='lat' dir='ltr'>ete.</span> 
     </span>
    </p>

    <p class='ocr_par' dir='ltr' id='par_1_4' title="bbox 307 2734 2853 2924">
     <span class='ocr_line' id='line_1_21' title="bbox 468 2734 2853 2818; baseline 0 -20"><span class='ocrx_word' id='word_1_187' title='bbox 468 2735 675 2798; x_wconf 84' lang='lat' dir='ltr'>Circa</span> <span class='ocrx_word' id='word_1_188' title='bbox 708 2735 753 2798; x_wconf 90' lang='lat' dir='ltr'>il</span> <span class='ocrx_word' id='word_1_189' title='bbox 788 2734 1034 2798; x_wconf 89' lang='lat' dir='ltr'>venire</span> <span class='ocrx_word' id='word_1_190' title='bbox 1067 2745 1311 2797; x_wconf 89' lang='lat' dir='ltr'>vostro</span> <span class='ocrx_word' id='word_1_191' title='bbox 1346 2736 1557 2817; x_wconf 87' lang='lat' dir='ltr'>quale</span> <span class='ocrx_word' id='word_1_192' title='bbox 1587 2744 1926 2798; x_wconf 89' lang='lat' dir='ltr'>mostrate</span> <span class='ocrx_word' id='word_1_193' title='bbox 1959 2735 2390 2816; x_wconf 84' lang='lat' dir='ltr'>desiderare,</span> <span class='ocrx_word' id='word_1_194' title='bbox 2425 2735 2510 2798; x_wconf 89' lang='lat' dir='ltr'>N.</span> <span class='ocrx_word' id='word_1_195' title='bbox 2547 2734 2853 2818; x_wconf 89' lang='lat' dir='ltr'>Signore</span> 
     </span>
     <span class='ocr_line' id='line_1_22' title="bbox 307 2841 2853 2924; baseline 0.001 -21"><span class='ocrx_word' id='word_1_196' title='bbox 307 2841 447 2906; x_wconf 88' lang='lat' dir='ltr'>dice</span> <span class='ocrx_word' id='word_1_197' title='bbox 495 2844 627 2907; x_wconf 89' lang='lat' dir='ltr'>che</span> <span class='ocrx_word' id='word_1_198' title='bbox 677 2861 754 2906; x_wconf 86' lang='lat' dir='ltr'>se</span> <span class='ocrx_word' id='word_1_199' title='bbox 804 2861 947 2905; x_wconf 90' lang='lat' dir='ltr'>non</span> <span class='ocrx_word' id='word_1_200' title='bbox 994 2841 1067 2905; x_wconf 89' lang='lat' dir='ltr'>vi</span> <span class='ocrx_word' id='word_1_201' title='bbox 1100 2861 1275 2923; x_wconf 88' lang='lat' dir='ltr'>pare</span> <span class='ocrx_word' id='word_1_202' title='bbox 1308 2841 1425 2924; x_wconf 60' lang='lat' dir='ltr'>pin</span> <span class='ocrx_word' id='word_1_203' title='bbox 1459 2841 1866 2905; x_wconf 87' lang='lat' dir='ltr'>necessaria</span> <span class='ocrx_word' id='word_1_204' title='bbox 1913 2841 1954 2905; x_wconf 88' lang='lat' dir='ltr'>l&#39;</span> <span class='ocrx_word' id='word_1_205' title='bbox 1989 2861 2210 2924; x_wconf 87' lang='lat' dir='ltr'>opera</span> <span class='ocrx_word' id='word_1_206' title='bbox 2241 2851 2483 2906; x_wconf 83' lang='lat' dir='ltr'>vostra</span> <span class='ocrx_word' id='word_1_207' title='bbox 2515 2841 2585 2904; x_wconf 90' lang='lat' dir='ltr'>in</span> <span class='ocrx_word' id='word_1_208' title='bbox 2619 2844 2853 2924; x_wconf 88' lang='lat' dir='ltr'>quelle</span> 
     </span>
    </p>
   </div>
   <div class='ocr_carea' id='block_1_3' title="bbox 307 2950 2852 3135">
    <p class='ocr_par' dir='ltr' id='par_1_5' title="bbox 307 2950 2852 3135">
     <span class='ocr_line' id='line_1_23' title="bbox 307 2950 2852 3031; baseline 0.002 -22"><span class='ocrx_word' id='word_1_209' title='bbox 307 2952 523 3014; x_wconf 87' lang='lat' dir='ltr'>bande</span> <span class='ocrx_word' id='word_1_210' title='bbox 592 2952 723 3013; x_wconf 90' lang='lat' dir='ltr'>che</span> <span class='ocrx_word' id='word_1_211' title='bbox 788 2951 823 3012; x_wconf 77' lang='grc' dir='ltr'>ὲ</span> <span class='ocrx_word' id='word_1_212' title='bbox 906 2958 1245 3012; x_wconf 86' lang='lat' dir='ltr'>contento</span> <span class='ocrx_word' id='word_1_213' title='bbox 1311 2970 1399 3012; x_wconf 89' lang='lat' dir='ltr'>ve</span> <span class='ocrx_word' id='word_1_214' title='bbox 1461 2970 1551 3012; x_wconf 87' lang='lat' dir='ltr'>ne</span> <span class='ocrx_word' id='word_1_215' title='bbox 1625 2950 1940 3031; x_wconf 82' lang='lat' dir='ltr'>possiate</span> <span class='ocrx_word' id='word_1_216' title='bbox 2005 2958 2290 3011; x_wconf 85' lang='lat' dir='ltr'>tornare</span> <span class='ocrx_word' id='word_1_217' title='bbox 2369 2970 2414 3011; x_wconf 91' lang='lat' dir='ltr'>a</span> <span class='ocrx_word' id='word_1_218' title='bbox 2483 2950 2852 3013; x_wconf 89' lang='lat' dir='ltr'>commodo</span> 
     </span>
     <span class='ocr_line' id='line_1_24' title="bbox 309 3056 2585 3135; baseline 0.001 -18"><span class='ocrx_word' id='word_1_219' title='bbox 309 3066 553 3121; x_wconf 89' lang='lat' dir='ltr'>vostro.</span> <span class='ocrx_word' id='word_1_220' title='bbox 648 3056 739 3120; x_wconf 84' lang='lat' dir='ltr'>Et</span> <span class='ocrx_word' id='word_1_221' title='bbox 784 3058 972 3120; x_wconf 90' lang='lat' dir='ltr'>bene</span> <span class='ocrx_word' id='word_1_222' title='bbox 1022 3058 1277 3119; x_wconf 78' lang='lat' dir='ltr'>valete.</span> <span class='ocrx_word' id='word_1_223' title='bbox 1374 3056 1780 3119; x_wconf 87' lang='lat' dir='ltr'>Florentiae</span> <span class='ocrx_word' id='word_1_224' title='bbox 1831 3056 1934 3118; x_wconf 91' lang='lat' dir='ltr'>VI</span> <span class='ocrx_word' id='word_1_225' title='bbox 1981 3056 2171 3135; x_wconf 90' lang='lat' dir='ltr'>Junii</span> <span class='ocrx_word' id='word_1_226' title='bbox 2219 3056 2585 3119; x_wconf 87' lang='lat' dir='ltr'>MDXXI.</span> 
     </span>
    </p>
   </div>
   <div class='ocr_carea' id='block_1_4' title="bbox 1778 3180 2901 3261">
    <p class='ocr_par' dir='ltr' id='par_1_6' title="bbox 1778 3180 2901 3261">
     <span class='ocr_line' id='line_1_25' title="bbox 1778 3180 2901 3261; baseline -0.002 -18"><span class='ocrx_word' id='word_1_227' title='bbox 1778 3180 1886 3243; x_wconf 59' lang='lat' dir='ltr'>Vr.</span> <span class='ocrx_word' id='word_1_228' title='bbox 1925 3180 2138 3252; x_wconf 65' lang='grc' dir='ltr'>ΡΙὋῘΦΓ,</span> <span class='ocrx_word' id='word_1_229' title='bbox 2181 3188 2313 3238; x_wconf 87' lang='lat' dir='ltr'>Vice</span> <span class='ocrx_word' id='word_1_230' title='bbox 2352 3186 2781 3254; x_wconf 78' lang='lat' dir='ltr'>cancellarius.¹)</span> <span class='ocrx_word' id='word_1_231' title='bbox 2895 3254 2901 3261; x_wconf 85' lang='lat'>.</span> 
     </span>
    </p>
   </div>
   <div class='ocr_carea' id='block_1_5' title="bbox 1372 3383 1783 3396">
    <p class='ocr_par' dir='ltr' id='par_1_7' title="bbox 1372 3383 1783 3396">
     <span class='ocr_line' id='line_1_26' title="bbox 1372 3383 1783 3396; baseline 0.005 -2"><span class='ocrx_word' id='word_1_232' title='bbox 1372 3384 1426 3395; x_wconf 50' lang='grc' dir='ltr'><strong>’κ’-ν</strong></span> <span class='ocrx_word' id='word_1_233' title='bbox 1431 3384 1450 3394; x_wconf 64' lang='lat' dir='ltr'>v</span> <span class='ocrx_word' id='word_1_234' title='bbox 1454 3384 1675 3395; x_wconf 51' lang='grc' dir='ltr'>ἩιὟἫν--ν</span> <span class='ocrx_word' id='word_1_235' title='bbox 1681 3384 1698 3395; x_wconf 66' lang='grc' dir='ltr'>ν</span> <span class='ocrx_word' id='word_1_236' title='bbox 1705 3383 1783 3396; x_wconf 62' lang='lat' dir='ltr'><em>m</em></span> 
     </span>
    </p>
   </div>
   <div class='ocr_carea' id='block_1_6' title="bbox 1494 3632 1639 3698">
    <p class='ocr_par' dir='ltr' id='par_1_8' title="bbox 1494 3632 1639 3698">
     <span class='ocr_line' id='line_1_27' title="bbox 1494 3632 1639 3698; baseline 0.021 -3"><span class='ocrx_word' id='word_1_237' title='bbox 1494 3632 1639 3698; x_wconf 90' lang='lat'>100.</span> 
     </span>
    </p>
   </div>
   <div class='ocr_carea' id='block_1_7' title="bbox 944 3757 2197 3968">
    <p class='ocr_par' dir='ltr' id='par_1_9' title="bbox 944 3757 2197 3968">
     <span class='ocr_line' id='line_1_28' title="bbox 944 3757 2197 3839; baseline 0.001 -2"><span class='ocrx_word' id='word_1_238' title='bbox 944 3758 1358 3839; x_wconf 73' lang='lat' dir='ltr'>Aloander</span> <span class='ocrx_word' id='word_1_239' title='bbox 1422 3757 2197 3838; x_wconf 77' lang='lat' dir='ltr'>VioecanoellariO.</span> 
     </span>
     <span class='ocr_line' id='line_1_29' title="bbox 1234 3894 1925 3968; baseline 0.006 -12"><span class='ocrx_word' id='word_1_240' title='bbox 1234 3896 1431 3968; x_wconf 61' lang='lat' dir='ltr'>munt„</span> <span class='ocrx_word' id='word_1_241' title='bbox 1474 3897 1653 3955; x_wconf 74' lang='lat' dir='ltr'>Germ.</span> <span class='ocrx_word' id='word_1_242' title='bbox 1689 3896 1753 3955; x_wconf 80' lang='lat'>1..</span> <span class='ocrx_word' id='word_1_243' title='bbox 1788 3894 1925 3960; x_wconf 72' lang='lat'><strong>133.)</strong></span> 
     </span>
    </p>
   </div>
   <div class='ocr_carea' id='block_1_8' title="bbox 1335 4003 1814 4075">
    <p class='ocr_par' dir='ltr' id='par_1_10' title="bbox 1335 4003 1814 4075">
     <span class='ocr_line' id='line_1_30' title="bbox 1335 4003 1814 4075; baseline 0.006 -20"><span class='ocrx_word' id='word_1_244' title='bbox 1335 4007 1407 4075; x_wconf 89' lang='lat'>(1.</span> <span class='ocrx_word' id='word_1_245' title='bbox 1446 4008 1595 4073; x_wconf 81' lang='lat' dir='ltr'>Jnnii</span> <span class='ocrx_word' id='word_1_246' title='bbox 1640 4003 1814 4075; x_wconf 86' lang='lat'>1521.)</span> 
     </span>
    </p>
   </div>
   <div class='ocr_carea' id='block_1_9' title="bbox 322 4132 2854 4749">
    <p class='ocr_par' dir='ltr' id='par_1_11' title="bbox 322 4132 2854 4749">
     <span class='ocr_line' id='line_1_31' title="bbox 474 4132 2850 4215; baseline 0 -20"><span class='ocrx_word' id='word_1_247' title='bbox 474 4132 627 4195; x_wconf 87' lang='lat' dir='ltr'>Non</span> <span class='ocrx_word' id='word_1_248' title='bbox 678 4153 802 4197; x_wconf 87' lang='lat' dir='ltr'>era</span> <span class='ocrx_word' id='word_1_249' title='bbox 847 4153 979 4215; x_wconf 90' lang='lat' dir='ltr'>per</span> <span class='ocrx_word' id='word_1_250' title='bbox 1028 4134 1363 4195; x_wconf 84' lang='lat' dir='ltr'>molestar</span> <span class='ocrx_word' id='word_1_251' title='bbox 1411 4134 1479 4195; x_wconf 94' lang='lat' dir='ltr'>al</span> <span class='ocrx_word' id='word_1_252' title='bbox 1542 4140 1878 4213; x_wconf 87' lang='lat' dir='ltr'>presente</span> <span class='ocrx_word' id='word_1_253' title='bbox 1936 4153 2071 4195; x_wconf 89' lang='lat' dir='ltr'>con</span> <span class='ocrx_word' id='word_1_254' title='bbox 2128 4132 2262 4194; x_wconf 86' lang='lat' dir='ltr'>mie</span> <span class='ocrx_word' id='word_1_255' title='bbox 2320 4133 2528 4195; x_wconf 88' lang='lat' dir='ltr'>lettre</span> <span class='ocrx_word' id='word_1_256' title='bbox 2593 4132 2850 4195; x_wconf 84' lang='lat' dir='ltr'>Vostra</span> 
     </span>
     <span class='ocr_line' id='line_1_32' title="bbox 322 4234 2854 4321; baseline 0.002 -24"><span class='ocrx_word' id='word_1_257' title='bbox 322 4234 630 4319; x_wconf 89' lang='lat' dir='ltr'>Signoria</span> <span class='ocrx_word' id='word_1_258' title='bbox 676 4240 1350 4319; x_wconf 84' lang='lat' dir='ltr'>Reverendissima‚</span> <span class='ocrx_word' id='word_1_259' title='bbox 1414 4260 1493 4303; x_wconf 87' lang='lat' dir='ltr'>se</span> <span class='ocrx_word' id='word_1_260' title='bbox 1538 4260 1681 4301; x_wconf 88' lang='lat' dir='ltr'>non</span> <span class='ocrx_word' id='word_1_261' title='bbox 1738 4238 1934 4302; x_wconf 87' lang='lat' dir='ltr'>fusse</span> <span class='ocrx_word' id='word_1_262' title='bbox 1982 4241 2114 4302; x_wconf 87' lang='lat' dir='ltr'>che</span> <span class='ocrx_word' id='word_1_263' title='bbox 2161 4240 2230 4301; x_wconf 93' lang='lat' dir='ltr'>lo</span> <span class='ocrx_word' id='word_1_264' title='bbox 2281 4238 2637 4321; x_wconf 82' lang='lat' dir='ltr'>Episcopo</span> <span class='ocrx_word' id='word_1_265' title='bbox 2687 4240 2854 4301; x_wconf 88' lang='lat' dir='ltr'>olim</span> 
     </span>
     <span class='ocr_line' id='line_1_33' title="bbox 322 4342 2851 4409; baseline 0.002 -4"><span class='ocrx_word' id='word_1_266' title='bbox 322 4342 444 4406; x_wconf 89' lang='lat' dir='ltr'>mio</span> <span class='ocrx_word' id='word_1_267' title='bbox 486 4345 751 4409; x_wconf 87' lang='lat' dir='ltr'>Patron</span> <span class='ocrx_word' id='word_1_268' title='bbox 800 4345 850 4409; x_wconf 94' lang='lat' dir='ltr'>li</span> <span class='ocrx_word' id='word_1_269' title='bbox 896 4346 1129 4409; x_wconf 89' lang='lat' dir='ltr'>scrive</span> <span class='ocrx_word' id='word_1_270' title='bbox 1180 4349 1432 4409; x_wconf 86' lang='lat' dir='ltr'>alcune</span> <span class='ocrx_word' id='word_1_271' title='bbox 1482 4345 1901 4408; x_wconf 85' lang='lat' dir='ltr'>credentiali</span> <span class='ocrx_word' id='word_1_272' title='bbox 1950 4345 2020 4407; x_wconf 92' lang='lat' dir='ltr'>di</span> <span class='ocrx_word' id='word_1_273' title='bbox 2067 4346 2203 4408; x_wconf 89' lang='lat' dir='ltr'>mie</span> <span class='ocrx_word' id='word_1_274' title='bbox 2253 4348 2499 4409; x_wconf 88' lang='lat' dir='ltr'>lettre:</span> <span class='ocrx_word' id='word_1_275' title='bbox 2551 4345 2734 4407; x_wconf 78' lang='lat' dir='ltr'>Pero</span> <span class='ocrx_word' id='word_1_276' title='bbox 2783 4346 2851 4409; x_wconf 89' lang='lat' dir='ltr'>le</span> 
     </span>
     <span class='ocr_line' id='line_1_34' title="bbox 324 4452 2853 4535; baseline 0.002 -26"><span class='ocrx_word' id='word_1_277' title='bbox 324 4452 619 4533; x_wconf 89' lang='lat' dir='ltr'>supplico</span> <span class='ocrx_word' id='word_1_278' title='bbox 668 4454 801 4517; x_wconf 91' lang='lat' dir='ltr'>che</span> <span class='ocrx_word' id='word_1_279' title='bbox 851 4475 929 4517; x_wconf 90' lang='lat' dir='ltr'>se</span> <span class='ocrx_word' id='word_1_280' title='bbox 978 4474 1121 4516; x_wconf 89' lang='lat' dir='ltr'>non</span> <span class='ocrx_word' id='word_1_281' title='bbox 1168 4474 1301 4535; x_wconf 90' lang='lat' dir='ltr'>per</span> <span class='ocrx_word' id='word_1_282' title='bbox 1346 4452 1729 4535; x_wconf 86' lang='lat' dir='ltr'>preghiere</span> <span class='ocrx_word' id='word_1_283' title='bbox 1780 4452 1897 4515; x_wconf 91' lang='lat' dir='ltr'>del</span> <span class='ocrx_word' id='word_1_284' title='bbox 1947 4453 2143 4515; x_wconf 89' lang='lat' dir='ltr'>detto</span> <span class='ocrx_word' id='word_1_285' title='bbox 2192 4452 2552 4535; x_wconf 89' lang='lat' dir='ltr'>Episcopo</span> <span class='ocrx_word' id='word_1_286' title='bbox 2587 4452 2672 4515; x_wconf 71' lang='lat' dir='ltr'>ne</span> <span class='ocrx_word' id='word_1_287' title='bbox 2721 4472 2853 4533; x_wconf 87' lang='lat' dir='ltr'>per</span> 
     </span>
     <span class='ocr_line' id='line_1_35' title="bbox 323 4556 2850 4642; baseline 0.002 -25"><span class='ocrx_word' id='word_1_288' title='bbox 323 4556 442 4619; x_wconf 86' lang='lat' dir='ltr'>mie</span> <span class='ocrx_word' id='word_1_289' title='bbox 496 4560 733 4624; x_wconf 90' lang='lat' dir='ltr'>humili</span> <span class='ocrx_word' id='word_1_290' title='bbox 798 4559 1309 4641; x_wconf 87' lang='lat' dir='ltr'>summissioni,</span> <span class='ocrx_word' id='word_1_291' title='bbox 1368 4560 1647 4623; x_wconf 83' lang='lat' dir='ltr'>almeno</span> <span class='ocrx_word' id='word_1_292' title='bbox 1682 4578 1837 4642; x_wconf 80' lang='lat' dir='ltr'>per</span> <span class='ocrx_word' id='word_1_293' title='bbox 1896 4580 2093 4622; x_wconf 89' lang='lat' dir='ltr'>amor</span> <span class='ocrx_word' id='word_1_294' title='bbox 2149 4561 2337 4622; x_wconf 86' lang='lat' dir='ltr'>della</span> <span class='ocrx_word' id='word_1_295' title='bbox 2387 4557 2612 4622; x_wconf 88' lang='lat' dir='ltr'>Santa</span> <span class='ocrx_word' id='word_1_296' title='bbox 2659 4557 2850 4622; x_wconf 88' lang='lat' dir='ltr'>Sede</span> 
     </span>
     <span class='ocr_line' id='line_1_36' title="bbox 328 4662 2850 4749; baseline 0.002 -25"><span class='ocrx_word' id='word_1_297' title='bbox 328 4662 733 4749; x_wconf 88' lang='lat' dir='ltr'>Apostolica,</span> <span class='ocrx_word' id='word_1_298' title='bbox 762 4676 834 4731; x_wconf 93' lang='lat' dir='ltr'>et</span> <span class='ocrx_word' id='word_1_299' title='bbox 856 4677 1415 4731; x_wconf 85' lang='lat' dir='ltr'>sustentamento</span> <span class='ocrx_word' id='word_1_300' title='bbox 1445 4668 1515 4729; x_wconf 92' lang='lat' dir='ltr'>di</span> <span class='ocrx_word' id='word_1_301' title='bbox 1539 4669 1797 4748; x_wconf 85' lang='lat' dir='ltr'>quella,</span> <span class='ocrx_word' id='word_1_302' title='bbox 1823 4666 2090 4729; x_wconf 88' lang='lat' dir='ltr'>Vostra</span> <span class='ocrx_word' id='word_1_303' title='bbox 2124 4664 2460 4747; x_wconf 80' lang='lat' dir='ltr'>Signoria</span> <span class='ocrx_word' id='word_1_304' title='bbox 2485 4667 2850 4729; x_wconf 86' lang='lat' dir='ltr'>Reveren-</span> 
     </span>
    </p>
   </div>
   <div class='ocr_carea' id='block_1_10' title="bbox 328 4804 484 4816">
    <p class='ocr_par' dir='ltr' id='par_1_12' title="bbox 328 4804 484 4816">
     <span class='ocr_line' id='line_1_37' title="bbox 328 4804 484 4816; baseline 0.019 -3"><span class='ocrx_word' id='word_1_305' title='bbox 328 4804 484 4816; x_wconf 43' lang='grc' dir='ltr'>«ξή-</span> 
     </span>
    </p>
   </div>
   <div class='ocr_carea' id='block_1_11' title="bbox 489 4811 715 4820">
    <p class='ocr_par' dir='ltr' id='par_1_13' title="bbox 489 4811 715 4820">
     <span class='ocr_line' id='line_1_38' title="bbox 489 4811 715 4820; baseline 0 955"><span class='ocrx_word' id='word_1_306' title='bbox 489 4811 715 4820; x_wconf 95' lang='lat' dir='ltr'> </span> 
     </span>
    </p>
   </div>
   <div class='ocr_carea' id='block_1_12' title="bbox 372 4890 2530 5051">
    <p class='ocr_par' dir='ltr' id='par_1_14' title="bbox 372 4890 2530 5051">
     <span class='ocr_line' id='line_1_39' title="bbox 385 4890 2398 4965; baseline 0.004 -24"><span class='ocrx_word' id='word_1_307' title='bbox 385 4890 418 4959; x_wconf 81' lang='grc' dir='ltr'>ι)</span> <span class='ocrx_word' id='word_1_308' title='bbox 455 4896 707 4948; x_wconf 76' lang='lat' dir='ltr'>Aleander</span> <span class='ocrx_word' id='word_1_309' title='bbox 740 4914 901 4949; x_wconf 80' lang='lat' dir='ltr'>manu</span> <span class='ocrx_word' id='word_1_310' title='bbox 938 4899 1154 4964; x_wconf 83' lang='lat' dir='ltr'>propria</span> <span class='ocrx_word' id='word_1_311' title='bbox 1191 4900 1492 4950; x_wconf 78' lang='lat' dir='ltr'>adnotavit:</span> <span class='ocrx_word' id='word_1_312' title='bbox 1534 4899 1807 4949; x_wconf 80' lang='lat' dir='ltr'>Redditae</span> <span class='ocrx_word' id='word_1_313' title='bbox 1846 4898 2068 4949; x_wconf 76' lang='lat' dir='ltr'>Lovanii</span> <span class='ocrx_word' id='word_1_314' title='bbox 2109 4910 2191 4947; x_wconf 87' lang='lat'>21.</span> <span class='ocrx_word' id='word_1_315' title='bbox 2233 4900 2398 4965; x_wconf 86' lang='lat' dir='ltr'>Junii.</span> 
     </span>
     <span class='ocr_line' id='line_1_40' title="bbox 372 4988 2530 5051; baseline 0.004 -10"><span class='ocrx_word' id='word_1_316' title='bbox 372 4998 517 5051; x_wconf 64' lang='lat' dir='ltr'>Buba,</span> <span class='ocrx_word' id='word_1_317' title='bbox 536 5004 815 5047; x_wconf 70' lang='lat' dir='ltr'>Documenta</span> <span class='ocrx_word' id='word_1_318' title='bbox 833 5006 1113 5047; x_wconf 55' lang='lat' dir='ltr'>lanthertum.</span> <span class='ocrx_word' id='word_1_319' title='bbox 2465 4990 2490 5040; x_wconf 78' lang='lat' dir='ltr'>l</span> <span class='ocrx_word' id='word_1_320' title='bbox 2501 4988 2530 5040; x_wconf 71' lang='lat'><strong>7</strong></span> 
     </span>
    </p>
   </div>
   <div class='ocr_carea' id='block_1_13' title="bbox 3507 24 3512 584">
    <p class='ocr_par' dir='ltr' id='par_1_15' title="bbox 3507 24 3512 584">
     <span class='ocr_line' id='line_1_41' title="bbox 3507 24 3512 584; baseline 0 0"><span class='ocrx_word' id='word_1_321' title='bbox 3507 24 3512 584; x_wconf 95' lang='lat' dir='ltr'> </span> 
     </span>
    </p>
   </div>
  </div>
 </body>
</html>
