3575 5775
1369 535 1863 592 &lmen

361 682 610 744 roribus
657 681 954 763 ipsoque
1003 702 1134 764 pro
1184 683 1578 764 haeretiCO,
1636 700 1712 745 ut
1761 683 2045 764 quidem
2096 693 2232 761 est,
2300 682 2733 762 reputando,
2801 679 2898 740 ita

359 789 666 871 religiose
728 799 800 850 et
847 789 1165 872 graviter
1212 810 1290 852 se
1339 790 1686 870 gessisse,
1753 799 1831 853 ut
1880 810 2009 852 nos
2060 798 2131 852 et
2178 789 2337 850 Deo
2388 798 2459 850 et
2506 787 2635 849 tibi
2684 785 2895 848 maxi-

359 915 600 958 marum
672 895 1064 976 gratiarum
1137 897 1500 959 debitores
1572 897 1825 973 simu8‚
1896 897 2198 976 Deoque
2248 895 2437 976 quod
2486 894 2547 956 is
2594 893 2899 956 animum

356 1012 526 1064 tuum
575 1003 676 1066 sui
726 1001 975 1065 Sancti
1023 1002 1332 1084 Spiritus
1381 1003 1548 1089 igne
1599 1005 1692 1066 ad
1740 1003 2233 1066 defensionem
2281 1001 2603 1064 veritatis
2652 1021 2897 1062 accen-

355 1108 540 1190 derit,
601 1110 872 1190 tibique
921 1109 1323 1173 constantia
1371 1120 1441 1172 et
1487 1111 1759 1192 pietate
1811 1119 1931 1172 tua
1981 1109 2275 1190 dignum
2322 1108 2553 1171 eidem
2602 1104 2899 1189 Spiritui

354 1214 596 1280 Sancto
658 1217 728 1278 in
791 1225 914 1280 tuo
975 1225 1271 1298 pectore
1333 1217 1758 1280 domicilium
1818 1216 2198 1298 prebuisti,
2264 1217 2543 1296 hocque
2592 1215 2898 1278 maxime

351 1323 735 1386 necessario
785 1333 1106 1406 tempore
1156 1334 1406 1387 contra
1444 1324 1734 1405 impium
1768 1323 2083 1388 furorem
2118 1343 2347 1386 novae
2388 1321 2897 1386 debacchantis

351 1433 710 1494 haereseos
777 1441 848 1494 et
912 1413 1407 1496 auctoritatem
1474 1441 1666 1495 tuam
1729 1436 2010 1494 omnem
2059 1439 2133 1494 et
2178 1430 2627 1512 prudentiam
2677 1449 2896 1512 oppo-

349 1538 567 1611 suisti;
635 1540 830 1620 quod
895 1559 1053 1601 cum
1119 1538 1380 1601 virtute
1444 1547 1565 1602 tua
1627 1548 1697 1602 et
1759 1538 2133 1601 nobilitate
2183 1537 2508 1618 dignum,
2566 1546 2713 1598 tum
2760 1536 2894 1597 isto

349 1644 490 1726 ipso
537 1645 952 1708 charissimo
999 1645 1072 1706 in
1113 1645 1394 1708 Christo
1441 1645 1587 1708 filio
1637 1654 1881 1708 nostro
1914 1644 2173 1708 Cesare
2223 1643 2359 1706 fuit
2390 1643 2895 1724 dignissimum,

347 1751 526 1814 cuius
571 1763 648 1814 ut
695 1754 928 1815 honor
974 1751 1322 1814 maximus
1369 1752 1472 1814 sic
1521 1752 1809 1832 pietatis
1856 1753 2007 1815 laus
2053 1751 2124 1812 in
2174 1753 2311 1813 hoc
2360 1771 2578 1832 opere
2610 1749 2892 1812 sanctis-

347 1857 506 1920 simo
553 1858 899 1940 precipua
946 1858 1100 1921 fuit.
1197 1859 1304 1922 Ac
1355 1879 1486 1921 nos
1533 1859 1818 1940 quidem
1866 1859 2277 1923 memoriam
2322 1857 2499 1920 tanti
2546 1857 2646 1919 tui
2682 1856 2895 1919 officii

344 1974 746 2046 perpetuam
810 1965 880 2027 in
943 1965 1177 2028 animo
1244 1965 1740 2046 retinebimuS,
1804 1966 1958 2046 ipse
2006 1974 2240 2028 autem
2289 1965 2486 2028 Deus
2534 1974 2897 2046 spectator

344 2071 514 2134 idem
579 2083 650 2136 et
711 2082 1202 2136 remunerator
1269 2075 1617 2136 bonorum
1680 2093 2011 2154 operum,
2078 2070 2188 2132 cui
2236 2071 2415 2134 haec
2463 2093 2507 2134 a
2554 2081 2625 2133 te
2674 2092 2894 2152 opera

347 2188 587 2240 navata
649 2190 757 2242 est
822 2190 895 2242 et
956 2180 1069 2242 cui
1133 2181 1510 2242 multorum
1573 2179 1888 2244 fidelium
1937 2179 2215 2242 animae
2270 2199 2401 2260 per
2448 2189 2519 2242 te
2566 2189 2729 2241 sunt
2776 2179 2891 2240 vel

343 2295 648 2348 servatae
697 2288 815 2348 vel
867 2287 1213 2366 redditae,
1266 2307 1352 2349 ea
1400 2287 1529 2349 tibi
1579 2288 1853 2369 premia
1886 2288 2088 2366 large
2124 2286 2465 2368 conferet,
2515 2307 2699 2366 quae
2732 2295 2895 2348 sunt

341 2393 646 2456 omnibus
695 2394 1022 2458 humanis
1071 2394 1627 2475 cogitationibus
1675 2395 1965 2458 maiora.
2050 2392 2257 2456 Nunc
2304 2395 2495 2474 quod
2542 2393 2889 2474 reliquum

341 2508 452 2562 est.
498 2510 632 2563 ete.

1404 2681 1470 2691 .·x.e-·
1499 2682 1554 2692 .>-.
1575 2687 1584 2692 .
1607 2681 1805 2692 --υ--Λ-’Λ

1546 2958 1652 3024 51.

785 3082 934 3162 Leo
993 3082 1078 3163 X.
1135 3083 1605 3163 Marchioni
1659 3083 2413 3185 Brandeburgensi.

1212 3220 1496 3291 (nunciat.
1524 3221 1776 3281 German.
1802 3220 1862 3279 1..
1890 3222 1997 3292 ³8.)

1129 3329 1282 3398 (Cum
1321 3334 1512 3382 litteris
1557 3346 1634 3395 19.
1679 3335 1857 3383 Martii
1903 3332 2077 3396 1521.)

497 3456 634 3518 Dil.
687 3454 806 3519 fili.
904 3456 1205 3539 Agimus
1253 3458 1626 3529 Nobilitati
1683 3469 1849 3523 tuae
1898 3462 2133 3523 denuo
2183 3459 2449 3541 gratias
2498 3459 2687 3539 quod
2737 3458 2882 3519 offi-

339 3560 500 3624 cium
549 3582 722 3644 sepe
772 3562 908 3625 iam
958 3564 1392 3646 prestitimus
1428 3576 1518 3644 et,
1569 3577 1644 3629 ut
1675 3567 1980 3649 videtur,
2029 3588 2265 3629 sumus
2294 3566 2677 3647 prestituri,
2728 3586 2885 3627 curn

339 3666 387 3728 si
451 3679 566 3731 tua
637 3668 902 3732 eximia
965 3671 1034 3733 in
1102 3674 1284 3735 hanc
1350 3672 1687 3736 Sanctam
1751 3672 2013 3737 Sedem
2076 3684 2146 3737 et
2210 3671 2885 3736 universam-fidem

338 3776 740 3839 catholicam
805 3778 1363 3861 quotidianaque
1427 3781 1679 3843 merita
1729 3782 2258 3862 expendantur,
2319 3783 2510 3843 nulla
2560 3778 2886 3841 videatur

338 3880 544 3944 oratio
593 3882 1207 3964 prestantissimae
1256 3896 1419 3948 tuae
1468 3887 1710 3949 virtuti
1761 3909 1845 3950 ac
1878 3888 2126 3970 pietati
2157 3888 2458 3970 reperiri
2488 3906 2702 3968 posse
2734 3904 2885 3967 par,

339 3997 400 4050 et
440 3991 722 4071 quidem
771 3990 843 4052 in
893 3990 1132 4054 officio
1163 3996 1356 4074 quod
1389 3996 1478 4055 ad
1514 4015 1954 4058 communem
1989 3994 2416 4058 christianae
2449 3992 2885 4075 reipublicae

336 4097 626 4173 pertinet
677 4099 1017 4180 salutem,
1078 4098 1176 4161 ita
1225 4122 1302 4163 se
1351 4102 1538 4183 gerit
1585 4112 1706 4164 tua
1753 4103 2108 4166 Nobilitas
2155 4113 2232 4166 ut
2278 4103 2489 4165 facile
2538 4109 2887 4183 appareat

340 4203 605 4267 multum
669 4216 740 4267 te
804 4205 875 4267 in
947 4225 1030 4268 eo
1095 4208 1317 4269 amori
1380 4210 1662 4290 qu‘oque
1725 4221 1968 4275 nostro
2034 4210 2350 4273 tribuere
2414 4220 2484 4271 et
2542 4208 2606 4269 ei
2674 4228 2883 4289 quam

339 4327 496 4391 erga
538 4332 668 4374 nos
717 4311 914 4394 geris
964 4315 1564 4387 benevolentiam;
1616 4318 1741 4379 sed
1794 4328 1865 4380 et
1911 4318 1969 4380 si
1999 4316 2307 4400 probriis
2339 4325 2410 4378 et
2444 4313 2883 4378 contumeliis

338 4415 672 4481 hominurn
725 4419 962 4481 omnia
1010 4441 1150 4483 uno
1199 4421 1526 4485 incendio
1580 4434 1648 4486 et
1695 4424 1909 4488 fidem
1960 4435 2031 4487 et
2059 4444 2310 4506 pacem
2342 4432 2413 4486 et
2444 4443 2881 4485 communem

341 4526 781 4615 concordiam
821 4526 1170 4609 dissipare
1217 4530 1606 4592 volentium
1655 4532 1973 4612 quotidie
2019 4551 2329 4614 persona
2378 4542 2621 4593 nostra
2668 4530 2879 4612 impe-

340 4626 503 4710 titur,
551 4631 782 4695 minus
832 4636 1049 4697 multo
1102 4635 1170 4697 id
1220 4656 1391 4718 egre
1431 4637 1721 4700 ferimus
1767 4660 1976 4721 quam
2007 4642 2195 4720 quod
2234 4638 2604 4701 venenatis
2639 4658 2881 4700 eorum

343 4743 403 4795 et
463 4741 903 4806 sermonibus
976 4751 1048 4805 et
1116 4743 1398 4825 scriptis
1469 4746 1704 4807 bonae
1777 4756 1848 4807 et
1912 4745 2075 4827 piae
2143 4756 2414 4809 mentes
2480 4746 2548 4808 in
2610 4746 2879 4807 unitate

344 4836 622 4909 Sanctae
692 4846 864 4909 fidei
930 4853 1479 4930 perturbantur,
1543 4860 1618 4913 ut
1681 4852 1905 4915 omnis
1972 4874 2213 4917 eorum
2278 4853 2476 4917 furor
2524 4855 2594 4915 in
2644 4852 2879 4915 odium
