3575 5775
1648 532 2144 587 0<35208>0

620 682 950 763 exposita
997 680 1196 743 fuere
1245 679 1313 741 in
1375 680 1670 743 eandem
1722 678 2140 741 sententiam
2200 697 2328 759 per
2391 676 2718 739 nuncium
2769 674 2842 739 S.
2891 676 3004 742 V..
3071 675 3190 735 cui

617 788 747 849 etsi
796 788 1080 850 abunde
1130 808 1171 849 a
1218 786 1425 849 nobis
1474 806 1894 867 responsum
1941 786 2050 865 sit,
2085 793 2396 847 attamen
2432 804 2664 866 neque
2697 804 2853 847 cum
2885 784 3058 846 Bn¹¹⁰
3093 783 3188 845 V.

614 904 853 957 tacere
902 896 1223 957 volumus
1271 906 1413 955 tam
1462 892 1737 957 nefario
1788 894 2060 956 scelere
2090 894 2191 956 ita
2225 891 2493 955 offendi
2525 891 2832 955 animum
2861 902 3186 954 nostrum

616 1011 691 1063 ut
736 1001 975 1065 verbis
1023 1001 1091 1063 id
1146 1001 1426 1063 minime
1474 1001 1634 1082 capi
1682 1021 1721 1062 a
1776 1000 1984 1063 nobis
2031 998 2295 1081 possit,
2359 1008 2430 1061 et
2479 1020 2563 1061 eo
2611 999 2840 1080 magis
2887 1019 3027 1079 quo
3078 1020 3186 1059 se-

615 1108 761 1173 rius
820 1108 1203 1171 remedium
1262 1117 1459 1171 tanto
1507 1108 1836 1173 incendio
1889 1108 2214 1171 adhiberi
2261 1126 2476 1189 posse
2539 1106 2839 1169 videtur.
2949 1104 3186 1185 Quum

616 1215 802 1279 enim
852 1215 1089 1277 omnia
1136 1215 1759 1297 circumspicimUS,
1812 1215 2000 1278 levia
2048 1234 2534 1297 quaecumque
2587 1214 2914 1277 videntur
2961 1234 3188 1275 reme-

617 1323 734 1385 dia
783 1322 916 1385 nisi
965 1330 1109 1385 tam
1160 1324 1301 1385 alte
1350 1332 1711 1405 repostum
1762 1322 2018 1386 malum
2052 1322 2245 1385 ferro
2287 1332 2606 1392 curetur;
2657 1322 2849 1401 quod
2897 1321 3188 1401 quidem

614 1430 843 1513 ipsum
908 1450 1116 1511 quam
1180 1432 1365 1493 bene
1427 1430 1577 1492 sine
1640 1430 2004 1511 presentia
2068 1439 2312 1492 nostra
2373 1427 2526 1491 fieri
2606 1427 2834 1509 possit
2897 1427 3188 1490 minime

614 1536 825 1601 etiam
875 1538 1215 1601 videmus,
1310 1536 1413 1599 Eo
1462 1537 1703 1619 itaque
1766 1538 2088 1599 venimus
2149 1548 2227 1599 ut
2287 1535 2703 1616 cogitemu5‚
2753 1535 2886 1598 nisi
2943 1554 3188 1597 coram

612 1643 1043 1723 resistamus,
1096 1663 1235 1705 non
1266 1645 1486 1707 multo
1535 1654 1699 1725 post
1749 1653 1898 1706 tota
1946 1664 2062 1706 res
2109 1644 2180 1707 in
2228 1663 2516 1725 pessum
2564 1642 2748 1705 itura
2794 1642 2921 1713 sit;
2971 1662 3188 1722 quam

616 1762 849 1815 autem
900 1750 1226 1814 celeriter
1274 1750 1346 1813 id
1396 1750 1639 1814 facere
1686 1751 2039 1832 possimus
2089 1761 2159 1813 et
2205 1750 2378 1813 satis
2426 1770 2470 1813 a
2516 1749 2722 1813 nobis
2765 1746 3190 1812 Sanctitatis

616 1858 703 1920 V.
754 1856 1031 1921 Nuncio
1090 1857 1565 1939 significatum
1627 1866 1733 1920 est
1793 1868 1864 1921 et
1920 1858 2044 1919 Β110
2087 1858 2175 1921 V.
2234 1877 2366 1939 pro
2429 1855 2774 1937 singulari
2837 1854 3192 1937 sapientia

616 1986 745 2027 sua
792 1964 1124 2028 facillime
1176 1966 1587 2048 expendere
1636 1965 1920 2047 poterit.
2035 1965 2352 2027 Plurima
2415 1963 2602 2026 enim
2651 1974 2848 2026 certa
2894 1964 3191 2045 impedi-

618 2082 853 2135 menta
904 2092 1045 2133 non
1095 2072 1368 2136 desunt.
1477 2072 1638 2135 Non
1702 2074 2164 2155 desperamus
2230 2081 2467 2135 tamen
2531 2070 2702 2151 quin
2757 2070 3194 2134 adveniente

618 2200 805 2243 novo
852 2200 1025 2244 vere
1073 2179 1174 2243 ita
1222 2180 1459 2242 omnia
1507 2180 1903 2261 composita
1949 2182 2339 2242 habeamus
2403 2189 2479 2242 ut
2541 2179 2896 2260 possimus
2957 2178 3194 2241 isthuc

618 2292 805 2363 bene
852 2289 944 2350 ad
992 2286 1229 2350 omnia
1274 2287 1597 2350 instructi
1648 2289 2024 2366 advolare,
2088 2306 2346 2367 resque
2405 2286 2463 2348 si
2527 2288 2838 2349 nondum
2901 2286 3192 2348 omnino

621 2396 980 2476 collapsae
1028 2393 1293 2457 fuerint
1340 2395 1685 2457 sustinere
1744 2404 1866 2457 aut
1935 2395 2290 2476 collapsas
2354 2393 2634 2475 erigere
2697 2402 2769 2456 et
2825 2393 2898 2455 in
2961 2392 3194 2474 pristi-

622 2522 787 2563 num
834 2510 1091 2563 statum
1140 2501 1535 2564 restituere.
1631 2500 1841 2582 Quod
1889 2522 2102 2564 unum
2171 2499 2480 2563 maxime
2535 2500 2606 2563 in
2676 2520 2890 2563 causa
2951 2511 3059 2564 est
3117 2512 3198 2562 ut

621 2609 978 2691 publicam
1029 2629 1281 2690 pacem
1330 2609 1806 2673 necessariam
1857 2609 2141 2673 omnino
2173 2608 2596 2671 arbitremur
2630 2612 2722 2671 ob
2758 2608 2972 2689 idque
3005 2607 3196 2670 illius

624 2716 1064 2781 conficiendo
1116 2718 1379 2779 nullum
1428 2737 1470 2779 a
1517 2714 1725 2779 nobis
1774 2727 2053 2798 tempus
2103 2727 2225 2778 aut
2257 2736 2370 2779 res
2405 2715 2550 2779 ulla
2579 2714 3194 2798 praetermittitur.

625 2823 1057 2888 Confidimus
1107 2823 1319 2888 etiam
1367 2820 1513 2887 Stem
1562 2824 1651 2885 V.
1719 2844 1903 2906 quae
1967 2833 2036 2885 et
2098 2844 2224 2885 sua
2287 2822 2520 2905 pietas
2577 2832 2649 2885 et
2698 2822 3011 2885 conditio
3061 2832 3193 2900 est,

625 2932 799 2996 nihil
854 2932 1132 2995 interim
1196 2932 1787 3015 praetermissura
1850 2933 2041 3012 quod
2109 2931 2178 2992 in
2249 2951 2688 2994 communem
2745 2930 3196 2993 Christianae

590 3039 1060 3122 'reipublicae
1108 3059 1259 3102 rem
1308 3048 1378 3102 et
1426 3039 1849 3121 dignitatem
1898 3039 2300 3100 redundare
2347 3038 2572 3118 possit
2644 3051 2716 3100 et
2771 3036 3192 3120 praesertim

624 3147 716 3209 ad
788 3145 1222 3210 afferendam
1292 3144 1597 3226 aliquam
1662 3145 1824 3208 huic
1891 3153 2090 3206 tanto
2162 3145 2347 3206 malo
2421 3143 2862 3206 medicinam.
2979 3143 3190 3223 Quod

628 3253 911 3336 quidem
960 3253 1171 3316 etiam
1220 3263 1297 3314 ut
1344 3252 1532 3314 omni
1582 3272 1752 3316 eura
1793 3252 2169 3332 studioque
2203 3251 2442 3330 faciat,
2473 3251 2700 3332 ipsam
2730 3253 3197 3314 vehementer

625 3363 989 3423 hortamur
1039 3371 1249 3440 atque
1298 3379 1664 3442 rogamuS,
1728 3370 1800 3422 et
1860 3369 1936 3421 ut
2002 3359 2290 3422 uberius
2347 3379 2388 3421 a
2437 3357 2897 3439 vicegerente
2945 3369 3195 3420 nostro

627 3467 771 3531 illu,
824 3468 1023 3529 Duce
1086 3465 1392 3529 Suessae
1442 3465 1846 3548 intelligere
1909 3465 2206 3546 poterit;
2275 3465 2388 3528 cui
2445 3474 2580 3528 etc.
2694 3466 2854 3527 Dat.
2922 3465 2996 3527 in
3057 3463 3198 3529 civ.

630 3583 872 3636 nostra
920 3573 1154 3636 Toleti
1204 3574 1317 3636 die
1367 3573 1740 3636 undecimo
1801 3573 2146 3656 Augusti,
2206 3592 2392 3635 anno
2455 3571 2742 3634 Domini
2809 3570 3200 3634 MDXXV

629 3681 935 3762 Regnor
984 3701 1127 3746 ecc,

2815 3785 2878 3846 m
2913 3784 3052 3858 noy.

1837 4232 1986 4296 244.

1506 4355 1930 4457 Campegius
1987 4354 2330 4437 SadoletO.

1380 4503 1735 4574 (Nuntiat.
1777 4502 2083 4562 German.
2119 4501 2269 4561 10111.
2306 4503 2437 4574 ue.)

1622 4629 1728 4684 (19.
1768 4625 2000 4685 Augusti
2048 4621 2220 4689 1525.)

818 4804 831 4816 .
872 4809 879 4818 .
922 4805 934 4820 .
986 4757 1287 4835 Quando
1337 4756 1405 4819 io
1462 4756 1673 4838 partii
1714 4757 1784 4819 di
1817 4757 2226 4840 Ratispona
2274 4757 2557 4820 mandai
2589 4757 2802 4822 Mess.
2835 4756 3197 4823 Giovanni

638 4862 897 4924 Cocleo
946 4883 991 4924 a
1038 4866 1271 4944 quelle
1319 4866 1505 4946 parti
1556 4865 1628 4927 di
1675 4886 1890 4946 sopra
1937 4867 2051 4928 del
2111 4865 2373 4927 Rheno
2437 4885 2642 4928 verso
2704 4865 3083 4947 Moguntia
3135 4865 3198 4929 si
