3575 5775
1405 555 1829 643 <esve—'0

341 750 676 833 pestifera
735 748 938 811 radix
991 751 1608 832 pestilentissimos
1655 772 1892 815 ramos
1942 762 2013 813 et
2060 751 2390 833 palmites
2438 753 2788 836 producat
2838 764 2908 817 et

341 859 624 922 ulterius
657 868 920 938 serpat.
987 857 1252 921 Omnes
1291 868 1364 921 et
1403 859 1726 941 singulos
1773 860 2079 942 partium
2128 861 2609 942 predictarum
2658 861 2903 923 utrius-

339 988 467 1047 que
499 986 720 1029 sexus
754 966 1256 1047 cujuscumque
1295 976 1520 1031 status
1555 966 1946 1029 nobilitatis
1982 977 2053 1029 et
2092 967 2563 1031 condictionis
2596 968 2909 1029 existant

337 1075 404 1137 in
449 1073 850 1156 hujusmodi
899 1074 1246 1135 haeresim
1300 1084 1371 1137 et
1419 1094 1697 1138 errores
1746 1075 1917 1137 dicti
1950 1074 2241 1137 Martini
2292 1077 2669 1158 prolapsos
2718 1084 2788 1137 et
2834 1074 2905 1137 in

338 1202 604 1263 poenas
623 1180 694 1242 in
722 1180 928 1242 dictis
953 1180 1206 1243 litteris
1231 1192 1602 1244 contentas
1628 1182 1971 1261 incurSOS,
2005 1181 2125 1264 qui
2152 1202 2431 1245 errores
2458 1202 2624 1244 suos
2650 1193 2907 1263 sponte

338 1288 760 1351 confitentes
819 1288 1170 1351 haeresim
1219 1290 1585 1370 objurare,
1653 1298 1724 1352 et
1771 1290 1864 1351 ad
1914 1308 2159 1351 veram
2204 1287 2419 1351 fidem
2469 1288 2907 1351 Catholicam

339 1396 652 1459 converti
701 1394 1075 1471 voluerint,
1139 1396 1195 1457 si
1247 1398 1383 1457 hoc
1431 1396 1788 1459 humiliter
1837 1395 2177 1477 petierint
2226 1397 2315 1458 ad
2364 1395 2781 1477 hujusmodi,
2836 1403 2909 1457 et

339 1503 488 1565 aliis
523 1522 768 1567 eorum
798 1502 1214 1565 excessibus
1243 1503 1454 1565 etiam
1481 1503 1833 1567 haeresim
1866 1502 2333 1583 sapientibUS,
2368 1512 2438 1565 et
2468 1502 2720 1584 poenis
2747 1522 2904 1583 pre-

340 1612 561 1690 dictis,
612 1608 914 1691 prestito
964 1618 1198 1671 tamen
1251 1609 1448 1691 prius
1495 1630 1626 1691 per
1675 1630 1800 1672 eos
1848 1609 2205 1691 corporali
2248 1610 2663 1689 Juramento
2712 1612 2905 1689 quod

341 1718 586 1781 similia
636 1719 726 1780 de
775 1724 1062 1777 coetero
1112 1736 1250 1778 non
1304 1717 1765 1797 committent,
1816 1738 1948 1779 nec
2000 1737 2086 1780 ea
2119 1717 2719 1780 committentibus
2751 1736 2905 1797 pre·

341 1828 624 1887 stabunt
672 1822 1033 1901 auxilium,
1078 1822 1464 1886 Consilium
1517 1834 1588 1886 et
1617 1825 1959 1905 favorem,
2012 1844 2143 1887 nec
2175 1845 2317 1887 non
2349 1827 2442 1886 ab
2476 1823 2633 1887 aliis
2664 1842 2907 1886 eorum

342 1931 674 2014 peccatiS,
731 1930 1113 1991 dummodo
1164 1951 1304 1993 non
1356 1930 1496 1993 sint
1544 1930 1715 1994 talia
1761 1940 2061 2014 propter
2109 1949 2294 2013 quae
2342 1931 2551 1993 sedes
2602 1919 2903 2011 Aposto-

341 2039 468 2102 lica
499 2040 692 2102 foret
724 2036 975 2100 merito
1011 2040 1468 2118 consulenda,
1518 2038 1940 2101 auctoritate
1973 2049 2237 2117 nostra,
2287 2040 2506 2101 semel
2539 2038 2910 2100 dumtaxat

341 2168 466 2229 pro
513 2144 838 2228 quolibet
885 2164 1162 2225 eorum,
1209 2145 1526 2209 iniuncta
1573 2145 1788 2209 etiam
1837 2145 1939 2207 eis
1988 2165 2117 2227 pro
2169 2148 2379 2209 modo
2413 2146 2685 2226 Culpae
2718 2144 2909 2226 peni-

341 2252 555 2315 tentia
604 2251 919 2331 salutari,
970 2261 1040 2314 et
1090 2252 1243 2314 aliis
1293 2273 1478 2333 quae
1529 2255 1617 2315 de
1665 2254 1816 2315 iure
1865 2252 2128 2316 fuerint
2166 2252 2628 2333 injungenda,
2680 2254 2908 2314 absol-

347 2361 584 2437 vendi,
652 2380 784 2421 nec
851 2379 988 2421 non
1051 2380 1176 2421 eos
1238 2361 1330 2422 ad
1393 2361 1652 2423 famam
1716 2370 1785 2421 et
1841 2362 2153 2423 honores
2199 2358 2575 2442 pristinos,
2641 2359 2911 2422 abolita

341 2469 530 2549 prius
590 2466 916 2545 infamia,
987 2466 1406 2529 restituendi
1471 2478 1541 2530 et
1603 2467 1939 2548 ponendi.
2036 2467 2301 2530 Contra
2360 2466 2521 2529 illos
2567 2486 2741 2529 vero
2790 2464 2910 2547 qui

343 2575 598 2637 talibus
665 2574 1024 2636 erroribus
1088 2574 1600 2637 contumaciter
1647 2575 2033 2656 persistere
2082 2574 2438 2637 voluerint
2486 2574 2911 2636 auctoritate

343 2692 601 2762 nostra,
650 2692 866 2763 prout
907 2681 1080 2762 juris
1129 2680 1378 2763 fuerit,
1429 2683 1907 2765 procedendi,
1954 2682 2294 2763 ipsosque
2344 2681 2747 2763 corrigendi
2802 2700 2909 2743 ca-

341 2788 647 2871 stigandi
681 2798 751 2851 et
785 2788 1149 2869 puniendi,
1202 2798 1270 2851 et
1305 2789 1519 2851 Curia
1552 2789 1901 2852 saeculari
1952 2787 2303 2869 tradendi,
2353 2808 2437 2851 ac
2486 2788 2625 2853 alia
2669 2797 2913 2850 nostra

342 2907 408 2959 et
469 2896 752 2978 singula
820 2915 1002 2978 quae
1060 2896 1419 2959 hereticae
1468 2897 1845 2977 pravitatis
1892 2896 2388 2978 inquisitoreS,
2456 2897 2547 2958 de
2590 2897 2745 2977 jure
2794 2895 2911 2958 vel

341 3004 852 3067 consuetudine
899 3003 1142 3066 facere
1190 3015 1504 3086 possent,
1575 3015 1646 3066 et
1694 3007 2065 3084 deberent,
2112 3003 2423 3067 faciendi
2489 3002 2789 3086 gerendi
2839 3014 2912 3065 et

341 3112 762 3193 exequendi.
837 3111 926 3174 Et
973 3111 1140 3192 quia
1189 3115 1593 3193 complures
1638 3113 1803 3176 libri
1852 3112 2189 3174 articulos
2228 3112 2404 3175 alias
2436 3111 2913 3174 conciliariter

341 3221 712 3282 damnatos
760 3219 1206 3282 continentes
1254 3239 1339 3281 ac
1389 3230 1630 3282 nostro
1681 3228 1752 3282 et
1799 3219 2003 3300 hujus
2054 3216 2365 3280 Sanctae
2401 3215 2611 3280 Sedis
2658 3217 2911 3280 honori

341 3329 797 3390 detrahentes
865 3335 1117 3389 contra
1162 3324 1548 3388 Decretum
1604 3326 1929 3390 moderni
1977 3324 2445 3388 lateranensis
2494 3324 2791 3388 Concilii
2838 3325 2910 3388 in

339 3433 491 3515 ipsa
539 3433 928 3496 Germania
975 3434 1300 3515 impressi
1348 3433 1667 3514 fuerunt,
1733 3434 1957 3496 libros
2006 3432 2405 3514 hujusmodi
2451 3431 2524 3496 in
2573 3431 2791 3495 officii
2840 3442 2914 3496 et

340 3541 707 3623 dignitatis
757 3551 1044 3604 nostrae
1093 3561 1176 3604 ac
1211 3540 1466 3603 Dictae
1499 3539 1708 3602 Sedis
1743 3541 2281 3623 depressionem
2313 3550 2583 3603 temere
2624 3542 2909 3621 loquen-

340 3660 472 3728 teS,
540 3648 827 3730 publice
895 3669 978 3710 ac
1043 3651 1285 3730 palam
1353 3648 1672 3711 comburi
1719 3648 2033 3710 faciendi
2082 3656 2154 3710 et
2202 3655 2452 3710 contra
2501 3649 2911 3710 eorumdem

339 3757 678 3820 librorum
738 3765 1068 3818 auctores
1115 3755 1586 3838 procedendi,
1655 3757 1941 3836 plenam
1992 3763 2063 3816 et
2109 3755 2407 3816 liberam
2458 3755 2910 3817 Auctoritate

341 3861 763 3945 Apostolica
834 3874 1083 3925 tenore
1154 3861 1590 3944 presentium
1661 3860 2119 3924 concedimus
2195 3860 2632 3924 facultatem.
2749 3861 2911 3924 Non

339 3971 784 4034 obstantibus
817 3969 1440 4033 constitutionibus
1471 3978 1542 4032 et
1573 3968 2164 4048 ordinationibuS‚
2210 3989 2341 4031 nec
2372 3988 2515 4030 non
2558 3966 2908 4048 quibisvis

343 4077 736 4159 privilegiis
767 4077 1057 4140 indultis
1091 4085 1162 4138 et
1192 4075 1446 4140 litteris
1477 4073 1941 4157 Apostolicis‚
1976 4074 2345 4156 quibusvis
2381 4073 2451 4136 in
2485 4093 2754 4154 genere
2794 4074 2910 4136 vel

342 4187 408 4248 in
441 4185 684 4266 specie
715 4184 1098 4262 concessiS‚
1132 4202 1734 4264 quorumcumque
1767 4193 2091 4245 tenorum
2124 4181 2405 4259 fuerint,
2456 4201 2640 4261 quae
2674 4181 2912 4262 quoad

345 4292 684 4374 premissa
734 4291 837 4354 eis
889 4293 1212 4354 nolumus
1261 4289 1669 4370 suffragari,
1727 4288 2144 4370 Ceterisque
2200 4285 2575 4350 contrariis
2630 4288 2910 4368 quibus—

349 4419 662 4480 cumque.
713 4399 978 4460 Datum
1027 4397 1308 4460 Romae
1369 4398 1563 4478 apud
1615 4395 1957 4458 Sanctum
2010 4395 2296 4458 Petrum
2360 4415 2544 4457 anno
2588 4395 2909 4458 incarna-

351 4505 552 4568 tionis
601 4506 888 4569 Domini
919 4505 1298 4569 Millesimo
1359 4503 1931 4586 quingentesimo
1982 4502 2347 4574 vicesimo;
2409 4502 2705 4564 Decimo
2756 4522 2909 4584 sep·

353 4611 510 4676 timo
559 4614 702 4676 kal.
757 4612 1085 4694 Augusti,
1137 4610 1600 4675 Pontificatus
1649 4609 1873 4673 nostri
1922 4630 2109 4672 anno
2160 4620 2434 4674 octavo
