3575 5775
1364 625 1480 680 0·<B
1556 623 1860 680 421,8>—0

337 778 586 830 cuncta
632 767 701 830 in
754 768 1271 850 confusionem,
1336 778 1408 834 et
1464 770 1738 832 ruinam
1798 771 2126 832 celeriter
2175 790 2332 832 esse
2382 769 2682 832 abitura.
2782 770 2889 830 Ac

334 896 457 938 nos
505 875 623 958 qui
673 876 740 940 in
790 878 995 940 vobis
1044 875 1334 939 multum
1402 877 1557 960 spei
1626 885 1697 939 et
1765 877 1837 938 in
1915 885 2151 940 vestra
2211 878 2560 959 prestanti
2631 877 2889 940 virtute

332 981 673 1064 ponimuS,
722 993 799 1047 ut
846 985 1249 1067 aperiamus
1283 984 1707 1048 sententiam
1756 984 2328 1067 desideriumque
2380 993 2696 1048 nostrum
2745 983 2886 1046 vel-

332 1091 550 1152 lemus
596 1091 671 1154 id
719 1091 1050 1173 primum,
1123 1092 1313 1173 quod
1364 1098 1435 1153 et
1480 1090 1691 1154 facile
1741 1102 1849 1154 est
1907 1101 1977 1153 et
2025 1093 2322 1155 aliorum
2369 1091 2506 1154 iam
2555 1089 2888 1172 exemplo

332 1197 909 1278 demonstratum,
961 1207 1036 1259 ut
1070 1197 1297 1280 qualis
1329 1197 1733 1279 Ratispone
1782 1218 1915 1280 per
1958 1199 2119 1261 illos
2169 1199 2614 1277 clarissimOS,
2666 1205 2738 1259 et
2784 1216 2886 1258 re-

331 1303 819 1384 ligiosissimos
880 1326 1220 1388 proceres
1268 1305 1652 1368 concordia
1698 1305 1909 1386 inita,
1983 1314 2052 1368 et
2122 1306 2376 1369 foedus
2423 1305 2686 1368 factum
2735 1303 2887 1382 fuit,

329 1427 464 1492 quo
517 1431 801 1475 causam
851 1411 1141 1493 Christi,
1194 1421 1266 1475 et
1311 1413 1524 1494 patrii
1571 1409 1862 1475 honoris
1914 1413 2262 1476 communi
2297 1425 2452 1496 'ope
2503 1421 2574 1475 et
2621 1410 2886 1473 auxilio

328 1515 851 1581 defendendam
900 1529 1388 1601 susceperunt,
1438 1519 1598 1582 talis
1654 1519 1858 1582 fieret
1904 1520 2089 1583 inter
2155 1531 2506 1601 coeterOS,
2580 1520 2697 1601 qui
2767 1539 2886 1600 po-

325 1633 583 1688 testate
632 1625 1032 1709 principum
1080 1626 1421 1707 praediti,
1488 1639 1557 1688 et
1608 1636 1912 1688 mentem
1959 1629 2262 1708 habent,
2333 1637 2402 1691 et
2449 1628 2886 1689 voluntatem

324 1732 411 1792 ad
484 1733 787 1796 honesta
868 1742 939 1796 et
1007 1743 1254 1796 sancta
1337 1754 1557 1816 opera
1632 1743 1980 1814 paratam,
2060 1734 2132 1796 in
2204 1754 2500 1816 quorum
2573 1751 2885 1811 numer0,

325 1855 479 1898 eum
527 1857 659 1900 vos
706 1859 848 1902 non
897 1839 1238 1903 mediocri
1286 1841 1708 1906 auctoritate
1755 1842 2115 1922 polleatis,
2188 1844 2552 1904 hortamur
2618 1839 2882 1902 Nobili-

324 1953 505 2007 tates
554 1957 831 2010 vestras
880 1947 948 2009 in
982 1947 1311 2030 Domin0,
1362 1957 1433 2010 et
1465 1968 1597 2029 per
1626 1947 1907 2010 viscera
1938 1948 2464 2012 misericordiae
2493 1947 2628 2010 Dei
2665 1946 2885 2009 nostri

323 2059 470 2113 toto
520 2052 737 2114 animi
784 2055 1019 2117 studio
1067 2055 1488 2136 requirimus
1538 2067 1613 2119 ut
1661 2057 2043 2120 convenire
2095 2077 2248 2118 cum
2317 2054 2644 2134 caeteriS,
2708 2073 2884 2134 quos

323 2159 693 2222 vobiscum
762 2160 1246 2242 iudicaveritis
1316 2164 1471 2226 fore
1543 2164 2071 2226 consentientes
2088 2211 2106 2242 ,
2185 2181 2616 2243 operamque
2689 2161 2882 2240 dare,

320 2265 610 2347 hortari,
656 2287 981 2349 monere,
1041 2269 1308 2332 instare
1358 2269 1667 2351 denique
1732 2269 1966 2332 velitis
2017 2277 2118 2348 ut,
2179 2269 2472 2332 foedere
2521 2268 2704 2330 inter
2752 2286 2882 2329 vos

320 2371 543 2453 facto,
615 2375 1083 2457 popularibus
1130 2375 1472 2455 motibuS,
1524 2386 1595 2438 et
1641 2376 2088 2457 periculosae
2137 2374 2619 2456 imperitorum
2670 2374 2879 2437 licen-

316 2479 455 2542 tiae
482 2480 969 2544 communibus
990 2483 1239 2545 studiis
1262 2483 1651 2563 resistatur,
1674 2483 2250 2566 quandoquidem
2271 2481 2362 2543 ad
2383 2480 2581 2562 vulgi
2606 2489 2880 2542 mentes

318 2587 648 2650 seditioni
700 2590 1045 2652 adversus
1090 2590 1452 2671 principes
1500 2611 1665 2654 suos
1716 2590 2200 2668 concitandas,
2261 2591 2440 2670 haec
2500 2587 2876 2671 plurimum

318 2695 823 2760 sumministret
869 2696 1059 2777 ignis
1123 2707 1194 2758 et
1257 2696 1569 2760 incendii
1618 2699 1711 2760 ad
1758 2696 2066 2760 omnium
2116 2697 2503 2778 perniciem
2555 2704 2627 2758 et
2674 2693 2879 2757 detri-

318 2811 630 2864 mentum
681 2811 932 2866 exorta
962 2805 1336 2866 lutherana
1369 2804 1605 2867 factio
1672 2804 1828 2867 Hoc
1863 2825 1992 2868 nos
2027 2803 2452 2866 consulimus
2481 2801 2732 2864 Nobb¹¹⁸
2766 2821 2879 2862 ve-

317 2908 480 2972 stris
528 2909 831 2991 primum
878 2910 973 2973 ob
1020 2910 1365 2974 honorem
1410 2910 1579 2993 Dei,
1638 2910 2169 2991 animarumque
2217 2910 2318 2972 illi
2367 2912 2879 2991 desponsarum

314 3017 653 3095 salutem,
726 3018 1022 3098 quarum
1078 3016 1436 3081 interitum
1485 3038 1746 3099 magno
1799 3039 1955 3081 cum
2005 3018 2250 3107 dolore
2301 3016 2616 3099 quotidie
2666 3014 2878 3078 senti-

312 3142 498 3195 mus:
574 3120 832 3186 deinde
904 3106 1095 3205 quod
1163 3124 1363 3188 istius
1443 3125 1649 3188 nobis
1730 3124 2228 3188 dilectissimae
2299 3123 2604 3185 nationis
2677 3121 2877 3203 quies

311 3239 381 3291 et
442 3251 593 3313 pax
666 3230 870 3293 nobis
944 3240 1051 3293 est
1122 3232 1585 3313 optatissima.
1708 3232 2079 3295 Postremo
2145 3230 2309 3313 quia
2375 3250 2532 3292 curn
2601 3235 2876 3290 vestras

312 3336 548 3399 Nob‘ffl’
596 3347 896 3419 paterna
944 3338 1449 3401 benevolentia
1496 3323 2040 3421 amplectamur,
2113 3339 2262 3401 sive
2320 3339 2390 3399 in
2451 3340 2587 3399 hoc
2654 3356 2872 3416 opere

312 3454 419 3507 est
497 3444 765 3526 gloria,
853 3444 1041 3507 sive'
1096 3446 1305 3507 etiarn
1386 3446 1683 3529 utilitas,
1763 3444 2128 3529 utriusque
2204 3444 2522 3527 cupimus
2597 3451 2874 3504 vestras

311 3550 551 3614 Nob¹0⁸
598 3550 941 3633 imprimis
990 3572 1146 3614 esse
1195 3549 1602 3634 participes.
1700 3551 1988 3616 Accidit
2054 3561 2288 3615 autem
2347 3552 2544 3633 quasi
2614 3546 2870 3613 occasi-

310 3679 521 3722 onem
568 3660 963 3741 praebente
1009 3656 1201 3738 Deo,
1275 3668 1351 3720 ut
1420 3680 1577 3721 cum
1627 3660 1927 3723 dilectus
1985 3659 2170 3722 filius
2217 3668 2459 3721 noster
2491 3644 2622 3720 'AL
2675 3654 2871 3719 Car¹¹⁸

310 3764 773 3849 Maguntinus
807 3774 939 3828 ete.
976 3746 1336 3828 civitatem
1368 3766 2072 3851 Magdeburgensem
2109 3750 2550 3853 quorundam
2599 3766 2870 3825 scelere

311 3882 381 3934 et
428 3870 799 3953 impietate
848 3892 1110 3954 magno
1161 3894 1316 3935 cum
1366 3876 1667 3935 tumultu
1714 3874 1825 3935 his
1873 3874 2232 3957 preteritis
2268 3874 2517 3934 diebus
2549 3871 2642 3931 ad
2676 3870 2870 3929 here-

308 3979 437 4042 sim
491 3981 920 4062 prolapsam,
970 3999 1100 4060 pro
1148 3979 1320 4041 boni
1367 3980 1694 4063 pastoris,
1746 3989 1818 4043 et
1866 3978 2261 4059 dignissimi
2313 3975 2706 4041 Cardinalis
2757 3974 2870 4035 de-

307 4086 459 4150 bite
514 4066 867 4150 adverae
916 4086 1202 4177 pietatis
1252 4095 1322 4149 et
1384 4087 1838 4149 obedientiae
1903 4086 2246 4168 pristinae
2309 4082 2616 4147 efficium
2682 4079 2870 4144 insti-

306 4194 527 4256 tuerit
570 4186 935 4273 revocare,
986 4193 1313 4255 videatur
1358 4192 1431 4254 id
1478 4193 1688 4256 facile
1738 4192 2154 4272 effecturus,
2204 4192 2259 4255 si
2309 4199 2550 4254 vestra
2599 4199 2670 4251 et
2720 4206 2869 4250 cae·

303 4310 621 4364 terorum
670 4310 865 4364 recte
908 4299 1359 4363 sentientium
1407 4300 1670 4363 auxilia
1717 4300 1819 4363 illi
1866 4321 2008 4363 non
2059 4298 2435 4377 defuerint,
2484 4297 2558 4358 in
2606 4316 2744 4377 qua
2792 4314 2869 4356 re

305 4428 440 4471 nos
494 4406 708 4471 etiam
732 4402 882 4487 ,ssi
926 4410 1113 4469 bene
1164 4416 1491 4491 coeptam
1562 4409 1715 4469 earn
1766 4406 2150 4470 viderimus
2167 4455 2183 4487 ,
2257 4404 2684 4468 intendimus
2734 4420 2870 4483 ope

304 4509 556 4577 nostra
600 4500 1068 4587 intervenire;
1142 4516 1269 4576 sed
1340 4522 1415 4576 ut
1473 4511 1544 4575 'id
1607 4524 1938 4597 prompte
2000 4523 2070 4576 et
2129 4513 2442 4575 animose
2498 4510 2656 4589 fiat,
2717 4512 2869 4572 hor-

305 4633 543 4685 tamur
588 4623 825 4684 denuo
873 4618 1058 4683 No²⁰³
1104 4618 1423 4701 VestraS,
1473 4630 1549 4683 ut
1595 4622 2055 4704 interponere
2102 4630 2344 4703 partes
2402 4641 2565 4681 suas
2627 4618 2867 4681 velint.

306 4728 674 4793 Nollemus
724 4728 866 4791 vim
916 4749 1046 4791 nos
1094 4727 1401 4810 quidem,
1452 4729 1577 4793 sed
1628 4737 1704 4790 ut
1750 4726 2307 4792 mansuetudinis
2365 4737 2435 4789 et
2481 4724 2868 4789 humanita-

304 4837 395 4899 tis
444 4837 683 4919 potius
731 4835 850 4898 via
895 4834 1381 4918 proficeretur.
1478 4834 1621 4898 Sed
1672 4834 1731 4897 si
1778 4836 1851 4897 id
1901 4855 2042 4899 non
2090 4843 2363 4917 potest,
2415 4834 2640 4898 omnis
2688 4832 2871 4895 iusta

302 4942 435 5027 viS,
488 4950 595 5006 est
639 4942 900 5006 iniusta
960 4941 1426 5025 permissione
1485 4954 1555 5005 et
1613 4942 2058 5025 negligentia
2123 4942 2472 5021 sanctior,
2537 4962 2616 5007 ac
2680 4939 2867 5001 dum-
