3575 5775
1345 572 1840 643 0-433695*

313 752 460 796 rum
509 730 808 797 interest
856 732 1157 796 aderunt
1207 742 1278 797 et
1325 734 1457 797 erit
1505 732 1885 816 unicuique
1918 730 2147 797 libere
2180 729 2331 797 dire
2366 740 2438 796 et
2468 746 2875 817 proponere

314 842 549 921 quello
601 842 732 903 che
778 860 911 923 per
959 842 1098 903 ben
1149 841 1339 905 della
1401 842 1566 905 fede
1617 840 2004 905 christiana
2052 838 2421 922 giudicara
2472 860 2709 905 essere
2760 858 2874 903 ex-

312 948 648 1029 pediente
697 957 769 1010 et
817 946 864 1011 li
931 968 1008 1011 se
1075 948 1418 1011 risolvera
1485 970 1617 1031 pro
1682 948 1986 1012 veritate
2051 958 2121 1011 et
2170 928 2541 1031 ”dignitate
2609 948 2743 1023 rei3
2809 956 2879 1011 et

313 1055 576 1137 perche
625 1056 822 1116 detto
873 1054 1191 1118 Concilio
1237 1056 1645 1120 necessario
1679 1054 1975 1137 requirit
2020 1055 2452 1137 presentiam
2512 1053 2881 1117 Pontificis

315 1171 383 1223 et
453 1160 738 1225 Cesaris
813 1163 926 1224 vel
991 1164 1243 1225 saltem
1316 1163 1607 1225 alterius
1685 1182 1930 1225 eorum
2004 1169 2075 1224 et
2153 1181 2195 1224 a
2268 1158 2409 1223 fine
2488 1164 2619 1224 che
2696 1168 2879 1223 tutto

314 1288 524 1349 possa
611 1268 735 1350 pih
825 1271 1377 1332 resolutamente
1464 1278 1534 1332 et
1619 1268 1741 1352 pin
1825 1277 2069 1351 presto
2153 1268 2516 1332 resolvere
2597 1278 2667 1330 et
2742 1277 2879 1331 tro-

313 1394 480 1437 vare
543 1376 758 1437 modo
829 1395 872 1438 a
930 1386 1184 1458 questo
1249 1387 1320 1438 et
1381 1374 1498 1439 alli
1547 1373 1827 1439 tumulti
1901 1375 1973 1437 di
2034 1373 2419 1438 Germania
2468 1372 2598 1437 che
2650 1372 2720 1439 S.
2772 1372 2879 1438 S‘db

315 1481 643 1545 desidera
716 1482 848 1545 che
928 1482 1260 1545 mandino
1342 1490 1474 1546 ete.
1555 1492 1626 1545 et
1702 1484 1987 1564 quando
2068 1480 2139 1545 S.
2204 1482 2327 1544 Β’“θ
2390 1479 2440 1545 li
2504 1481 2770 1546 havera
2840 1503 2879 1544 a

315 1589 551 1651 Roma
615 1599 688 1651 et
737 1590 1362 1669 particolarmente
1434 1598 1507 1653 et
1567 1590 2169 1653 universalmente
2229 1587 2483 1670 potera
2540 1590 2880 1651 talmente

315 1712 616 1776 operare
663 1705 735 1757 et
781 1704 1078 1759 trattare
1126 1705 1379 1778 questa
1431 1714 1600 1759 cosa
1648 1698 1779 1760 che
1830 1714 1970 1759 non
2021 1694 2181 1759 sara
2228 1694 2423 1759 forse
2469 1696 2593 1778 poi
2641 1712 2879 1759 neces-

316 1802 500 1865 sario
546 1801 796 1865 venire
845 1812 916 1864 et
966 1806 1146 1867 altro
1196 1802 1514 1866 Concilio
1567 1803 1999 1877 universale3
2062 1801 2113 1865 il
2172 1804 2380 1885 quale
2428 1820 2569 1865 non
2620 1802 2659 1865 ὲ
2706 1798 2880 1865 forsi

317 1908 752 1991 espediente‚
803 1930 1003 1972 come
1053 1910 1249 1973 molti
1296 1911 1345 1972 il
1391 1910 1611 1974 fanno
1663 1920 1735 1973 et
1784 1932 1825 1974 a
1872 1920 2124 1992 questo
2158 1910 2246 1972 V.
2278 1908 2328 1972 S
2361 1909 2567 1991 potra
2616 1909 2881 1973 vedere

315 2017 528 2078 molte
594 2015 876 2097 ragioni
925 2016 1056 2080 che
1113 2018 1390 2081 adduce
1453 2036 1642 2099 papa
1712 2016 1844 2079 Pio
1912 2016 1980 2078 11
2038 2017 2109 2079 in
2179 2034 2319 2078 uno
2386 2032 2513 2079 suo
2576 2024 2880 2079 tractato

315 2121 672 2185 intitulato
729 2124 820 2185 de
869 2120 1077 2186 Statu
1127 2120 1556 2187 Germaniae
1619 2134 1692 2186 et
1755 2123 1841 2186 iis
1890 2143 2071 2205 quae
2120 2142 2251 2204 per
2308 2143 2461 2185 earn
2524 2123 2882 2186 nationem

318 2228 764 2291 obiiciantur.
881 2226 951 2294 S.
1016 2230 1112 2293 R.
1176 2229 1350 2294 Sedi
1411 2230 1911 2313 Apostolicae‚
1974 2248 2064 2294 ne
2130 2232 2196 2293 le
2260 2230 2365 2293 sei
2434 2249 2651 2292 overo
2701 2237 2884 2293 sette

317 2335 540 2416 prime
607 2345 838 2416 carte,
910 2338 1074 2417 qual
1147 2346 1452 2400 tractato
1523 2340 1740 2400 credo
1811 2358 1888 2400 se
1958 2335 2207 2400 ritrovi
2277 2354 2527 2419 presso
2596 2334 2645 2398 li
2712 2334 2883 2399 Rmi

316 2442 672 2505 Anchona
717 2451 789 2504 et
835 2442 1133 2505 Triultio·
1182 2445 1298 2507 dal
1348 2446 1557 2526 quale
1609 2447 1785 2507 altre
1834 2445 2030 2507 volte
2078 2444 2172 2507 mi
2218 2442 2294 2507 fu
2342 2452 2682 2526 prestatO.

495 2550 598 2612 La
656 2550 968 2611 soconda
1035 2552 1168 2613 che
1244 2548 1318 2615 S.
1390 2552 1546 2614 Bne
1601 2550 1881 2615 facesse
1942 2559 2457 2614 maturamente
2512 2549 2777 2614 vedere
2837 2547 2887 2613 li

316 2666 530 2719 cento
573 2656 970 2738 gravamini
1017 2666 1088 2719 et
1135 2676 1268 2739 per
1315 2673 1452 2719 una
1497 2658 1705 2720 Bolla
1751 2679 1795 2721 o
1844 2658 2007 2720 tutti
2056 2656 2273 2739 quelli
2321 2658 2455 2721 che
2503 2676 2637 2721 con
2695 2656 2886 2739 qual·

315 2766 440 2825 che
495 2762 798 2845 ragione
846 2782 1024 2826 sono
1069 2763 1348 2827 fondati
1397 2766 1807 2847 pr'ovederli
1872 2772 1941 2828 et
2004 2775 2254 2827 contra
2302 2763 2517 2846 quelli
2565 2765 2697 2827 che
2742 2779 2887 2827 non

314 2872 556 2934 hanno
605 2870 1072 2935 fondamento
1119 2872 1424 2934 metterli
1475 2872 1614 2935 allo
1665 2870 1999 2954 opposito
2057 2872 2295 2953 quelle
2341 2871 2460 2955 pisi
2509 2881 2767 2955 p'ronte
2817 2873 2887 2933 et

317 2981 472 3042 vive
524 2978 806 3060 rag-inni
855 2981 990 3042 cho
1037 2987 1424 3060 potesseno
1470 2978 1811 3042 chiudere
1858 2979 1928 3041 la
1975 2979 2251 3041 boccha
2300 2997 2375 3041 se
2420 2994 2560 3041 non
2611 2999 2653 3040 a
2702 2975 2886 3056 tutti,

319 3105 360 3148 a
403 3085 625 3168 quelli
675 3087 808 3148 che
855 3085 1118 3166 meglio
1166 3085 1556 3148 intendono
1606 3094 1677 3147 et
1725 3105 2151 3149 conoscon0.

1390 3292 1488 3301 -s’m
1502 3291 1639 3302 fluv-§.³-
1651 3291 1713 3302 -fv
1720 3292 1801 3302 Μ

1527 3521 1674 3586 167.

1038 3645 1461 3750 Campegius
1515 3645 1777 3728 Jacobo
1836 3645 2180 3729 Sadoleto.

1153 3795 1439 3868 (Nuntiat.
1477 3795 1731 3854 German.
1767 3794 1919 3854 Lm.
1953 3795 2057 3866 15.)

1352 3905 1462 3974 (23.
1501 3907 1646 3971 Sept.
1694 3904 1869 3975 1524.)

498 4096 513 4110 .
551 4095 567 4110 .
606 4094 623 4111 .
660 4096 676 4110 .
727 4045 874 4110 Per
935 4049 1000 4110 le
1049 4050 1229 4111 altre
1275 4047 1413 4110 mie
1477 4047 1646 4110 dissi
1710 4049 1845 4110 che
1892 4046 2110 4110 molto
2171 4065 2284 4109 me
2332 4045 2761 4109 satisfaceva
2821 4047 2891 4110 la

321 4152 744 4216 risolutione
791 4153 971 4216 satta
1021 4157 1112 4217 da
1143 4155 1229 4217 N.
1266 4153 1338 4216 S.
1389 4172 1477 4216 ne
1527 4156 1596 4217 le
1644 4173 1810 4216 cose
1858 4137 2230 4216 lutherane
2280 4162 2351 4216 et
2398 4153 2589 4216 circa
2634 4153 2684 4216 il
2714 4153 2892 4217 Con-

324 4261 478 4325 cilio
528 4263 878 4343 g'enerale
927 4281 1060 4324 con
1115 4261 1418 4340 Cesare,
1482 4271 1552 4323 et
1599 4278 1732 4342 per
1776 4261 2044 4323 havere
2092 4261 2289 4322 detto
2338 4261 2775 4323 abbastanza
2822 4260 2891 4323 in

325 4369 556 4449 quelle
591 4375 867 4450 quanto
909 4367 1002 4430 mi
1036 4385 1442 4448 oecon-eva,
1485 4385 1614 4449 per
1645 4367 1824 4429 hora
1858 4385 1997 4429 non
2032 4366 2125 4430 ho
2158 4368 2339 4429 altro
2373 4367 2465 4429 da
2492 4367 2896 4450 giugnervi.

496 4477 614 4538 De
678 4475 754 4537 la
799 4474 993 4537 dieta
1040 4475 1130 4536 de
1177 4471 1393 4556 Spira
1453 4473 1574 4536 noi
1637 4473 1757 4555 qui
1804 4475 2073 4536 tenimo
2136 4475 2267 4536 che
2316 4495 2458 4536 non
2507 4479 2560 4536 sl
2610 4473 2763 4537 fara
2828 4484 2899 4537 et

325 4581 437 4664 gia
465 4585 538 4646 le
565 4584 828 4646 lettere
863 4581 935 4644 di
966 4580 1229 4644 Cesare
1261 4599 1478 4662 sopra
1509 4579 1640 4662 cio,
1691 4580 1869 4643 com'
1902 4579 1969 4643 io
2004 4579 2263 4662 scrissi,
2314 4580 2370 4643 si
2406 4583 2746 4644 mandaro
2778 4581 2899 4645 alli

326 4689 630 4772 principi
683 4698 760 4752 et
803 4688 1182 4770 tegimenti
1232 4686 1580 4770 imperiali
1629 4695 1702 4749 et
1749 4689 1929 4750 altre
1978 4695 2201 4768 terre,
2272 4698 2344 4751 et
2388 4689 2645 4752 bench'
2678 4687 2747 4752 io
2797 4690 2902 4752 sia

329 4803 506 4859 stato
557 4813 700 4859 con
751 4796 818 4857 el
867 4795 1204 4878 Principe
1251 4801 1324 4856 et
1370 4793 1420 4856 li
1467 4791 1624 4856 suoi
1671 4791 1744 4856 di
1791 4810 2047 4874 parere
2097 4793 2229 4857 che
2277 4795 2594 4858 totaliter
2640 4813 2783 4859 non
2830 4793 2899 4859 la

333 4903 748 4983 revochino,
797 4902 930 4965 ma'
963 4903 1036 4964 io
1079 4917 1310 4985 penso
1353 4901 1530 4983 peto
1579 4901 1710 4962 che
1757 4919 1800 4962 a
1848 4901 2013 4964 niun
2063 4904 2279 4966 modo
2333 4904 2393 4967 si
2442 4903 2679 4968 debba
2724 4903 2900 4987 fare,

379 5027 540 5080 Balsa,
566 5029 866 5068 Documenta
883 5027 1162 5068 Ianthen-ana.
2514 5029 2583 5082 24
