3575 5775
1308 604 1803 662 0-<33478ff

285 752 481 815 modo
531 761 658 815 tua
705 752 1085 834 singularis
1132 752 1356 816 virtus
1404 774 1488 817 ac
1533 755 1768 836 pietas
1795 754 1867 817 in
1904 753 2230 817 omnibus
2257 750 2595 836 gerendis
2624 754 2841 815 rebus

287 868 625 924 versatur.
717 862 1010 943 Itaque,
1071 881 1498 943 quamquam
1545 861 1789 925 dilecti
1836 860 1962 923 filii
2010 858 2233 922 nostri
2280 858 2646 922 Laurentii
2694 879 2838 921 car·

283 967 530 1031 dinalis
577 969 802 1051 legati
850 968 1326 1031 testimonium
1381 970 1635 1033 crebro
1684 968 2054 1032 audiamus
2125 968 2215 1029 de
2271 976 2341 1029 te
2392 966 2631 1029 omnia
2684 982 2837 1047 pre·

285 1076 464 1137 clara
536 1074 1154 1139 commemorantis
1221 1085 1293 1138 et
1356 1085 1428 1138 te
1484 1074 1623 1137 tuis
1684 1074 2034 1155 consiliiS,
2098 1072 2374 1155 studiiS,
2442 1071 2841 1136 actionibus

284 1178 638 1246 confidere
681 1202 762 1245 ac
798 1182 934 1245 nisi
976 1182 1290 1264 ingenue
1315 1182 1785 1265 predicantis;
1836 1191 2075 1245 tamen
2122 1181 2317 1245 sacta
2362 1190 2485 1243 tua
2532 1178 2841 1242 omnium

283 1288 700 1353 testimoniis
747 1298 911 1353 sunt
959 1290 1248 1353 maiora.
1342 1288 1544 1371 Quae
1590 1292 1725 1353 hoc
1777 1290 1990 1352 etiam
2040 1288 2248 1351 nobis
2294 1282 2613 1369 gratiora
2662 1284 2837 1349 acci-

284 1396 453 1459 dunt
502 1416 646 1477 quo
695 1416 838 1460 non
888 1397 1292 1460 dubitamus
1340 1406 1444 1477 te,
1510 1398 1580 1460 in
1643 1406 1841 1459 tanta
1904 1405 2027 1459 tua
2082 1394 2260 1475 fide,
2306 1403 2508 1457 tanta
2554 1393 2839 1471 virtute,

286 1523 484 1584 quam
557 1502 717 1565 Deo
789 1504 987 1567 cuius
1057 1504 1282 1586 ipsius
1352 1497 1566 1567 causa
1634 1504 1902 1567 tuendo
1951 1524 2031 1566 ac
2082 1500 2494 1565 sustinendo
2542 1508 2841 1581 prestaS,

285 1611 446 1673 dare
495 1620 567 1673 et
614 1609 882 1692 aliquid
929 1611 1154 1674 amori
1201 1620 1445 1675 nostro
1472 1659 1491 1692 ,
1541 1631 1682 1693 quo
1729 1626 1807 1673 tu
1866 1610 2073 1673 nobis
2122 1607 2423 1672 affectus
2482 1627 2613 1670 nos
2660 1626 2836 1669 vero

289 1737 452 1800 erga
497 1717 939 1781 nobilitatem
993 1728 1189 1782 tuam
1239 1717 1530 1782 mirifice
1589 1718 1857 1781 incensi
1924 1738 2185 1797 summ,
2250 1719 2367 1779 vel
2422 1714 2612 1778 enim
2677 1713 2843 1795 quia

287 1834 358 1886 tu
402 1824 564 1887 talis
614 1835 685 1887 et
733 1834 811 1887 ut
857 1824 1118 1908 dignus
1165 1826 1472 1889 maxime
1522 1826 1619 1889 sis
1667 1825 1786 1907 qui
1836 1824 2113 1904 ameriS‚
2160 1824 2280 1886 vel
2328 1822 2492 1909 quia
2526 1830 2843 1885 nostrum

289 1951 486 1995 omne
533 1930 872 1994 iudicium
921 1952 1004 1995 ac
1053 1906 1364 1995 studium
1426 1932 1690 1995 iamdiu
1761 1930 2212 1997 serenissimo
2262 1930 2506 1995 Cesari
2567 1938 2688 1991 tuo
2746 1936 2841 1990 at-

291 2058 420 2119 que
462 2038 593 2101 tibi
647 2059 730 2100 ac
779 2040 1087 2102 omnium
1137 2040 1690 2103 eminentissime
1739 2038 1977 2101 domui
2024 2046 2263 2101 vestre
2312 2036 2445 2099 fuit
2507 2035 2845 2114 deditum,

289 2143 381 2208 ita
455 2144 908 2210 nobilitatem
973 2156 1164 2210 tuam
1229 2157 1473 2210 nostra
1537 2144 1872 2229 flagranti
1928 2144 2431 2209 benevolentia
2489 2142 2848 2225 complexi

291 2272 516 2315 sumus
565 2264 644 2315 ut
692 2254 1059 2317 videamus
1106 2255 1176 2317 in
1229 2252 1330 2317 tui
1379 2253 1718 2319 memoria
1767 2265 1838 2316 et
1872 2252 2372 2317 recordatione
2404 2250 2851 2333 potissimum

291 2360 755 2441 acquiescere.
852 2361 1181 2425 Accessit
1227 2371 1478 2425 sancta
1527 2371 1598 2424 et
1645 2360 1930 2424 celestis
1964 2358 2534 2441 coniunctioque
2564 2368 2848 2422 nostros

290 2466 550 2531 animos
598 2468 942 2550 precipue
975 2469 1344 2550 copulavit.
1381 2468 1498 2552 qui
1531 2470 1601 2531 in
1633 2468 1771 2532 Dei
1821 2467 2070 2531 summi
2120 2487 2335 2530 causa
2382 2465 2849 2531 communiter

289 2574 705 2655 laboramu5‚
753 2594 886 2638 nos
934 2596 1066 2657 pro
1115 2576 1414 2640 aliorum
1463 2576 1726 2655 salute,
1776 2584 2012 2638 tamen
2071 2587 2201 2657 pro
2251 2582 2561 2654 tuorum,
2611 2558 2845 2655 quam-

292 2702 488 2762 quam
537 2683 746 2765 nobis
795 2683 1009 2747 alieni
1058 2704 1198 2747 non
1249 2693 1413 2747 sunt
1461 2704 1638 2765 quos
1672 2684 1870 2746 Deus
1901 2682 2352 2763 omnipotens
2390 2691 2631 2743 nostre
2681 2699 2850 2743 cure

293 2800 359 2849 et
403 2788 744 2869 pastorali
791 2788 1034 2871 vigilie
1083 2791 1309 2854 voluit
1357 2811 1517 2854 esse
1565 2790 2017 2868 commiSSOS,
2089 2788 2396 2852 maxime
2444 2788 2681 2851 animo
2730 2807 2844 2850 au-

293 2903 424 2958 tem
467 2905 634 2960 sunt
679 2897 781 2960 tui
829 2899 1015 2962 inter
1073 2918 1252 2980 quos
1321 2908 1397 2961 tu
1469 2899 1768 2982 imperio
1842 2895 2136 2961 excellis
2213 2905 2285 2959 et
2353 2895 2659 2977 pietate,
2729 2895 2849 2977 qui

295 3012 513 3068 tamen
563 3004 730 3086 tibi,
781 3005 964 3068 sicut
1012 3007 1314 3088 debent,
1386 3017 1626 3070 essent
1671 3007 1866 3069 dicto
1915 3005 2307 3082 audienteS,
2356 3003 2637 3085 tuisque
2668 3003 2847 3066 salu·

295 3110 550 3174 taribus
610 3111 1022 3195 praeceptis
1091 3123 1164 3175 et
1227 3115 1512 3177 monitis
1584 3116 2184 3195 obtemperarent.
2303 3109 2643 3173 Profecto
2716 3129 2849 3171 nec

297 3215 421 3297 ipsi
469 3228 755 3282 ruerent
801 3217 872 3282 in
923 3219 1312 3284 animarum
1362 3239 1646 3284 suarum
1713 3219 2007 3283 exitium
2069 3237 2227 3282 cum
2294 3216 2510 3280 tantis
2572 3225 2645 3280 et
2704 3225 2849 3278 tam

300 3313 692 3403 pernitiosis
743 3326 1125 3406 erroribuS,
1175 3335 1249 3390 et
1293 3347 1426 3390 nos
1470 3329 1797 3390 laborum
1846 3334 2243 3390 nostrorum
2295 3323 2597 3387 fructum
2656 3332 2847 3406 opta·

299 3429 604 3496 biliorem
650 3434 1098 3498 haberemus,
1191 3431 1340 3498 Sed
1387 3441 1766 3515 utcumque
1815 3435 1949 3496 hec
2009 3432 2109 3494 ita
2168 3431 2440 3494 turbari
2503 3427 2849 3514 permittit

298 3536 498 3617 DeuS,
545 3519 752 3603 nobis
801 3548 1043 3603 nostra
1092 3540 1318 3604 omnis
1365 3551 1475 3604 est
1521 3539 1837 3622 dignitas
1884 3540 1954 3602 in
2004 3538 2161 3602 Deo
2211 3547 2283 3602 et
2342 3547 2539 3602 recta
2607 3539 2847 3600 volun-

301 3651 432 3706 tate
469 3648 985 3711 constituenda.
1081 3648 1265 3710 Illud
1313 3645 1545 3709 mirati
1583 3667 1824 3710 sumus
1871 3647 1988 3709 vel
2035 3644 2387 3709 doluimus
2435 3645 2697 3727 potiuS,
2726 3653 2850 3706 tua

305 3752 652 3816 nobilitate
723 3766 1084 3836 presente,
1133 3755 1496 3818 decretum
1566 3754 1638 3815 in
1707 3752 2079 3816 Conventu
2150 3753 2373 3815 fuisse
2440 3751 2705 3815 factum
2776 3751 2849 3813 in

306 3857 483 3922 cuius
559 3849 860 3924 exordio
937 3882 1092 3924 cum
1173 3861 1552 3924 videantur
1625 3879 1871 3922 omnes
1947 3859 2218 3923 decreti
2298 3857 2846 3922 Wormatiensis

305 3965 640 4030 mentione
687 3967 880 4031 facta
930 3969 1121 4050 quod
1167 3967 1282 4030 hic
1330 3987 1462 4049 per
1524 3966 2048 4030 serenissimum
2104 3966 2398 4030 fratrem
2465 3975 2661 4028 tuum
2725 3965 2851 4029 Ce-

306 4091 514 4136 sarem
576 4082 649 4138 et
713 4074 911 4138 illum
975 4085 1405 4138 conventum
1472 4073 1609 4136 fuit
1682 4083 2058 4153 statutum,
2129 4073 2231 4135 illi
2303 4073 2593 4136 decreto
2664 4074 2851 4135 velle

307 4190 704 4244 reverenter
751 4191 823 4246 et
870 4182 1078 4245 sicuti
1129 4183 1337 4244 decet
1383 4200 1661 4264 parere,
1711 4200 1880 4243 mox
1928 4179 1998 4241 in
2046 4199 2434 4262 progressu
2474 4188 2854 4243 revocatur

309 4280 369 4346 in
413 4289 990 4368 controversiam,
1041 4301 1113 4352 et
1161 4308 1298 4370 que
1350 4287 1811 4369 disputabilia
1872 4299 2034 4350 sunt
2082 4309 2174 4353 ex
2226 4289 2429 4353 novis
2478 4287 2851 4351 damnatis·

311 4407 430 4470 que
472 4392 606 4458 iam
655 4383 1000 4458 doctrinis
1047 4396 1118 4458 in
1164 4393 1404 4458 futura
1453 4394 1644 4457 dieta
1677 4395 2159 4459 decernuntur
2205 4395 2541 4480 proponi;
2592 4397 2663 4458 in
2712 4416 2852 4478 quo

311 4516 434 4562 non
477 4501 704 4583 magis
756 4509 950 4565 certe
998 4501 1316 4565 illuditur
1363 4499 1594 4564 Sedes
1643 4499 2066 4583 Apostolica
2127 4525 2338 4585 quam
2397 4503 2550 4586 ipse
2614 4502 2853 4585 Cesar,

313 4613 374 4664 et
413 4616 484 4668 tu
529 4608 644 4689 qui
707 4609 848 4672 vim
915 4619 987 4672 et
1048 4608 1544 4672 auctoritatem
1607 4609 1802 4690 geris
1872 4608 2170 4674 CesariS.
2282 4609 2425 4675 Sed
2492 4631 2704 4693 quum
2764 4611 2851 4673 de

313 4709 408 4773 his
451 4715 534 4776 ad
582 4715 1069 4797 supradictum
1121 4718 1438 4798 legatum
1487 4735 1675 4778 nunc
1725 4715 2097 4780 scribimus
2146 4728 2221 4779 ut
2270 4737 2428 4781 cum
2460 4717 2853 4781 Nobilitate

317 4827 422 4879 tua
481 4822 996 4886 communicare
1066 4825 1368 4898 habeat;
1442 4832 1513 4886 tu
1585 4822 1688 4885 illi
1759 4823 1971 4887 fidem
2044 4813 2416 4906 prebebis,
2484 4834 2695 4906 teque
2762 4823 2851 4884 ad

317 4930 888 5003 perseverandum
959 4931 1032 4994 in
1099 4929 1350 5014 optimi
1411 4939 1482 4994 et
1562 4929 2002 4994 invictissimi
2065 4931 2409 5017 principis
2480 4929 2717 4995 officio
2779 4943 2855 4995 ut
