3575 5775
1712 539 2170 595 0-<3968m

658 689 838 753 ciliis
908 689 1399 771 generalibus»,
1471 688 1587 750 vel
1651 686 1863 750 etiam
1936 687 2486 769 particularibus
2554 685 2865 768 Synodis
2938 685 3222 749 fuerunt

656 798 1056 876 damnatae,
1116 795 1184 858 in
1233 793 1489 877 quibus
1537 803 1869 858 auctores
1918 815 2236 858 errorum
2284 815 2427 857 non
2476 795 2703 857 solum
2752 815 2892 856 non
2942 793 3223 858 fuerunt

658 903 901 982 auditi,
951 904 1078 966 sed
1129 902 1341 965 etiam
1391 921 1528 964 non
1579 899 2075 964 interfuerunt.
2174 899 2397 964 Sicuti
2446 901 2933 965 Ebionitarum
2982 904 3223 964 haere·

659 1011 774 1092 sis,
827 1010 1418 1090 Sabellianorum,
1455 1008 2029 1090 pelagianorum,
2062 1008 2564 1090 Montensium,
2616 1010 2706 1072 de
2756 1007 3008 1091 quibus
3047 1009 3224 1090 judi-

659 1118 903 1181 candis
953 1117 1460 1181 Constantinus
1509 1116 1907 1199 Imperator
1950 1117 2043 1178 ad
2095 1115 2515 1179 Pontificem
2565 1117 2970 1180 Romanum
3016 1116 3224 1194 misit,

659 1236 736 1288 ut
799 1225 1282 1307 supradictum
1350 1233 1477 1287 est.
1606 1223 1876 1287 Omitto
1960 1244 2144 1286 nunc
2220 1225 2407 1306 quod
2468 1223 2816 1286 Martinus
2888 1223 3124 1286 statim
3188 1243 3229 1284 a

659 1331 1012 1413 principio
1075 1351 1360 1393 suarum
1407 1329 1869 1412 ineptiarum,
1934 1352 1975 1393 a
2032 1329 2379 1393 Pontifice
2446 1330 2682 1393 fuerat
2748 1329 3056 1412 benigne
3108 1331 3224 1392 ad-

660 1439 962 1502 monitus
1013 1449 1088 1502 ut
1137 1437 1535 1519 desisteret,
1585 1438 1847 1500 deinde
1882 1437 2093 1500 etiam
2122 1438 2428 1499 Romam
2463 1438 2718 1500 citatus
2753 1439 2995 1500 oblato
3025 1438 3227 1500 salvo

660 1548 970 1610 adeundi
1033 1559 1104 1608 et
1165 1545 1512 1608 redeundi
1577 1547 1931 1607 conductu
1956 1593 1975 1625 ,
2040 1565 2225 1626 quae
2274 1546 2509 1609 omnia
2559 1566 2771 1626 quum
2834 1555 3229 1634 sperneret,

661 1673 950 1718 necesse
997 1653 1245 1716 habuit
1271 1651 1630 1734 Pontifex,
1681 1672 1823 1715 non
1857 1653 2009 1714 sine
2056 1659 2295 1715 tamen
2342 1661 2617 1715 matura
2648 1663 2722 1714 et
2750 1651 3228 1716 Cardinalium

661 1772 731 1823 et
781 1761 1298 1842 Episcoporum
1358 1771 1432 1822 et
1479 1761 1855 1822 multorum
1904 1760 2472 1823 doctissimorum
2520 1760 2833 1822 virorum
2883 1760 3225 1822 delibera-

659 1867 854 1931 tione
905 1876 975 1930 et
1023 1865 1532 1948 disputatione,
1601 1877 1673 1930 et
1736 1887 2017 1930 errores
2065 1867 2287 1949 ipsius
2338 1867 2811 1931 condemnare
2862 1877 2931 1930 et
2981 1877 3231 1929 contra

667 1974 970 2036 eundem
1019 1975 1108 2036 ad
1160 1973 1496 2037 ulteriora
1544 1975 1963 2055 procedere.

841 2081 942 2144 At
988 2081 1176 2144 dicet
1220 2080 1572 2144 Martinus
1621 2083 1838 2163 (quod
1888 2091 1959 2143 et
2009 2083 2153 2144 dux
2203 2081 2357 2163 ipse
2406 2082 2613 2144 nobis
2660 2102 2791 2163 per
2838 2102 3003 2144 suos
3049 2079 3226 2143 refe-

663 2190 964 2252 rendum
1013 2189 1354 2253 Coloniae
1403 2185 1630 2271 iussit)
1689 2209 1977 2252 causam
2024 2210 2220 2251 suam
2286 2191 2403 2251 vel
2462 2189 2679 2251 multo
2730 2203 2959 2251 antea·
2988 2187 3231 2267 fuisse,

661 2317 704 2358 a
754 2297 1029 2376 Legato
1079 2273 1401 2358 S.'Sixti
1457 2296 2093 2359 Reverendissimo
2148 2298 2234 2359 D.
2288 2295 2714 2358 Treverensi
2765 2295 3232 2375 commissam,

662 2424 804 2484 qua
831 2403 1149 2466 indecisa
1180 2405 1562 2485 pendente,
1591 2423 1731 2465 non
1760 2403 2125 2466 debuisset
2148 2403 2428 2465 interim
2445 2402 2781 2466 Pontifex
2806 2404 3233 2485 procedere:

841 2510 1151 2572 Primum
1215 2510 1793 2590 respondendum
1856 2519 1963 2573 est
2015 2509 2235 2572 fuisse
2284 2512 2467 2573 hanc
2519 2531 2805 2573 causam
2855 2531 2995 2574 non
3044 2530 3230 2573 com·

663 2617 946 2682 missam
1015 2618 1142 2680 sed
1217 2616 1522 2680 fortasse
1586 2618 2152 2681 commendatam
2232 2639 2275 2680 a
2334 2618 2647 2699 Legato,
2726 2617 2863 2701 ipsi
2922 2617 3231 2680 Domino

663 2727 721 2788 T
727 2725 1117 2806 reverensi,
1183 2733 1260 2786 ut
1321 2724 1503 2806 ipse,
1569 2734 1819 2807 utpote
1866 2725 1977 2788 vir
2025 2726 2372 2806 erudituS,
2434 2746 2882 2807 magnaeque
2931 2724 3229 2788 auctori·

663 2832 828 2897 tatis
876 2841 949 2897 et
993 2831 1464 2897 illustrissimo
1497 2833 1682 2897 Duci
1730 2832 1997 2897 amicus
2044 2843 2372 2914 tentaret,
2425 2854 2564 2916 quo
2612 2843 2826 2917 pacto
2874 2831 3034 2896 finis
3066 2832 3232 2895 huic

662 2941 1067 3024 pernicioso
1116 2940 1420 3022 negocio
1471 2942 1760 3005 tandem
1809 2942 2313 3023 imponeretur.

841 3048 1121 3111 Deinde
1183 3048 1242 3111 si
1303 3050 1675 3112 commissa
1739 3059 1961 3130 esset,
2030 3058 2397 3131 oporteret
2452 3048 2733 3130 scriptis
2782 3052 3092 3130 probare
3143 3050 3232 3111 de

661 3154 1001 3219 facultate
1049 3156 1308 3237 Legati
1356 3165 1427 3218 et
1473 3157 1948 3238 subdelegati.
2010 3150 2015 3154 ’

843 3264 1216 3326 Postremo
1284 3265 1570 3345 quando
1632 3266 1939 3327 maxime
2002 3264 2373 3327 commissa
2436 3277 2660 3345 esset,
2723 3264 3059 3329 Pontifex
3112 3265 3232 3348 qui

665 3379 818 3433 erat
866 3390 1234 3452 supremus
1283 3372 1751 3453 committens,
1801 3371 2031 3453 potuit
2082 3382 2152 3434 et
2198 3371 2449 3435 merito
2500 3373 2745 3434 debuit
2786 3375 2878 3435 ad
2910 3394 2988 3435 se
3019 3376 3231 3435 talem

666 3478 1229 3543 commissionem
1293 3499 1718 3561 causamque
1783 3487 2003 3541 totam
2069 3480 2461 3561 advocare,
2535 3480 2955 3560 praesertim
3021 3498 3235 3560 quum

667 3585 1016 3649 Martinus
1075 3587 1148 3648 in
1206 3586 1358 3649 dies
1407 3586 1636 3667 magis
1685 3596 2025 3667 pergeret
2073 3585 2416 3665 insanire,
2486 3595 2557 3647 et
2604 3594 2745 3648 tarn
2796 3606 2975 3649 voce
3025 3606 3233 3667 quam

666 3692 950 3775 scriptis
997 3714 1282 3775 semper
1329 3694 1619 3776 aliquod
1668 3712 2021 3757 venenum
2070 3693 2141 3755 in
2185 3695 2529 3776 populum
2561 3692 2990 3756 diffundere:
3042 3694 3231 3755 unde

667 3799 1006 3863 Pontifex
1072 3800 1322 3865 merito
1392 3804 1788 3884 cogebatur
1862 3801 2240 3882 negocium
2311 3811 2700 3881 maturare,
2784 3822 2873 3863 ne
2936 3799 3235 3864 materia

662 3907 830 3971 fidei
881 3928 1342 3990 processuum
1372 3909 1760 3972 involucris
1811 3908 2069 3970 diutius
2116 3908 2637 3990 precrastinata
2684 3928 3019 3989 magnum
3064 3907 3233 3971 fide·

667 4016 850 4079 libus
896 4016 1398 4079 detrimentum
1445 4015 1755 4079 afferret.

847 4122 1024 4191 Nam
1074 4126 1266 4205 quod
1296 4123 1647 4187 Martinus
1693 4125 2249 4207 protestabatur,
2300 4144 2376 4187 se
2425 4126 2611 4188 velle
2659 4122 2887 4186 audiri
2935 4133 3008 4186 et
3056 4134 3134 4185 ut
3160 4123 3233 4185 id

661 4229 732 4291 in
782 4230 1022 4293 diaeta
1066 4229 1272 4295 fieret
1319 4232 1622 4294 maxime
1669 4233 2135 4313 procurabat,
2202 4252 2288 4294 eo
2340 4233 2685 4295 tendebat
2731 4243 2809 4294 ut
2858 4229 3232 4294 auctorita-

667 4346 810 4399 tem
839 4338 1208 4403 Pontificis
1240 4338 1502 4401 iudicio
1537 4339 1879 4402 laicorum
1913 4338 2321 4413 subiiceret;
2374 4339 2633 4401 deinde
2682 4339 2847 4420 quia
2896 4342 3235 4420 sperabat

666 4446 966 4507 tumultu
1016 4456 1088 4507 et
1135 4446 1397 4509 affectu
1449 4466 1711 4527 eorum,
1763 4445 1883 4529 qui
1934 4456 2097 4510 sunt
2145 4447 2216 4509 in
2265 4447 2673 4509 Romanam
2723 4444 3003 4509 Curiam
3052 4448 3233 4509 male

667 4550 976 4633 animati,
1027 4572 1314 4616 causam
1361 4575 1558 4618 suam
1607 4555 2238 4637 comprobandam,
2289 4565 2359 4617 et
2393 4554 2847 4618 Germaniam
2894 4561 3115 4615 totam
3162 4552 3232 4615 in

670 4679 866 4722 suam
916 4661 1341 4723 sententiam
1390 4683 1467 4725 se
1516 4662 1730 4725 facile
1778 4670 2188 4725 tracturum.

846 4766 1158 4831 Suberat
1205 4767 1416 4831 etiam
1463 4772 1820 4851 quaedam
1865 4771 2097 4833 latens
2145 4769 2425 4849 astutia,
2475 4790 2636 4832 nam
2683 4789 2894 4851 quum
2926 4764 3233 4849 suspica·

666 4882 881 4957 retur,
931 4875 1070 4938 imo
1119 4876 1330 4939 etiam
1363 4876 1502 4939 iam
1537 4880 1628 4939 ab
1677 4876 2029 4959 aliquibus
2076 4876 2533 4960 intelligeret,
2584 4876 2878 4939 nuncios
2928 4876 3230 4959 Aposto-
