3575 5775
1372 574 1829 631 0·<{3158>-0

325 723 572 805 quibus
621 744 997 805 possumus
1050 732 1170 785 aut
1222 725 1582 803 debemus,
1647 742 2003 803 nunquam
2054 722 2272 785 fuisse
2324 744 2479 787 esse
2547 734 2667 786 aut
2730 724 2885 787 fore

321 833 408 892 de
441 840 678 893 mente
730 840 800 893 et
847 830 1240 893 intentione
1291 840 1536 891 nostra
1563 832 1678 891 vel
1715 830 2008 911 alicujus
2043 830 2265 892 nostri
2310 834 2425 893 vel
2462 832 2883 900 consentire.

323 938 736 1017 defendere,
784 938 1108 1019 recipere
1159 948 1282 999 aut
1308 958 1734 1019 promovere
1783 956 2265 1018 quoscumque
2316 958 2596 1001 errores
2643 942 2877 1002 haere-

320 1066 430 1107 ses
479 1056 600 1109 aut
651 1066 995 1127 perversa
1027 1046 1370 1123 dogmata
1404 1065 1542 1125 que
1571 1056 1821 1107 contra
1852 1043 2061 1107 fidem
2091 1047 2531 1125 catholicam,
2568 1062 2883 1110 sanctam

319 1152 620 1215 Matrem
673 1152 1064 1215 Ecclesiam
1137 1165 1212 1214 ut
1281 1153 1591 1233 ejusdem
1655 1150 1822 1214 fidei
1871 1152 2205 1215 articulos
2254 1162 2376 1215 aut
2434 1155 2885 1235 evangelium

317 1260 722 1338 militarent,
772 1261 900 1321 sed
947 1278 1230 1339 semper
1277 1269 1526 1321 contra
1573 1260 1975 1324 haereticos
2026 1278 2409 1340 perversos
2440 1262 2773 1324 doctores
2816 1271 2887 1323 et

317 1378 640 1428 errantes
691 1366 978 1428 summis
1027 1367 1297 1428 viribus
1348 1369 1678 1429 laborare
1727 1365 1938 1427 fidem
1972 1366 2443 1429 Christianam
2496 1368 2885 1430 defendere

313 1495 536 1555 usque
587 1476 680 1536 ad
731 1473 1096 1553 sanguinis
1145 1474 1202 1535 si
1255 1474 1648 1555 oportuerit
1692 1472 2169 1537 effussionem.
2239 1475 2611 1556 Rogamus
2645 1476 2884 1557 itaque

315 1581 462 1643 Nos
496 1582 776 1643 Rector
814 1581 1084 1643 Decani
1133 1594 1634 1663 procuratores
1684 1581 2069 1643 consiliarii
2120 1592 2191 1643 et
2239 1602 2639 1645 assessores
2691 1596 2881 1645 anto-

314 1689 484 1751 dicti
540 1700 612 1750 et
663 1688 1064 1751 nominibus
1095 1690 1352 1769 quibus
1385 1708 1620 1769 supra,
1657 1707 1785 1769 per
1818 1708 1947 1750 vos
1982 1689 2329 1751 notarium
2373 1691 2733 1771 publicum
2782 1712 2885 1752 su-

309 1817 441 1877 per
489 1798 628 1858 hac
679 1804 922 1858 nostra
970 1794 1488 1876 protestatione
1556 1794 1807 1857 confici
1870 1795 1939 1857 in
1989 1795 2267 1877 signum
2320 1816 2531 1859 verae
2595 1808 2665 1859 et
2712 1798 2881 1859 inte·

312 1925 488 1985 grae
537 1902 708 1966 fidei
747 1911 1054 1983 nostrae,
1091 1924 1306 1965 unum
1338 1904 1454 1965 vel
1493 1905 1698 1984 plura
1725 1914 1897 1985 quot
1948 1914 2119 1985 quot
2166 1901 2430 1965 fuerint
2459 1905 2886 1983 necessaria,

313 2010 788 2073 instrumenta
843 2010 1151 2091 publica:
1267 2010 1486 2072 Lecta
1549 2010 1788 2091 itaque
1860 2030 1990 2091 per
2054 2012 2433 2075 Dominum
2498 2013 2885 2077 Doctorem

315 2119 690 2181 Andream
740 2118 1066 2199 prefatae
1099 2116 1638 2199 protestationis
1670 2117 1903 2199 papiri
1954 2120 2240 2197 scheda,
2288 2120 2708 2201 magnificus
2748 2123 2885 2185 Do-

312 2226 545 2287 minus
609 2226 922 2303 Rector,
1003 2225 1272 2287 Decani
1338 2234 1842 2306 procuratores
1907 2224 2287 2287 consiliarii
2356 2236 2426 2287 et
2488 2248 2887 2290 assessores

311 2332 662 2395 antedicti
713 2332 848 2395 sibi
898 2353 940 2393 a
990 2352 1098 2394 me
1133 2334 1412 2394 notario
1461 2330 1915 2413 infrascripto
1970 2353 2179 2393 unum
2230 2336 2343 2395 vel
2379 2336 2585 2415 plura
2633 2335 2882 2397 instru-

313 2450 632 2503 mentum
660 2460 786 2501 seu
811 2440 1277 2501 instrumenta
1303 2440 1456 2501 fieri
1485 2442 1841 2522 petierunt
1868 2476 1937 2484 —
1966 2440 2151 2501 Acta
2176 2452 2338 2501 sunt
2364 2442 2541 2503 haec
2563 2442 2886 2504 Viennae

311 2549 533 2609 Anno
583 2546 992 2626 indictione,
1045 2546 1180 2626 die,
1216 2566 1479 2626 mense,
1530 2546 2005 2629 pontificatus,
2058 2556 2129 2608 et
2178 2549 2335 2608 loco
2386 2548 2639 2629 quibus
2673 2570 2888 2631 super

313 2654 776 2734 presentibus
835 2653 1100 2715 ibidem
1159 2653 1700 2716 honorabilibus
1772 2666 1844 2715 et
1906 2654 2225 2734 providis
2288 2654 2457 2716 viris
2522 2655 2887 2717 Uldalrico

315 2760 1204 2842 Berhucho-VVolffgango
1277 2762 1538 2839 Henle,
1618 2761 1811 2823 Luca
1892 2763 2189 2823 Alantsc
2280 2772 2351 2823 et
2414 2760 2885 2857 VVolffgango

313 2869 651 2950 Mongolt
701 2868 974 2930 civibus
1019 2868 1540 2931 Viennensibus
1586 2869 1885 2932 testibus
1934 2870 2023 2932 ad
2074 2869 2419 2950 premissa
2486 2871 2759 2932 vocatis
2817 2882 2887 2932 et

311 2976 612 3058 rogatis

501 3190 592 3253 Et
641 3210 780 3274 ego
827 3190 1144 3270 Joannes
1193 3190 1590 3254 Favorinus
1640 3192 1816 3256 alias
1864 3191 2043 3273 gniti
2092 3191 2363 3256 shoffec
2414 3192 2711 3256 clericus
2768 3215 2885 3276 pa-

311 3297 663 3360 taviensis
727 3299 1030 3360 diocesis
1106 3319 1310 3361 sacra
1388 3299 1734 3381 imperiali
1810 3300 2237 3363 authoritate
2302 3301 2647 3374 notarius;
2725 3303 2888 3383 quia

312 3409 557 3470 dictae
592 3407 900 3468 schedae
932 3406 1218 3469 lectioni
1267 3407 1763 3488 protestationi
1817 3407 2281 3488 omnibusque
2330 3407 2485 3471 aliis
2533 3419 2604 3471 et
2653 3409 2885 3490 singu-

313 3515 420 3596 lis,
475 3515 646 3575 dum
695 3513 797 3576 sic
846 3523 920 3576 ut
958 3513 1389 3595 premittitur
1434 3513 1688 3576 fierent
1737 3525 1811 3576 et
1856 3526 2263 3596 agerentur,
2312 3535 2453 3577 una
2498 3533 2655 3578 cum
2689 3536 2887 3596 prae-

311 3617 704 3684 nominatis
749 3620 1054 3682 testibus
1101 3620 1419 3684 interfui:
1471 3641 1699 3702 eaque
1751 3621 1851 3684 sic
1900 3619 2051 3683 fieri
2102 3621 2245 3684 vidi
2294 3630 2366 3684 et
2398 3621 2636 3684 audivi
2686 3643 2769 3686 ac
2818 3623 2884 3684 in

313 3737 566 3790 notam
615 3728 918 3810 sumpsi:
983 3729 1148 3790 ideo
1194 3731 1330 3790 hoc
1379 3749 1722 3811 praesens
1771 3729 2132 3811 publicum
2190 3730 2727 3810 protestationis
2788 3731 2884 3792 in-

311 3845 788 3897 strumentum
887 3855 1096 3898 manu
1193 3855 1348 3899 mea
1437 3836 1730 3918 propria
1796 3835 2101 3898 fideliter
2164 3836 2502 3917 scriptum
2570 3857 2659 3899 ex
2724 3837 2888 3900 inde

313 3941 637 4022 confeci,
701 3943 1090 4024 subscripsi
1151 3952 1224 4006 et
1283 3943 1645 4025 publicavi
1711 3954 1782 4006 et
1830 3943 1901 4006 in
1950 3944 2133 4005 hanc
2184 3943 2481 4006 formam
2532 3943 2889 4025 publicam

312 4050 612 4130 redegi,
676 4047 1027 4131 signoque
1077 4059 1150 4113 et
1197 4051 1479 4113 nomine
1530 4052 1704 4113 meis
1753 4051 1977 4113 solitis
2040 4061 2111 4112 et
2159 4051 2514 4112 consuetis
2584 4050 2887 4130 signavi,

317 4156 384 4218 in
439 4156 660 4218 fidem
711 4161 931 4218 robur
979 4171 1050 4219 et
1097 4158 1572 4220 testimonium
1625 4157 1933 4220 omnium
1994 4168 2064 4219 et
2112 4158 2549 4239 singulorum
2602 4159 2885 4239 premis·

314 4285 560 4326 sorum
609 4273 904 4345 rogatus
952 4276 1024 4326 et
1071 4265 1471 4345 requisitus
