3575 5775
1704 573 1821 628 ΗΒ
1903 573 2004 628 192
2083 573 2198 626 {iz-0

671 727 742 780 et
789 720 981 800 apud
1017 740 1261 781 omnes
1297 719 1706 802 auctoritas)
1755 731 1955 782 tanto
1990 723 2173 783 malo
2206 729 2610 802 opportuna
2638 722 2973 802 remedia,
3018 732 3239 804 prout

667 826 840 888 facti
886 826 1224 888 atrocitas
1271 826 1522 912 exigit,
1567 848 1778 908 quam
1823 828 2191 890 celerrime
2240 828 2640 890 adhibitum
2688 828 2791 890 iri.
2866 827 3009 890 Sed
3061 850 3239 910 quo-

671 933 858 995 niam
906 943 1049 996 tam
1099 935 1316 997 multa
1363 935 1554 998 circa
1599 936 1734 998 hoc
1785 945 2181 1015 occurrunt,
2233 956 2371 1018 que
2420 938 2854 1018 exemplaris
2901 939 3245 1020 angustia

670 1061 928 1122 capere
979 1061 1118 1102 non
1163 1052 1447 1122 posset,
1498 1045 1591 1106 ob
1659 1043 1734 1106 id
1802 1044 2259 1106 Laurentium
2321 1045 2747 1107 Tarcereum
2808 1045 3241 1108 servitorem

669 1158 984 1210 nostrum
1033 1147 1124 1210 ad
1173 1147 1595 1212 Caesaream
1643 1150 2096 1213 Maiestatem
2158 1159 2229 1213 et
2291 1151 2385 1212 ad
2438 1171 2571 1214 vos
2636 1151 2993 1215 mittimus
3102 1151 3241 1215 Cui

668 1275 883 1334 super
931 1257 1062 1316 hac
1112 1275 1189 1316 re
1239 1255 1590 1336 integram
1636 1256 1847 1320 fidem
1900 1259 2163 1320 habeat
2210 1258 2305 1320 R.
2356 1258 2442 1320 D.
2495 1257 2581 1321 V.
2632 1257 2832 1338 Quae
2901 1259 3022 1321 diu
3071 1259 3235 1323 feli-

668 1361 845 1423 citer
906 1362 1162 1424 valeat.
1267 1365 1527 1426 Datum
1595 1364 2003 1445 Olisipone‚
2068 1365 2180 1428 XI
2244 1366 2411 1427 Kal.
2479 1364 2651 1427 Maii
2716 1386 2904 1429 anno
2970 1367 3244 1430 natalis

667 1468 998 1532 dominici
1048 1469 1412 1534 MDXXI.

2636 1579 2701 1642 R!
2736 1579 2873 1654 Bey.

1895 1976 1997 2040 73.

752 2090 1108 2170 meander
1165 2091 1690 2194 archiepiscopo
1748 2092 2169 2172 Treverensi
2223 2091 2527 2172 Ricardo
2584 2089 2783 2172 Sacri
2838 2090 3159 2171 Romani

1605 2225 1904 2342 Imperii
1956 2225 2282 2306 Electori.

1485 2374 1687 2442 (Aeta
1730 2373 2051 2432 Vox-mao-
2106 2371 2218 2432 fol.
2254 2372 2389 2446 126.)

1625 2493 1800 2561 (24.(?)
1842 2494 2045 2558 Aprilis
2089 2496 2257 2556 1521.)

841 2627 1475 2690 Reverendissime
1535 2638 1602 2689 et
1653 2625 2130 2689 Illustrissime
2180 2627 2577 2708 Domine,¹)
2627 2627 2823 2690 Deus
2870 2626 3086 2707 faxit,
3165 2637 3251 2690 ut

661 2731 796 2797 hoc
848 2735 1246 2815 negocium,
1297 2757 1340 2797 a
1386 2734 2024 2798 Reverendissima
2054 2733 2556 2797 Dominatione
2592 2734 2854 2796 Vestra
2902 2735 2992 2795 ad
3043 2743 3247 2798 tran-

665 2843 1084 2925 quillitatem
1152 2841 1598 2905 Christianae
1659 2841 2141 2924 Reipublicae
2208 2851 2632 2924 peragatur,
2704 2841 2833 2903 sed
2899 2841 3251 2905 advertat

663 2971 1108 3033 nequaquam
1171 2949 1242 3013 id
1307 2949 1459 3013 fieri
1509 2970 1756 3033 posse,
1831 2950 1965 3013 nisi
2010 2948 2417 3032 pontificiae
2466 2949 2866 3012 autoritatis
2912 2950 3099 3012 ratio
3166 2950 3249 3012 in

664 3058 906 3141 primis
955 3059 1336 3127 habeaturz
1402 3056 1747 3139 quidquid
1798 3077 2002 3119 secus
2048 3054 2147 3135 fit,
2196 3056 2619 3137 praesertim
2666 3056 2737 3117 in
2784 3054 3091 3137 negocio
3144 3058 3249 3119 ad

664 3165 1126 3247 Religionem
1176 3163 1645 3227 Christianam
1694 3163 2135 3245 pertinente,
2184 3172 2425 3244 preter
2472 3162 2617 3241 faS,
2664 3171 3051 3244 preterque
3101 3160 3247 3241 iu5‚

664 3280 736 3335 et
782 3272 852 3333 in
896 3292 1229 3353 magnum
1261 3271 1783 3335 incommodum
1825 3270 2133 3333 universi
2165 3270 2359 3332 orbis
2406 3268 2561 3333 fieri
2593 3268 3247 3351 compertissimum

665 3390 793 3441 est.
893 3379 1046 3441 Hoc
1111 3379 1344 3441 scribo
1393 3398 1535 3441 non
1601 3379 1765 3459 quia
1814 3398 1953 3441 non
2006 3398 2285 3459 sperem
2334 3375 3039 3439 Reverendissimam
3092 3376 3245 3438 Do-

664 3485 1120 3549 minationem
1168 3486 1500 3548 Vestram
1547 3485 1736 3548 omni
1783 3485 1955 3565 fide,
2005 3484 2260 3565 studi0,
2311 3483 2683 3565 diligentia
2732 3491 2864 3545 ete.
2912 3483 3045 3545 hec
3096 3492 3245 3545 tra·

665 3602 1045 3672 ctaturam,
1119 3593 1244 3655 sed
1311 3592 1476 3674 quia
1535 3592 1704 3654 mihi
1751 3592 2265 3654 insusurratum
2325 3600 2465 3670 est,
2538 3590 2777 3652 nescio
2842 3610 3021 3670 quos
3070 3611 3245 3653 con-

665 3710 914 3782 ceptus
961 3698 1209 3781 initos,
1282 3699 1400 3781 qui·
1449 3720 1590 3762 non
1640 3718 2151 3780 usquequaque
2199 3697 2367 3760 mihi
2416 3700 2845 3779 probantur,
2894 3696 2953 3759 si
3001 3697 3103 3759 sic
3160 3720 3246 3761 se

663 3811 1009 3881 habeant;
1075 3807 1201 3870 sed
1251 3810 1352 3889 (ut
1399 3806 1576 3887 dixi)
1645 3827 1782 3868 non
1834 3826 2122 3888 possum
2171 3806 2261 3868 de
2310 3804 2945 3867 Reverendissima
2990 3804 3245 3867 Domi-

663 3916 953 3981 natione
1001 3924 1244 3978 vestra
1292 3933 1434 3976 non
1481 3912 1615 3976 nisi
1665 3913 1935 3995 optima
1982 3912 2150 3976 mihi
2197 3911 2549 3993 polliceri,
2611 3932 2795 3992 quae
2842 3906 3067 3973 foelix
3116 3932 3245 3975 va-

663 4027 827 4103 leat,
879 4032 947 4085 et
995 4022 1164 4084 mihi
1210 4022 1304 4084 ad
1349 4023 1525 4084 haec
1575 4021 2013 4101 respondere
2061 4020 2415 4102 dignetur.

843 4128 1520 4193 Reverendissimae
1571 4137 1641 4189 et
1688 4127 2211 4190 Illustrissimae
2259 4125 2745 4190 Dominationi
2792 4134 3077 4189 vestrae

2500 4260 2875 4310 Deditissimus

2154 4358 2527 4431 lieronymus
2562 4356 2859 4429 Aluntur,
2896 4360 3163 4409 Nuncius.

731 4566 772 4630 θ)
811 4561 1004 4623 Agitur
1054 4560 1120 4607 de
1170 4561 1385 4623 privatis
1424 4559 1708 4622 colloquiis
1764 4574 1796 4607 a
1835 4558 2147 4607 Treverensi
2198 4556 2457 4605 habendis
2497 4572 2613 4603 cum
2654 4555 2918 4614 Luthero,
2975 4570 3069 4619 spe
3120 4571 3241 4605 non

807 4642 1092 4693 admodum
1131 4640 1393 4707 prudenti,
1429 4640 1600 4707 ipsum
1641 4638 1925 4687 reducendi
1966 4639 2032 4687 ad
2072 4638 2341 4686 meliorem
2382 4637 2599 4699 frugem.

1747 4818 1760 4827 r
1794 4820 1856 4835 ᾳνν
1864 4818 1984 4831 »ct-twa
1990 4818 2082 4831 ,ιη’-Ν
2087 4818 2108 4829 „ae
2114 4820 2132 4831 e
