3575 5775
1348 581 1465 634 0-{3
1542 583 1648 636 223
1728 579 1843 632 ἕν’

315 729 500 809 apud
550 727 874 790 homines
924 727 1342 808 gloriosum:
1417 726 1622 788 nobis
1701 747 1875 788 vero
1936 725 2036 788 ita
2083 733 2365 806 gratum
2418 735 2491 787 ut
2539 735 2879 806 quantum

317 835 678 898 devotioni
727 846 892 897 tuae
957 856 1090 916 pro
1141 857 1225 897 eo
1291 836 1679 896 debeamus
1738 835 1899 895 loco
1966 843 2037 895 et
2098 843 2421 913 tempore
2485 833 2699 894 simus
2765 832 2879 893 de-

317 943 669 1022 claraturi,
719 942 898 1004 sicut
947 943 1156 1004 latius
1204 952 1438 1004 tecum
1487 941 1710 1002 nuntii
1761 941 1983 1002 nostri
2032 950 2275 1002 nostro
2311 939 2591 1001 nomine
2639 948 2879 1018 agent,

316 1050 568 1132 quibus
641 1049 856 1112 fidem
926 1048 1248 1112 habebis.
1345 1049 1606 1110 Datum
1653 1047 2012 1111 Malianae
2086 1047 2202 1109 die
2274 1045 2397 1110 IV.
2463 1045 2637 1108 Maii
2716 1066 2872 1125 1521

317 1179 496 1220 anno
549 1177 758 1220 nono.

1551 1623 1656 1686 88.

1173 1739 1342 1818 Leo
1423 1740 1506 1819 X.
1588 1739 1773 1818 Tud
1800 1738 2023 1818 ensi.

1227 1885 1508 1951 (Nunoiat.
1548 1886 1726 1945 Germ.
1783 1886 1845 1943 1..
1883 1886 1985 1944 62.)

1118 2003 1270 2070 (Cum
1329 2007 1517 2054 litteris
1583 2019 1660 2070 14.
1714 2007 1844 2054 Maii
1908 2015 2081 2068 1521.)

495 2135 793 2194 Praeter
855 2152 1112 2193 nomen
1161 2130 1439 2192 virtutis
1489 2143 1560 2192 et
1607 2132 2001 2192 litterarum
2050 2152 2189 2212 quo
2240 2131 2666 2193 fraternitati
2715 2142 2876 2194 tuae

323 2239 451 2302 iam
502 2239 780 2321 pridem
831 2259 1108 2302 eramus
1157 2238 1416 2316 affecti,
1468 2259 1624 2300 cum
1673 2239 2235 2319 intelligeremus
2282 2249 2353 2300 te
2386 2237 2681 2320 egregia
2712 2259 2877 2319 qua-

322 2349 480 2408 dam
529 2345 797 2428 ingenii
848 2356 917 2408 et
968 2346 1444 2407 doctrinarum
1497 2346 1706 2406 laude
1757 2344 2049 2422 florere,
2098 2346 2374 2408 accedit
2422 2347 2691 2428 duplex
2738 2346 2875 2408 iam

323 2452 628 2514 officium
693 2463 766 2513 ut
815 2453 905 2515 de
954 2463 1073 2514 tua
1121 2452 1190 2512 in
1241 2473 1580 2514 summum
1632 2453 1859 2514 Deum
1914 2453 2202 2534 pietate,
2252 2452 2319 2514 in
2372 2473 2502 2514 nos
2549 2454 2875 2533 hancque

323 2555 654 2621 Sanctam
703 2559 964 2621 Sedem
1015 2559 1543 2620 observantiam
1593 2559 1909 2621 iudicare
1958 2560 2232 2640 liquido
2280 2558 2666 2641 possimus;
2718 2581 2878 2621 nam

321 2664 386 2726 in
456 2667 590 2728 hac
637 2667 804 2728 labe
867 2665 1210 2746 pestifera
1261 2687 1442 2746 quae
1493 2687 1621 2748 per
1667 2665 2101 2748 impietatem
2153 2676 2224 2728 et
2272 2669 2503 2728 scelus
2550 2667 2877 2728 lutheria-

324 2794 480 2835 num
527 2772 598 2836 in
649 2773 897 2855 gregis
969 2773 1174 2835 nobis
1224 2773 1473 2836 crediti
1523 2774 1910 2854 perniciem
1989 2774 2199 2836 latius
2270 2776 2645 2852 manabat,
2716 2794 2874 2835 cum

325 2880 553 2943 talium
605 2881 919 2943 virorum
968 2879 1194 2961 qualis
1245 2902 1322 2943 es
1373 2892 1445 2942 tu
1493 2881 1853 2961 praesidio
1902 2881 1969 2943 in
2005 2879 2250 2963 primis
2284 2881 2685 2943 Christiana
2714 2900 2874 2962 ege-

325 2998 426 3049 ret
471 2987 910 3069 respublica,
971 2987 1343 3068 suscepisti
1408 2999 1482 3049 tu
1551 3010 1799 3051 munus
1848 3010 1989 3051 non
2040 2990 2263 3051 solum
2312 2988 2575 3069 agendi
2625 3000 2695 3050 et
2742 3009 2875 3069 pro

327 3094 666 3157 catholica
713 3094 852 3155 fide
903 3095 1316 3175 laborandi,
1386 3098 1576 3176 quod
1639 3096 1766 3157 tibi
1818 3095 1949 3157 fuit
1997 3116 2365 3157 commune
2415 3116 2569 3157 cum
2622 3096 2875 3175 multiS,

327 3202 444 3262 sed
507 3202 716 3263 etiam
783 3212 1031 3263 contra
1093 3202 1346 3282 impios
1413 3202 1869 3265 defendenda
1934 3213 2175 3265 vetere
2224 3202 2588 3284 religionis
2638 3206 2873 3265 obser-

326 3308 554 3369 vantia
605 3308 996 3386 scribendi,
1057 3309 1126 3370 in
1194 3329 1333 3389 quo
1382 3310 1841 3390 praecipuam
1891 3320 2085 3371 certe
2132 3309 2410 3371 laudem
2462 3319 2531 3371 et
2579 3330 2621 3372 a
2671 3309 2877 3371 nobis

327 3412 485 3493 ipsis
529 3425 599 3477 et
634 3415 946 3478 omnium
997 3415 1429 3478 eruditorum
1479 3416 1739 3479 iudicio
1791 3438 1867 3479 es
1914 3426 2358 3497 consecutus,
2408 3438 2491 3478 ac
2540 3438 2669 3478 nos
2718 3436 2874 3479 cum

327 3519 504 3583 illam
576 3524 864 3603 quidem
935 3525 1378 3603 praeclaram
1449 3523 1844 3585 orationem
1919 3533 2108 3586 tuam
2185 3523 2489 3586 libenter
2552 3523 2875 3605 legimUS,

328 3636 462 3691 tum
508 3631 684 3692 haec
739 3629 1121 3691 novissima
1185 3630 1566 3692 laetissime
1630 3630 2031 3711 accepimus
2098 3640 2169 3693 te
2233 3641 2308 3693 ut
2356 3631 2644 3693 Martini
2713 3632 2873 3693 hae·

329 3735 514 3797 retici
559 3736 878 3817 pravitas
929 3746 1000 3797 et
1045 3735 1350 3817 perfidia
1397 3737 1612 3799 totius
1669 3737 1971 3799 concilio
2021 3738 2447 3800 Germaniae
2514 3739 2873 3800 damnare-

329 3848 452 3919 tur,
501 3842 700 3923 isque
745 3864 876 3924 pro
929 3842 1292 3905 haeretico
1341 3854 1812 3923 reputaretur,
1864 3844 2051 3905 omni
2101 3855 2221 3907 tua
2268 3866 2509 3928 opera,
2560 3844 2876 3923 consilio,

329 3949 580 4029 gratia,
629 3950 1054 4013 auctoritate
1122 3950 1610 4029 contendisse,
1673 3972 1805 4032 pro
1855 3972 1995 4032 quo
2046 3952 2488 4015 sanctissimo
2538 3972 2756 4032 opere
2806 3960 2877 4013 et

329 4055 560 4119 labore
624 4066 746 4119 tuo
797 4058 1073 4137 agimus
1141 4057 1570 4120 fraternitati
1642 4069 1807 4120 tuae
1875 4079 2171 4141 magnas
2228 4059 2515 4140 gratias,
2612 4058 2875 4120 Fecisti

332 4162 504 4224 enim
552 4166 740 4245 quod
789 4173 861 4226 te
913 4164 1241 4245 dignum,
1293 4168 1482 4246 quod
1533 4164 1773 4228 virtuti
1839 4176 2003 4229 tuae
2054 4178 2125 4229 et
2173 4166 2287 4228 isti
2336 4186 2546 4246 quam
2594 4165 2875 4228 obtines

333 4268 644 4349 dignitati
693 4282 1286 4351 consentaneum,
1359 4275 1484 4334 sed
1561 4273 1748 4335 idem
1812 4274 1969 4336 Deo
2036 4273 2603 4355 acceptissimum
2670 4272 2876 4335 nobis

334 4375 824 4459 gratissimum,
883 4379 1000 4459 qui
1068 4382 1202 4441 hoc
1254 4400 1610 4460 nunquam
1677 4400 1770 4442 ex
1836 4380 2070 4442 animo
2131 4390 2201 4442 et
2251 4379 2585 4442 memoria
2632 4388 2877 4442 nostra

335 4482 636 4546 amissuri
705 4505 965 4547 sumus,
1059 4486 1310 4566 Itaque
1388 4498 1458 4549 et
1529 4495 1772 4548 nostra
1846 4487 1977 4548 tibi
2026 4497 2357 4567 prompta
2426 4488 2756 4549 voluntas
2806 4498 2877 4549 et

337 4588 717 4670 benignitas
767 4592 836 4653 in
899 4592 1087 4655 omni
1146 4593 1518 4656 occasione
1567 4593 1807 4655 futura
1856 4604 1963 4655 est
2013 4602 2284 4675 parata.
2382 4593 2619 4674 Nunc,
2681 4596 2871 4675 quod

339 4708 656 4777 superest,
703 4720 921 4780 quum
955 4709 1031 4761 ut
1078 4712 1499 4763 exarescant
1537 4700 1669 4762 rivi
1720 4721 1965 4763 omnes
2000 4720 2319 4763 errorum
2352 4700 2515 4764 fons
2562 4702 2717 4782 ipse
2752 4701 2869 4763 im-

339 4800 602 4879 pietatis
655 4805 940 4887 penitus
989 4806 1430 4869 excidendus
1493 4817 1634 4887 est,
1706 4809 2071 4869 hortamur
2119 4806 2635 4871 fraternitatem
2683 4818 2871 4871 tuam

341 4904 403 4967 in
455 4908 742 4976 Domino
814 4923 890 4976 ut
962 4932 1171 4995 quam
1241 4914 1566 4976 adhibuit
1633 4914 1964 4976 virtutem
2038 4936 2080 4976 a
2151 4915 2500 5000 principio
2572 4917 2872 4979 eandem
