3575 5775
1418 548 1719 624 6-433353
1797 556 1913 621 ems

379 710 528 793 liri,
594 733 738 777 non
787 711 984 795 prius
1029 712 1308 795 pacatis
1372 712 1459 777 iis
1526 712 1878 795 dissidiis,
1955 733 2138 795 quae
2210 706 2663 777 Germaniam
2737 717 2951 793 tuam,

383 840 589 901 quam
636 821 855 903 longa
903 822 1191 903 lataque
1238 830 1368 903 est,
1417 823 1510 884 ob
1543 822 1726 884 hanc
1767 819 2439 903 perniciosissimam
2472 820 2947 883 Lutheranam

385 936 650 991 sectam
701 928 942 991 multis
988 926 1346 1011 variisque
1393 927 1662 1009 modiS,
1727 950 1770 991 a
1836 927 2081 991 debita
2144 928 2274 991 tibi
2342 926 2752 991 obedientia
2797 926 2951 990 fere

379 1033 991 1101 abalienaverunt.
1106 1034 1255 1097 Nos
1323 1054 1498 1097 vero
1569 1036 1700 1098 etsi
1765 1032 1871 1121 (ut
1936 1034 2261 1118 superius
2330 1034 2665 1115 diximus)
2738 1053 2947 1115 quae-

381 1160 680 1221 cumque
739 1140 1097 1221 potuimus
1173 1150 1244 1205 et
1306 1142 1677 1205 debuimus
1742 1142 2061 1205 remedia
2116 1150 2367 1205 contra
2425 1142 2609 1205 hanc
2676 1149 2949 1223 pestem

380 1245 726 1314 adhibere
755 1246 952 1311 enixi
1000 1267 1263 1329 sumus,
1312 1247 1637 1311 dabimus
1671 1258 1904 1311 tamen
1939 1256 2289 1330 perpetuo
2324 1267 2617 1331 operam
2657 1245 2950 1310 favente

381 1374 485 1435 ec,
539 1353 659 1436 qui
709 1353 936 1418 Nobis
984 1354 1151 1418 licet
1198 1353 1509 1437 indignis
1557 1354 1665 1418 sui
1710 1355 1957 1437 gregis
2006 1374 2245 1418 curam
2294 1353 2671 1435 commisit,
2734 1362 2811 1416 ut
2858 1373 2948 1416 ne

379 1462 721 1543 Majestas
776 1462 932 1525 Tua
1001 1470 1122 1525 aut
1191 1462 1372 1525 alius
1443 1460 1856 1544 quisquam,
1927 1463 2119 1544 quod
2190 1470 2560 1544 praestare
2628 1468 2951 1523 tenemur

379 1566 712 1650 officium,
758 1568 832 1633 in
879 1567 1107 1632 Nobis
1154 1568 1408 1633 merito
1459 1568 1839 1633 desideret.

555 1693 842 1759 Datum.

555 1814 1013 1880 Hieronimus
1099 1816 1468 1882 Aleander
1551 1819 1812 1900 Typon
1904 1818 2113 1881 huius
2205 1816 2609 1899 Apostolici
2687 1816 2945 1881 Brevis

375 1924 814 2006 composuit:
864 1924 1031 1988 licet
1060 1945 1202 1988 non
1236 1924 1468 2007 ipsum
1499 1926 1755 2007 Breve,
1802 1926 1929 1989 sed
1972 1946 2278 2008 sequens
2308 1924 2700 2006 instructio,
2734 1922 2946 1987 etiam

378 2033 466 2093 ab
515 2052 604 2094 eo
655 2032 1085 2115 composita,
1150 2032 1366 2095 fuerit
1413 2034 1504 2096 ad
1555 2033 1890 2097 Cesarem
1959 2033 2189 2098 missa.
2286 2031 2521 2113 Quum
2570 2031 2669 2094 sic
2718 2031 2943 2093 visum

376 2148 566 2201 esset
615 2138 682 2202 ei
731 2137 850 2221 qui
899 2138 1136 2203 omnia
1182 2147 1465 2222 poterat
1515 2141 1706 2224 apud
1757 2140 2193 2203 Clementem
2239 2139 2399 2203 VII.

1591 2594 1738 2659 154.

419 2708 818 2791 Iusti-notio
865 2709 1223 2792 mittenda
1277 2711 1369 2792 ad
1404 2711 1715 2791 Nunnius
1762 2656 2187 2813 apostolicos
2244 2711 2435 2812 apud
2472 2708 2890 2792 Caesaream

1044 2834 1499 2936 Maiestatem
1554 2857 1767 2937 super
1822 2856 1896 2916 re
1951 2834 2267 2918 Lutheri.

1195 2984 1362 3052 (Auta
1396 2983 1832 3044 Womaoiensia
1866 2983 1957 3043 fol.
1995 2984 2129 3055 22⁴7.)

1287 3104 1419 3168 (Sub
1460 3103 1561 3152 fine
1599 3103 1806 3168 Aprilis
1852 3101 2028 3172 1524.)

1058 3255 1156 3318 In
1217 3259 1301 3318 la
1365 3275 1636 3319 causa
1697 3254 2241 3319 Lutherana.

552 3375 650 3440 Se
711 3387 928 3460 potra
974 3380 1290 3444 advertit
1351 3382 1420 3443 la
1468 3380 1777 3444 Cesarea
1825 3378 2107 3442 Maesta
2168 3380 2300 3442 che
2348 3398 2490 3441 non
2551 3379 2941 3443 solamente

363 3487 436 3549 la
485 3485 812 3549 Saxonia
859 3507 974 3549 ma
1020 3495 1174 3550 tuta
1220 3489 1291 3550 la
1325 3487 1731 3570 Alemagna
1779 3489 1926 3550 alta
1975 3495 2049 3550 et
2093 3488 2326 3566 bassa,
2376 3494 2449 3549 et
2494 3485 2543 3548 li
2590 3486 2696 3550 soi
2742 3487 2943 3569 paesi

367 3593 458 3654 de
509 3592 945 3673 Brabantia,
995 3603 1066 3656 et
1111 3593 1171 3656 F
1173 3593 1484 3676 landria,
1534 3593 1861 3676 Phrysia,
1912 3592 2287 3676 Zelandia,
2336 3593 2717 3674 Holandia‚
2766 3614 2942 3658 sono

364 3699 646 3782 peggio
705 3701 840 3762 che
885 3699 1025 3762 mai
1071 3699 1307 3763 infetti
1356 3701 1451 3763 da
1498 3708 1750 3782 questa
1798 3708 2032 3782 peste,
2098 3718 2299 3763 come
2349 3699 2942 3763 verisimelmente

365 3803 518 3869 Sua
565 3805 846 3870 Maesta
897 3808 1078 3870 deve
1128 3827 1326 3871 esser
1371 3806 1728 3870 advertita
1774 3807 1869 3869 da
1915 3806 1964 3868 li
2012 3805 2140 3869 soi.

549 3930 644 3994 Et
703 3951 922 3994 ancor
983 3933 1114 3995 che
1178 3953 1270 3996 ne
1316 3933 1368 3995 li
1415 3930 1520 3996 soi
1566 3931 1768 4014 paesi
1830 3907 2221 3994 d'Austria
2282 3939 2451 4008 etc.,
2508 3929 2555 3993 1’
2582 3931 2945 3995 Arciduca

361 4037 660 4100 fratello
712 4038 800 4100 de
836 4035 984 4102 Sua
1012 4039 1292 4102 Maesta
1340 4039 1496 4122 pari
1543 4041 1679 4104 che
1725 4036 1869 4101 faci
1918 4037 2154 4100 officio
2204 4038 2441 4119 degno
2492 4037 2581 4101 de
2615 4058 2743 4101 sua
2784 4059 2941 4120 pro-

364 4144 624 4225 genie,
675 4154 747 4207 et
793 4147 1020 4227 bono,
1081 4157 1152 4210 et
1199 4147 1552 4211 catholico
1600 4144 1975 4228 Principe,
2038 4143 2504 4224 nondimen0‚
2565 4164 2607 4207 o
2655 4144 2739 4208 sii
2787 4165 2943 4228 per-

364 4252 499 4314 che
551 4250 602 4314 li
649 4252 900 4316 vecchi
948 4253 1325 4318 conselieri
1387 4255 1478 4316 de
1525 4252 1742 4336 quelli
1790 4251 1993 4334 paesi
2054 4250 2264 4314 furno
2314 4271 2593 4334 sempre
2656 4253 2797 4315 mal
2845 4253 2943 4315 di·

364 4359 599 4440 sposti
646 4378 859 4422 verso
907 4370 1160 4441 questa
1207 4359 1433 4424 Santa
1481 4358 1692 4440 Sede,
1743 4381 1785 4422 o
1834 4379 1965 4441 per
2010 4361 2193 4422 altra
2242 4377 2495 4440 causa,
2546 4359 2714 4441 ogni
2765 4360 2838 4422 di
2885 4359 2945 4423 si

359 4466 557 4529 vede
621 4467 922 4547 qualche
973 4486 1151 4549 gran
1201 4468 1638 4548 desordene,
1711 4477 1782 4530 et
1830 4468 1971 4530 mal
2019 4467 2351 4549 exemplo
2417 4465 2506 4529 de
2554 4468 2621 4530 le
2671 4487 2835 4531 cose
2884 4467 2943 4530 si

363 4570 590 4635 fanno
641 4574 953 4636 secundo
1001 4583 1256 4656 questa
1301 4575 1688 4639 maledetta
1736 4582 1941 4636 setta.

549 4678 729 4742 Item
777 4681 846 4744 le
895 4679 1064 4744 citta
1111 4682 1410 4746 franche
1459 4702 1658 4746 come
1699 4680 2216 4762 Noremberga,
2265 4679 2617 4763 Augusta,
2666 4683 2942 4766 Argen·

361 4783 562 4866 tina,
633 4784 882 4870 Spita,
955 4791 1088 4852 che
1155 4791 1448 4854 soleano
1512 4809 1793 4871 sempre
1842 4784 2264 4870 gobernarsi
2331 4789 2945 4877 prudentemente,

364 4911 552 4956 sono
621 4893 806 4958 assai
867 4895 990 4977 piu
1039 4899 1518 4962 contaminate
1581 4896 1711 4959 che
1760 4897 1809 4959 li
1858 4895 2020 4959 altri
2066 4892 2335 4976 populi.
2432 4894 2551 5046 Et2
2582 4922 2712 5023 per
2775 4913 2944 4993 ogni

2552 4994 2585 5046 2
