3575 5775
1318 523 1435 578 0⁴3
1512 525 1617 580 259
1694 524 1813 578 8>0

313 670 515 750 tione,
576 691 691 732 ma
753 671 971 733 credo
1036 671 1169 734 che
1231 670 1447 752 quelli
1511 671 1643 732 che
1700 691 1813 733 me
1880 670 2207 734 scriveno
2270 674 2417 734 cosl
2479 671 2698 735 fanno
2775 681 2847 734 et

310 777 671 858 divulgano
736 780 835 840 tal
898 776 1089 840 fama
1154 798 1285 860 per
1342 779 1644 858 qualche
1716 779 1872 840 loro
1937 781 2080 870 bon
2145 778 2538 861 proposito,
2643 778 2735 841 Et
2805 799 2847 841 a

306 886 519 966 quella
563 885 1025 949 humilmente
1074 889 1249 948 baso
1300 887 1367 948 le
1416 886 1625 948 mani.

1348 1093 1757 1104 ὓννἫ-ψ-ν--ΝΜ

1482 1322 1631 1390 101.

829 1437 1326 1518 Aloander
1392 1439 2306 1520 vicecancellarim

1140 1577 1423 1646 (Nuntiat.
1459 1577 1711 1638 German.
1746 1577 1809 1636 1..
1845 1577 1979 1647 129.)

1264 1685 1443 1756 (21.(?)
1483 1689 1631 1754 Junii
1676 1687 1852 1756 1521.)

457 1830 541 1892 A'
592 1828 663 1891 di
714 1829 863 1892 XII
911 1828 1173 1912 partite
1223 1829 1441 1892 Cesar
1507 1831 1599 1892 da
1648 1831 1974 1894 Mastrict
2032 1834 2126 1894 ad
2176 1831 2584 1913 Curinghen
2633 1833 2840 1895 luoco

297 1937 396 1999 del
440 1935 799 2018 Episcopo
850 1935 921 1998 di
960 1934 1183 2018 Liege
1231 1956 1362 2018 per
1408 1940 1633 1998 andar
1682 1939 1822 2001 alle
1872 1939 2176 2020 exequie
2247 1938 2320 2001 di
2368 1939 2708 2002 Chievres
2769 1939 2842 2002 in

298 2044 603 2124 Arescot‚
654 2043 723 2105 io
774 2063 913 2106 non
962 2045 1296 2106 havendo
1348 2065 1389 2106 a
1437 2044 1547 2106 far
1596 2046 1667 2106 in
1716 2046 1816 2107 tal
1865 2066 2034 2109 cosa
2083 2045 2294 2109 andai
2342 2067 2386 2110 a
2419 2046 2662 2128 Liege,
2711 2066 2842 2128 per

298 2152 495 2213 veder
542 2171 744 2213 come
790 2151 857 2212 le
907 2171 1071 2213 cose
1102 2151 1475 2214 lutherane
1507 2151 1563 2213 si
1590 2162 1989 2232 portavano
2021 2152 2093 2215 in
2129 2155 2368 2235 quella
2413 2152 2604 2234 citta,
2655 2155 2840 2215 dove

298 2258 502 2320 trovai
550 2278 683 2339 per
732 2259 803 2319 la·
860 2257 998 2320 Dio
1062 2258 1295 2338 gratia
1364 2259 1535 2340 ogni
1595 2279 1764 2322 cosa
1832 2261 2058 2322 andar
2123 2259 2508 2324 benissimo
2575 2270 2839 2342 quanto

299 2365 693 2447 appertiene
744 2363 864 2426 alli
912 2365 1028 2427 del
1078 2385 1330 2447 paese;
1399 2385 1571 2427 vero
1635 2365 1674 2427 ὲ
1736 2367 1870 2428 che
1927 2365 2166 2449 aliqua
2214 2376 2452 2430 tamen
2500 2370 2841 2430 suberant

300 2471 539 2533 veteris
585 2469 893 2552 vestigia
940 2470 1213 2533 fraudis
1261 2471 1331 2533 in
1381 2472 1616 2534 alcuni
1664 2471 2020 2536 forestieri
2067 2473 2114 2536 Ii
2147 2475 2338 2555 quali
2387 2495 2603 2537 erano
2652 2473 2722 2536 in
2773 2477 2842 2538 la

300 2578 763 2642 coniuratione
813 2577 883 2640 di
932 2578 1164 2659 questi
1231 2576 1487 2642 ribaldi
1554 2578 1789 2660 impii,
1864 2601 2002 2642 non
2058 2582 2234 2662 pero
2298 2589 2496 2644 tanto
2561 2582 2840 2662 potenti

299 2686 414 2747 che
458 2688 1009 2748 subvertesseno
1050 2686 1213 2767 quel
1245 2685 1513 2766 populo
1564 2686 1683 2747 del
1713 2695 1898 2749 tutto
1930 2687 2322 2760 catholico;
2372 2708 2508 2769 pur
2538 2688 2840 2752 faceano

300 2802 619 2872 apportat
676 2803 747 2854 et
794 2791 1066 2854 vender
1116 2790 1235 2854 alli
1284 2792 1528 2854 librari
1590 2792 1662 2854 di
1713 2793 1873 2856 libri
1933 2794 2004 2856 di
2053 2793 2353 2874 Luther,
2425 2797 2491 2858 al
2543 2795 2674 2857 che
2723 2796 2838 2856 del

299 2908 463 2961 tutto
506 2902 595 2963 ho
647 2902 816 2963 dato
868 2900 1117 2963 ordine
1168 2903 1298 2963 che
1348 2922 1569 2964 ancor
1616 2913 1870 2983 questo
1905 2904 2144 2964 ulcere
2175 2904 2290 2965 del
2320 2911 2503 2964 tutto
2553 2902 2621 2965 in
2674 2904 2835 2983 quel

299 3024 493 3084 paese
540 3008 695 3070 sara
747 3008 1039 3071 extinto,

458 3114 699 3196 Hoggi
749 3114 1060 3179 arrivato
1110 3136 1153 3184 a
1200 3116 1521 3177 Lovanio
1582 3117 1676 3178 ho
1724 3128 2068 3198 receputo
2117 3118 2369 3179 lettere
2435 3117 2526 3179 da
2581 3136 2672 3178 un
2726 3116 2836 3179 de'

302 3220 441 3282 miei
488 3222 557 3283 di
602 3223 948 3285 Bruxelle
999 3243 1237 3285 essere
1287 3223 1631 3305 aggiunte
1680 3225 1933 3286 lettere
1982 3244 2112 3305 per
2161 3244 2270 3287 me
2319 3225 2390 3286 di
2440 3224 2526 3286 V.
2578 3222 2650 3287 S.
2686 3224 2834 3287 Rm

302 3336 361 3387 et
418 3329 543 3391 che
612 3332 841 3411 perho
908 3350 1037 3392 son
1102 3339 1501 3411 expectato.
1632 3331 1745 3393 Ho
1810 3330 2152 3412 expedito
2214 3352 2354 3393 uno
2414 3331 2485 3393 di
2541 3330 2704 3394 miei
2766 3332 2834 3393 al

302 3430 363 3493 Sr
396 3434 725 3499 Carazolo
777 3446 848 3499 et
895 3456 971 3499 se
1005 3436 1043 3497 e
1078 3457 1246 3499 cosa
1276 3439 1365 3500 de
1399 3438 1841 3519 importanza
1879 3438 1948 3501 io
1976 3438 2262 3501 subbito
2311 3460 2422 3501 me
2471 3438 2833 3502 trasferiro

302 3540 377 3617 la,
419 3544 833 3606 altramente
882 3547 1156 3606 restaro
1224 3545 1341 3625 qui
1408 3544 1550 3607 fino
1615 3546 1747 3607 che
1810 3546 1894 3608 sii
1959 3546 2303 3628 impresso
2370 3547 2436 3608 el
2498 3546 2832 3608 mandato

304 3647 445 3709 dell'
475 3648 771 3731 imperio
820 3648 891 3713 in
941 3651 1161 3713 latino
1212 3651 1410 3714 accio
1459 3654 1590 3714 che
1641 3652 1683 3714 ’1
1740 3652 1801 3715 si
1862 3652 2186 3734 divulghi
2241 3672 2372 3735 per
2438 3652 2486 3714 il
2552 3654 2834 3734 mund0,

304 3762 363 3815 et
402 3756 513 3837 poi
560 3758 831 3819 andare
880 3760 1022 3820 alla
1070 3767 1267 3820 corte
1335 3756 1405 3819 di
1464 3758 1683 3822 Cesar
1749 3779 1879 3842 per
1934 3758 2088 3821 fare
2136 3761 2182 3821 il
2234 3768 2426 3822 resto
2477 3757 2548 3821 di
2596 3760 2834 3840 quello

304 3862 529 3939 patera
576 3864 637 3926 si
685 3863 877 3927 habii
928 3866 1016 3927 ad
1064 3864 1177 3927 far
1227 3878 1297 3927 et
1345 3864 1519 3927 daro
1568 3866 1819 3928 adviso
1867 3887 1910 3928 a
1961 3864 2046 3929 V.
2099 3864 2172 3930 S.
2221 3866 2411 3929 Rma
2474 3866 2613 3928 alla
2670 3868 2835 3947 qual

306 3968 457 4031 baso
502 3972 567 4033 le
616 3972 835 4051 mani,
905 3969 1444 4055 significandole
1510 3974 1641 4034 che
1704 3973 1769 4034 le
1835 3993 2000 4035 cose
2051 3975 2140 4035 de
2191 3972 2456 4036 Luther
2505 3972 2596 4035 de
2644 3975 2711 4034 dl
2761 3972 2833 4034 in

308 4072 365 4134 dl
406 4076 517 4156 piu
564 4098 801 4141 vanno
850 4078 921 4141 in
971 4078 1175 4140 ruina
1226 4098 1425 4141 corne
1475 4080 1509 4141 ὁ
1560 4078 1607 4141 il
1639 4079 1862 4141 dever
1910 4088 1981 4143 et
2027 4080 2098 4142 di
2149 4090 2400 4161 questo
2449 4100 2590 4142 non
2637 4077 2833 4161 fingo

308 4180 531 4247 alcuna
578 4206 764 4248 cosa.
858 4184 1059 4248 Bene
1110 4195 1179 4247 et
1225 4185 1402 4248 felix
1448 4188 1688 4249 valeat
1734 4186 1926 4249 illma
1974 4186 2360 4249 dominatio
2410 4184 2497 4249 V.
2562 4184 2675 4248 cui
2724 4206 2833 4249 me

308 4284 531 4353 iterum
578 4303 790 4375 atque
838 4292 1091 4355 iterum
1138 4292 1522 4356 humillime
1574 4296 1991 4356 commendo
2041 4302 2112 4356 et
2159 4295 2365 4359 ded0.

1394 4600 1421 4607 v-
1426 4600 1445 4608 .»
1474 4600 1545 4608 ..κν-υ-
1548 4598 1765 4609 «war-*ew

2431 4950 2544 5007 17*
