3575 5775
1335 566 1829 632 04335θῷ4

311 714 450 777 eius
495 715 852 781 industria
897 714 1386 799 pre-cipuaque
1448 717 1804 799 doctrina,
1874 727 1945 780 et
2007 715 2292 781 intimus
2340 717 2569 799 zeluS‚
2632 718 2865 803 (quem

309 832 488 885 certe
537 824 612 887 in
659 834 861 887 tanta
926 824 1318 907 reipublice
1369 826 1815 891 Christianae
1865 824 2266 888 calamitate
2328 836 2401 887 et
2458 826 2863 890 discrimine

305 930 668 1011 cujuslibet
715 952 886 997 vere
937 931 1322 997 Christiani
1371 931 1677 997 hominis
1709 945 1961 1013 pectus
1990 932 2301 995 insidere
2350 934 2583 1013 decet)
2633 935 2865 997 clarus

308 1035 732 1120 illustrisque
767 1039 1040 1111 extitit;
1094 1060 1314 1121 quare
1361 1038 1568 1103 huius
1615 1038 1750 1103 viri
1800 1040 2230 1103 dexteritate
2260 1038 2403 1103 fide
2435 1049 2509 1103 et
2540 1040 2865 1103 doctrina

303 1162 514 1224 usque
563 1146 749 1209 adeo
785 1146 1096 1211 devincti
1126 1155 1339 1229 atque
1387 1145 1606 1209 illecti
1655 1166 1913 1217 sumus,
1963 1154 2042 1209 ut
2086 1146 2315 1229 ipsum
2349 1168 2523 1229 prae
2559 1147 2866 1211 coeteris

307 1252 888 1331 supramemorati
946 1254 1104 1319 Avi·
1156 1252 1380 1317 nostri
1430 1253 1854 1321 consiliariis
1903 1255 2128 1317 solum
2176 1254 2466 1335 dignum
2518 1254 2865 1317 censueri-

307 1376 466 1438 mus,
515 1378 726 1439 quem
776 1362 966 1441 apud
1017 1380 1146 1423 nos
1193 1360 1266 1423 in
1313 1359 1664 1443 Hispania
1714 1362 2179 1441 haberemus,
2230 1362 2521 1443 eiusque
2568 1361 2863 1425 consilio

312 1474 375 1525 et
418 1484 642 1545 opere
687 1466 762 1537 in
809 1465 1424 1535 administratione
1474 1464 1677 1530 Sacri
1726 1467 2039 1530 Romani
2090 1467 2376 1549 Imperii
2423 1467 2863 1550 potissimum

309 1580 698 1646 uteremur;
768 1592 908 1655 qua
974 1573 1044 1637 in
1102 1594 1181 1637 re
1230 1594 1386 1637 cum
1434 1573 1638 1637 nobis
1686 1576 1786 1637 ita
1836 1594 2127 1655 operam
2189 1595 2386 1637 suam
2453 1584 2701 1655 navet,
2766 1574 2860 1635 ni-

307 1677 534 1760 hilque
602 1679 836 1761 ipsum
898 1680 969 1742 in
1034 1680 1359 1743 omnibus
1434 1680 1839 1744 actionibus
1906 1679 2049 1743 suis
2110 1692 2252 1743 tam
2314 1680 2513 1743 cordi
2574 1682 2863 1761 habere,

309 1795 582 1867 tamque
648 1788 937 1851 studere
1016 1798 1088 1851 et
1154 1789 1398 1851 conari
1460 1789 2089 1851 animadvertimus
2107 1836 2125 1867 ,
2189 1808 2399 1868 quam
2462 1808 2593 1869 pro
2650 1796 2863 1869 pacto

311 1892 656 1957 lutherani
705 1894 966 1957 furoris
1013 1894 1208 1957 virus
1259 1916 1298 1957 e
1347 1893 1736 1958 Germania
1791 1906 2035 1957 nostra
2085 1915 2293 1976 quam
2356 1894 2719 1957 cele1rime
2782 1915 2864 1957 ac

309 2000 708 2079 plenissime
760 2002 1101 2082 extirpari
1150 2010 1222 2065 et
1270 2002 1482 2065 evelli
1531 2001 1790 2083 possit3
1846 2001 2003 2083 jure
2072 2002 2325 2065 merito
2389 2000 2864 2082 cogitationes

311 2116 577 2170 nostras
648 2107 722 2169 in
795 2110 1046 2171 eodem
1118 2110 1440 2171 ornando
1529 2122 1743 2189 atque
1829 2109 2276 2174 honestando
2366 2108 2863 2171 convertimus·

311 2210 561 2276 Verum
613 2234 772 2277 cum
821 2214 975 2296 ipse
1023 2236 1165 2277 non
1233 2215 1365 2278 nisi
1432 2215 1500 2277 in
1561 2218 1926 2297 superiore
1996 2214 2381 2278 Germania
2448 2214 2682 2297 patria
2738 2234 2865 2277 sua

314 2317 826 2383 Ecclesiasticis
897 2320 1264 2385 beneficiis
1315 2321 1566 2383 donari
1633 2332 1705 2384 et
1765 2322 2200 2385 remunerari
2266 2322 2541 2403 cupiat,
2614 2320 2862 2384 Nobis·

314 2444 438 2505 que
485 2446 620 2507 pro
671 2445 858 2489 nunc
908 2429 1102 2491 nulla
1149 2428 1240 2490 sit
1298 2428 1368 2490 in
1434 2448 1520 2491 ea
1575 2428 1933 2510 provintia
1992 2425 2570 2491 Sacerdotiorum
2628 2427 2861 2490 confe-

311 2534 678 2597 rendorum
758 2534 1063 2598 facultas
1151 2545 1273 2597 aut
1347 2535 1841 2615 commodita5‚
1924 2535 2404 2617 supplicamus
2486 2533 2867 2598 Sanctitatl

313 2636 602 2705 Vestrae
677 2642 890 2705 etiam
962 2652 1176 2724 atque
1249 2642 1461 2705 etiam
1534 2642 1871 2724 dignetur
1936 2646 2051 2705 vel
2120 2651 2365 2705 nostra
2428 2662 2670 2713 causa,
2746 2643 2863 2705 vel

313 2746 718 2811 eximiorum
767 2749 980 2811 etiam
1030 2748 1198 2811 dicti
1249 2749 1688 2813 Balthasaris
1737 2749 2145 2811 meritorum
2195 2749 2483 2827 intuitu,
2548 2750 2659 2811 vel
2704 2770 2863 2829 pro—

312 2862 460 2933 pter
501 2854 727 2936 ipsius
775 2854 846 2919 in
897 2853 1234 2920 Sanctam
1283 2858 1484 2919 istam
1537 2854 1799 2919 Sedem
1848 2855 2229 2938 singularis
2277 2856 2489 2918 studii
2563 2865 2635 2919 et
2695 2855 2865 2918 fidei

313 2962 644 3042 ardorem,
697 2962 929 3025 eidem
979 2965 1070 3025 de
1119 2963 1412 3044 speciali
1461 2971 1704 3024 vestra
1751 2961 1985 3044 gratia
2031 2960 2590 3026 reservationem
2638 2962 2862 3039 Bene-

314 3057 614 3132 ficiorum
669 3069 1335 3133 Ecclesiasticorum
1385 3090 1606 3151 usque
1657 3071 1748 3131 ad
1814 3089 2152 3132 summam
2210 3069 2507 3130 duorum
2570 3067 2863 3130 millium

313 3174 734 3240 Ducatorum
783 3178 977 3257 auri,
1024 3177 1094 3240 in
1144 3176 1550 3240 civitatibus
1599 3186 1671 3239 et
1719 3177 2002 3238 Dioces,
2056 3174 2537 3254 Treverensis,
2591 3175 2861 3255 Argen·

315 3281 628 3364 tinensiS,
691 3283 1256 3348 Constantiensis
1305 3294 1376 3347 et
1451 3283 1899 3362 Basiliensis,
1975 3284 2299 3365 proxime
2369 3293 2865 3344 vacaturorum

316 3389 610 3472 benigne
687 3393 1118 3463 concedere;
1194 3392 1295 3453 ita
1365 3391 1651 3474 quidem
1723 3392 1914 3472 quod
1984 3387 2379 3471 hujusmodi
2453 3388 2864 3470 reservatiO,

317 3495 512 3559 etiam
569 3499 657 3560 ad
729 3499 1140 3580 Dignitates
1196 3498 1626 3581 principales
1675 3507 1819 3561 tam
1884 3494 2596 3578 Metropolitanarum
2654 3516 2863 3576 quam

317 3602 511 3666 etiam
565 3605 1096 3668 Cathedralium
1156 3613 1252 3666 et·
1283 3604 1837 3685 Collegiatarum
1896 3603 2374 3666 Ecclesiarum
2440 3602 2510 3666 in
2570 3603 2863 3665 meliore

319 3707 530 3773 forma
575 3711 914 3774 latissime
965 3713 1425 3790 extendatur,
1497 3732 1580 3773 ac
1645 3711 1861 3774 etiam
1932 3711 1990 3773 si
2052 3731 2231 3791 opus
2288 3709 2531 3790 fuerit,
2602 3709 2721 3790 qui
2792 3710 2863 3771 in

317 3815 694 3896 hujusmodi
761 3818 1224 3881 concessione
1287 3818 1682 3882 reservatio
1752 3817 2139 3898 spiritualis
2196 3818 2285 3879 ad
2362 3815 2863 3896 Proposituras

322 3935 702 3988 sanctorum
772 3925 1048 3987 Paulini
1108 3937 1177 3987 et
1227 3923 1605 4008 Symeonis
1667 3926 1849 3988 intra
1908 3935 1981 3986 et
2034 3937 2241 3986 extra
2302 3944 2538 3986 muros
2604 3923 2860 3984 Treve-

325 4031 530 4093 rensis
574 4033 806 4095 eidem
858 4041 1364 4113 compectatur.
1460 4032 1540 4094 In
1590 4052 1730 4113 quo
1781 4029 2140 4094 Sanctitas
2174 4030 2437 4092 Vestra
2466 4050 2613 4092 rem
2646 4029 2865 4091 faciet

324 4145 388 4196 et
429 4139 796 4202 clementia
843 4159 971 4201 sua
1019 4138 1344 4220 dignam,
1415 4148 1485 4200 et
1551 4138 1758 4200 nobis
1824 4138 2168 4219 imprimis
2224 4137 2597 4198 iucundam
2649 4146 2861 4216 atque

323 4256 684 4327 acceptam,
735 4265 948 4326 quam
995 4266 1122 4307 nos
1171 4245 1383 4307 etiarn
1435 4265 1610 4326 erga
1658 4265 1815 4308 eam
1864 4244 2053 4308 omni
2100 4225 2299 4305 filiali
2346 4252 2591 4305 nostra
2623 4245 2859 4304 obser-

325 4353 542 4415 vantia
586 4371 1111 4433 recognoscere
1151 4351 1652 4432 laborabimuS,
1704 4352 2294 4432 quemadmodum
2347 4371 2437 4411 ex
2484 4347 2862 4430 magnifico

327 4451 494 4519 fideli
541 4459 808 4521 dilecto
860 4457 1166 4521 Oratore
1217 4466 1289 4520 et
1337 4457 1758 4520 Consiliario
1806 4466 2051 4520 nostro
2100 4455 2426 4520 Gerardo
2477 4457 2565 4518 de
2617 4457 2861 4538 Plana,

324 4557 532 4644 Rupis
576 4565 888 4628 Domino
953 4565 1088 4645 (cui
1153 4564 1225 4627 in
1281 4565 1392 4627 his
1455 4565 1667 4627 etiam
1716 4564 2189 4626 omnimodam
2234 4562 2451 4625 fidem
2498 4574 2569 4626 et
2616 4563 2859 4645 benig-

325 4684 458 4732 nam
521 4670 956 4734 audientiam
1030 4671 1354 4734 exhiberi
1432 4671 1774 4753 cupimus)
1848 4671 2055 4733 latius
2113 4669 2517 4750 intelligere
2577 4669 2857 4753 poterit,

331 4781 394 4833 et
429 4775 892 4845 Sanctitatem
941 4778 1272 4841 Vestram
1321 4777 1584 4860 optime
1635 4779 1876 4840 valere
1926 4787 2567 4857 sacrosanctaeque
2623 4777 2861 4839 Eccle-

331 4877 454 4944 siae
498 4885 612 4947 diu
658 4885 1020 4948 foeliciter
1066 4904 1356 4966 preesse
1407 4885 1748 4966 cupimus,
1836 4885 2095 4946 Datum
2138 4882 2212 4946 in
2264 4882 2572 4947 Civitate
2622 4893 2865 4946 nostra

376 5002 513 5060 Balari,
537 5009 820 5050 Documenta
839 5009 1116 5052 Lathon-aua.
2470 4987 2541 5048 23
