3575 5775
1359 576 1475 632 0-<23
1552 580 1657 633 521
1737 576 1854 631 g-»o

322 724 591 807 perche
640 724 730 786 de
777 724 845 785 le
894 744 1060 785 cose
1111 725 1177 785 dl
1228 725 1298 786 la
1349 723 1437 784 mi
1488 724 1805 786 avisasse
1870 728 1922 785 si
1992 724 2254 805 perche
2323 726 2390 786 in
2461 724 2698 805 quello
2761 724 2892 786 che

322 844 592 914 poteva
638 832 949 894 aiutasse
998 840 1069 894 et
1118 840 1521 894 sostenesse
1569 832 1634 893 le
1684 852 1850 893 cose
1900 830 2383 894 ecclesiastice
2431 841 2502 894 et
2543 832 2612 893 di
2645 842 2896 913 questa

324 940 557 1002 Santa
603 936 834 1013 Sede;
886 940 1073 1001 dove
1122 948 1557 1001 certamente
1604 938 1697 1001 ha
1745 937 1927 1001 fatto
1977 940 2280 1020 qualche
2342 938 2586 1001 effetto
2655 948 2727 1001 et
2773 942 2892 1001 bu·

327 1067 475 1109 ona
522 1066 743 1127 opera
792 1054 863 1107 et
910 1066 1046 1108 con
1094 1047 1164 1108 la
1212 1046 1523 1109 dottrina
1590 1066 1714 1108 soa
1770 1045 2150 1107 scrivendo
2218 1057 2290 1108 et
2354 1045 2896 1129 interpretando

320 1154 526 1216 varie
574 1153 938 1230 scritture‚
1008 1164 1079 1216 et
1144 1156 1373 1216 ancho
1447 1173 1579 1214 con
1630 1155 1699 1215 la
1752 1151 1977 1215 bonta
2025 1163 2096 1215 et
2143 1152 2446 1216 honesta
2494 1156 2582 1216 de
2632 1154 2702 1216 la
2750 1153 2897 1216 vita

322 1282 477 1325 soa.
570 1260 768 1323 Hora
818 1262 962 1343 egli
1012 1262 1104 1323 mi
1156 1262 1511 1323 domanda
1561 1262 1797 1343 quello
1847 1263 1978 1323 che
2028 1262 2264 1323 debba
2311 1261 2463 1324 fare
2513 1282 2590 1324 se
2641 1261 2710 1322 di
2759 1272 2895 1323 tor-

325 1389 503 1430 nare
552 1390 591 1431 a
640 1390 751 1430 me
800 1388 841 1430 o
893 1390 1055 1447 non,
1106 1371 1173 1431 al
1223 1371 1432 1449 quale
1482 1388 1621 1431 non
1671 1371 1764 1431 ho
1815 1378 2110 1449 possuto
2174 1368 2592 1451 rispondere
2655 1368 2897 1431 risolu-

322 1486 639 1537 tamente
686 1476 915 1556 prima
962 1478 1094 1540 che
1144 1496 1233 1537 ne
1280 1477 1545 1538 habbia
1595 1476 1922 1539 avvisata
1969 1476 2056 1538 V.
2119 1474 2190 1539 S.
2253 1477 2324 1539 la
2388 1478 2596 1556 quale
2646 1495 2777 1538 con
2829 1476 2897 1537 le

323 1583 555 1664 prime
602 1602 887 1645 soeme
938 1582 1088 1644 dira
1141 1585 1347 1663 quale
1398 1586 1703 1646 sarebbe
1752 1586 1822 1645 la
1870 1592 2105 1645 mente
2157 1584 2223 1645 di
2275 1582 2346 1645 S.
2400 1581 2524 1646 8²⁶.

508 1690 601 1753 Di
650 1691 983 1772 Bologna
1041 1690 1158 1753 alli
1208 1690 1403 1752 XIX
1454 1690 1526 1751 di
1576 1690 1859 1772 Agosto
1905 1689 2306 1754 MDXXV.

1417 1950 1434 1961 -r
1439 1950 1498 1962 Μ·
1504 1948 1534 1961 ν·
1538 1948 1717 1962 ,new-mv..
1727 1950 1750 1960 υ
1757 1950 1804 1961 4-4-
1809 1949 1826 1963 Ι

1548 2229 1697 2295 245.

955 2356 999 2438 J
1001 2378 1267 2436 oannes
1323 2356 1689 2458 Vengerus
1745 2354 2092 2435 Clementi
2145 2354 2302 2437 VII.

1213 2503 1409 2579 (Epist.
1446 2502 1687 2577 Princip.
1728 2502 1834 2562 111
1873 2502 2014 2567 2³³.)

1312 2626 1421 2689 (20.
1462 2624 1693 2687 Augusti
1738 2621 1914 2690 1525.)

515 2766 861 2829 Nimietas
908 2766 1175 2829 doloris
1224 2766 1507 2833 diutius
1538 2766 1748 2829 silere
1817 2788 1957 2829 non
2023 2767 2226 2841 sinit;
2294 2777 2495 2829 tanta
2543 2768 2736 2850 apud
2776 2786 2906 2829 nos

326 2884 489 2937 sunt
552 2894 736 2955 quae
786 2873 975 2936 circa
1022 2874 1418 2956 professam
1466 2872 1886 2954 religionem
1930 2873 2300 2956 ipsamque
2350 2874 2662 2937 nativam
2712 2894 2893 2938 com-

334 2981 564 3043 munis
628 2990 921 3043 nostrae
981 2980 1149 3044 fidei
1196 2981 1535 3063 pietatem
1582 2991 2004 3062 prepostere
2084 2993 2412 3061 aguntur.
2507 2981 2664 3061 Jam
2714 2981 2899 3044 enirn

334 3085 834 3169 Nuremberga
883 3087 1175 3150 illustris
1237 3088 1500 3168 alioqui
1567 3087 1818 3150 civitas
1866 3087 2625 3168 Wittenbergensibus
2674 3089 2902 3170 magis

334 3193 716 3257 infeliciter
764 3197 1092 3257 traducta
1141 3195 1393 3257 misere
1444 3195 1741 3268 cecidit;
1802 3195 1980 3274 iam,
2050 3199 2238 3276 quod
2292 3195 2362 3260 S.
2417 3193 2501 3259 V.
2551 3193 2899 3277 significa-

332 3312 479 3364 tum
544 3305 711 3365 volo
773 3302 962 3364 illius
1037 3304 1369 3384 exemplo
1444 3323 1527 3365 ac
1597 3303 2027 3384 contagione
2091 3303 2316 3366 omnis
2381 3303 2641 3366 circum
2713 3302 2903 3365 circa

335 3409 723 3490 superioris
771 3419 1061 3472 nostrae
1110 3408 1537 3472 Germaniae
1601 3411 1971 3491 provincia
2022 3411 2396 3482 dilabitur:
2469 3411 2644 3490 iam,
2713 3411 2901 3492 quod

338 3519 604 3598 absque
654 3515 1074 3596 gravissimo
1128 3516 1361 3578 cordis
1412 3516 1657 3579 dolore
1725 3518 1995 3580 referre
2054 3538 2194 3580 non
2243 3538 2556 3599 possum,
2603 3537 2736 3600 pro
2785 3538 2902 3580 na·
2987 3585 2992 3588 ,

341 3624 485 3686 tiva
532 3643 615 3686 ac
664 3623 992 3705 professa
1040 3625 1193 3685 Deo
1264 3623 1675 3686 Catholicae
1728 3625 2329 3707 Apostolicaeque
2387 3624 2553 3687 fidei
2618 3624 2900 3688 sinceri-

342 3742 521 3808 tate,
570 3731 1181 3812 impudentissima
1230 3740 1425 3793 certe
1492 3751 1619 3792 nec
1680 3731 1910 3793 minus
1975 3732 2189 3814 impia
2248 3731 2634 3795 Lutherani
2696 3751 2902 3795 omne

340 3857 565 3920 genus
616 3838 972 3920 dogmatis
1020 3847 1421 3900 commenta
1469 3858 1554 3900 eo
1606 3859 1826 3919 usque
1875 3840 2242 3902 invaluere
2291 3853 2367 3901 ut
2416 3860 2624 3902 omne
2652 3839 2902 3901 timore

340 3946 473 4008 Dei
523 3945 791 4009 abolito
842 3946 1170 4027 omnique
1220 3945 1369 4007 eius
1415 3954 1700 4007 assueto
1751 3947 1944 4009 cultu
1993 3950 2366 4027 abrogato,
2420 3967 2510 4008 ex
2562 3945 2900 4009 ementita

340 4073 465 4134 per
513 4053 810 4115 miseros
857 4053 1016 4115 illos
1065 4051 1533 4134 dogmatistas
1583 4052 1824 4114 nescio
1878 4073 2014 4134 qua
2064 4052 2490 4115 christianae
2553 4051 2902 4114 libertatis

344 4161 763 4223 detestanda
810 4162 1021 4241 plane
1070 4157 1377 4238 licentia,
1428 4179 1583 4220 cum
1630 4160 1962 4240 privatim
2011 4171 2154 4222 tum
2205 4159 2488 4240 publice
2537 4159 2710 4222 nihil
2757 4179 2900 4222 non

344 4287 471 4347 pro
522 4267 860 4346 cuiusque
908 4266 1061 4332 fere
1124 4265 1418 4329 libidine
1466 4277 1745 4346 agatur.
1840 4267 1927 4328 Et
1975 4266 2186 4329 hodie
2236 4268 2427 4347 apud
2489 4265 2900 4329 florentissi-

344 4394 487 4437 mas
545 4373 989 4455 respublicas
1059 4373 1305 4435 audire
1367 4373 1651 4454 integra
1710 4385 1998 4436 senatus
2062 4375 2388 4436 consulta
2465 4394 2546 4435 ac
2618 4372 2898 4436 illorum

346 4481 632 4543 arbitrio
700 4481 792 4541 ad
856 4479 1245 4561 simplicem
1312 4479 1621 4542 fidelium
1672 4482 1956 4561 plebem
2007 4481 2246 4542 delata
2291 4480 2430 4542 iam
2480 4481 2666 4542 omni
2715 4484 2902 4543 bene

350 4589 697 4668 beateque
727 4606 855 4668 per
882 4586 1233 4650 Christum
1272 4587 1564 4649 vivendi
1593 4587 1869 4650 ratione
1903 4599 2339 4670 postergata,
2375 4587 2655 4650 abiecto
2687 4596 2900 4670 atque

347 4697 639 4776 exploso
665 4693 948 4776 penitus
996 4694 1381 4775 spiritualis
1431 4695 1849 4776 disciplinae
1899 4694 2152 4769 studi0,
2197 4715 2508 4757 summae
2557 4694 2710 4758 fere
2757 4695 2897 4776 pie-

346 4801 507 4864 tatis
553 4803 747 4884 apud
796 4812 1150 4865 nostrates
1198 4801 1477 4865 ducitur
1525 4801 1715 4864 circa
1763 4801 2046 4865 divinae
2109 4802 2504 4884 scripturae
2562 4821 2898 4866 veneran-

347 4909 501 4971 dam
549 4907 1053 4970 sublimitatem
1120 4908 1293 4971 nihil
1366 4930 1505 4972 non
1576 4911 2007 4992 exponendo
2059 4930 2502 4991 presumere:
2555 4911 2744 4973 circa
2793 4931 2898 4974 ca·
