3575 5775
1431 531 1927 597 ιν<3469εέ>ω

392 679 829 750 sessionibus
879 695 1317 768 consecrata,
1370 709 1508 770 qua
1556 692 1966 754 sacerdotes
1999 688 2188 754 omni
2221 687 2567 756 immunes
2600 685 2690 757 ab
2742 708 2959 758 onere

391 792 821 874 fruerentur,
872 796 1053 857 sicut
1102 806 1306 858 vetus
1356 818 1559 860 sacra
1608 799 1957 880 scriptura
2016 801 2106 863 de
2166 801 2542 864 Pharaone
2591 802 2962 885 Aegypto-

389 921 529 981 que
580 903 931 976 declarat;
982 916 1197 984 atque
1248 903 1346 965 illi
1394 904 1603 967 idolis
1644 905 1840 969 falsis
1874 907 1944 969 in
1979 907 2124 969 suis
2159 909 2650 972 sacerdotibus
2691 922 2963 972 tantum

387 1009 735 1072 honorem
791 1011 1195 1087 habebant,
1248 1011 1509 1074 Christi
1556 1033 1729 1074 vero
1779 1016 2091 1076 cultores
2139 1015 2472 1077 coelestis
2518 1014 2685 1078 fidei
2733 1038 2960 1079 sacra-

388 1117 647 1178 mentis
695 1117 965 1196 imbuti,
1017 1128 1091 1178 ut
1138 1120 1327 1181 hunc
1378 1121 1537 1182 Deo
1586 1141 1760 1183 vero
1811 1121 2203 1204 eripuerint
2232 1123 2577 1186 honorem
2625 1126 2810 1187 hanc
2858 1125 2960 1187 illi

386 1223 969 1304 praerogativam
1018 1224 1327 1287 sedarint
1395 1237 1465 1288 et
1513 1229 2015 1308 proculcarint,
2067 1248 2374 1310 quonam
2421 1232 2608 1293 malo
2658 1230 2961 1294 demone

392 1331 631 1392 miseri
681 1342 1065 1410 potuerunt
1122 1333 1433 1394 adduci?
1548 1333 1695 1397 Sed
1753 1336 2090 1399 mittimus
2154 1336 2292 1398 Dei
2353 1336 2713 1417 iniuriam,
2777 1358 2960 1419 quae

386 1457 795 1519 quanquam
844 1441 1185 1504 malorum
1252 1441 1559 1503 omnium
1626 1443 1967 1522 maxima,
2033 1452 2269 1505 tamen
2333 1446 2523 1525 apud
2586 1454 2960 1507 occecatos

386 1545 661 1606 animos
710 1548 941 1608 locum
1009 1566 1192 1608 nunc
1260 1567 1402 1608 non
1470 1549 1707 1610 habet.
1821 1550 1932 1610 De
1995 1549 2434 1631 principibus
2495 1551 2668 1632 ipsis
2738 1564 2807 1613 et
2870 1554 2959 1613 de

386 1651 779 1714 Nobilitate
830 1651 1289 1733 Germaniae,
1355 1675 1444 1716 ex
1504 1655 1611 1716 his
1680 1656 2141 1719 ecclesiarum
2199 1656 2418 1720 ruinis
2467 1669 2802 1739 quantum
2853 1668 2962 1722 est

382 1761 824 1822 detractum!
943 1761 1112 1823 Illos
1190 1762 1374 1823 enim
1446 1765 1824 1842 pascebat,
1901 1764 2063 1826 illos
2144 1765 2574 1827 honestabat
2636 1766 2960 1846 ecclesia,

380 1866 559 1928 illud
626 1881 779 1928 erat
841 1877 1247 1949 promptum
1313 1870 1703 1932 domestica
1766 1869 2185 1933 difficultate
2249 1871 2740 1935 laborantibus
2806 1892 2956 1955 per·

376 1973 692 2054 fugium,
745 1994 884 2054 quo
944 1977 1227 2038 sublato
1290 1984 1505 2057 atque
1566 1989 1816 2058 erepto
1836 2026 1853 2058 ,
1919 1977 2183 2041 frustra
2247 1980 2317 2040 in
2384 1979 2709 2041 omnibus
2777 2000 2960 2060 quae

382 2082 721 2143 evenient
791 2083 1093 2161 posthac
1142 2085 1687 2166 tempestatibus
1755 2094 2038 2166 portum
2101 2106 2272 2148 suae
2336 2085 2592 2167 quietis
2658 2097 2728 2148 et
2775 2096 2955 2149 tran-

378 2188 755 2268 quillitatis
802 2201 964 2250 sunt
1014 2189 1517 2262 desideraturi;
1595 2191 1761 2272 quid
1813 2194 2002 2272 quod
2053 2194 2332 2255 sublata
2381 2193 2802 2256 auctoritate
2852 2213 2957 2256 ec-

381 2295 601 2358 clesie
651 2298 917 2358 nullum
968 2307 1076 2359 est
1123 2296 1308 2360 inter
1358 2297 1725 2380 Principes
1773 2300 2222 2381 populosque
2289 2302 2488 2383 pacis
2551 2311 2620 2364 et
2671 2322 2956 2364 concor-

380 2404 546 2465 diae
592 2402 1132 2483 firmamentum‚
1186 2425 1341 2466 cum
1388 2416 1721 2487 tanquam
1772 2408 2083 2470 anchora
2129 2408 2479 2471 tutissima
2511 2409 2961 2490 Principibus

379 2531 667 2592 semper
716 2510 929 2572 fuerit
979 2512 1291 2593 dignitas
1341 2511 1843 2593 ecclesiastica,
1896 2533 2078 2594 quae
2111 2514 2568 2577 Dominatum
2608 2517 2961 2579 stabiliret

378 2618 683 2696 illorum,
738 2631 807 2679 et
856 2619 925 2680 in
975 2620 1443 2701 popularibus
1488 2619 1819 2682 fluctibus
1885 2642 2044 2683 eum
2107 2623 2380 2685 salvum
2442 2623 2754 2704 sisteret,
2820 2644 2958 2705 quo

378 2737 821 2787 armamento
872 2726 1156 2807 dirupto
1175 2776 1192 2806 ,
1267 2727 1403 2788 iarn
1454 2728 1948 2809 experimento
1997 2740 2296 2809 possunt
2351 2729 2662 2806 discere,
2729 2751 2805 2793 se
2866 2731 2959 2794 ad

378 2853 628 2895 omnes
674 2832 979 2914 impetus
1025 2832 1402 2897 furentium
1438 2838 1863 2918 populorum
1899 2837 2089 2898 solos
2137 2835 2292 2898 fore
2343 2836 2726 2917 expositos,
2822 2837 2958 2918 Qui

378 2962 539 3003 cum
590 2961 633 3003 a
682 2940 889 3004 nobis
935 2950 1134 3004 tanto
1183 2955 1349 3004 ante
1399 2946 1892 3021 monebantur,
1946 2954 2016 3003 ut
2047 2944 2234 3004 hunc
2286 2954 2623 3006 caverent
2667 2943 2954 3025 exitum,

376 3068 563 3111 neve
613 3047 1041 3111 Lutheranis
1091 3048 1527 3112 novitatibus
1594 3052 2181 3129 obsecundandO,
2239 3060 2508 3112 tantam
2568 3049 2956 3131 perniciem

378 3169 453 3217 et
502 3168 779 3236 pestem
830 3158 1138 3233 alerent,
1205 3177 1414 3237 quam
1465 3158 1534 3219 in
1582 3157 1894 3238 ipsorum
1947 3158 2171 3237 primo
2221 3167 2436 3239 caput
2483 3156 2954 3219 denunciaba-

378 3282 532 3324 mus
598 3274 1049 3345 erupturam,
1125 3262 1381 3344 partim
1451 3275 1874 3347 spreverunt
1941 3264 2277 3326 salutaria
2337 3264 2631 3326 consilia
2694 3277 2955 3345 nostra,

377 3368 637 3449 partim
688 3390 827 3430 non
881 3370 1372 3450 crediderunt,
1439 3370 1761 3453 exceptis
1825 3370 2288 3453 paucissimus
2305 3419 2322 3451 ,
2396 3372 2515 3451 qui
2580 3381 2650 3435 et
2695 3372 2956 3435 virtute

378 3485 453 3537 et
498 3476 881 3556 prudentia
928 3476 1213 3557 prediti,
1264 3477 1612 3539 obsistere
1662 3479 1898 3539 conati
1947 3490 2128 3559 sunt,
2183 3489 2306 3541 tua
2337 3478 2548 3541 Nobw
2603 3478 2676 3541 in
2710 3480 2952 3560 primis

380 3594 668 3645 auctore
722 3593 790 3644 et
840 3582 1074 3663 Duce,
1125 3582 1233 3645 cui
1282 3604 1414 3665 pro
1464 3586 1596 3646 hoc
1648 3585 2172 3665 preclarissimo
2205 3586 2459 3665 animO,
2512 3586 2746 3649 omnia
2794 3608 2952 3670 pro-

378 3688 568 3751 fecto
620 3691 887 3752 debere
938 3710 1067 3752 nos
1114 3690 1548 3771 profitemur.
1646 3690 1804 3753 Tibi
1853 3692 2091 3773 igitur,
2141 3692 2301 3755 Tibi
2353 3704 2423 3756 et
2453 3695 2538 3757 iis
2568 3695 2686 3777 qui
2720 3706 2950 3758 tecum

380 3798 631 3858 eadem
680 3796 1029 3879 religione
1076 3817 1159 3859 ac
1206 3796 1474 3879 pietate
1524 3818 1698 3879 erga
1745 3819 2085 3861 summum
2131 3802 2358 3863 Deum
2407 3802 2499 3863 ad
2547 3822 2950 3864 succurren-

379 3904 541 3965 dum
593 3904 923 3986 pereunti
972 3905 1247 3986 patriae
1321 3925 1490 3967 suae
1562 3904 1832 3967 incensi
1904 3916 2096 3985 sunt,
2172 3929 2256 3970 ea
2326 3929 2506 3989 quae
2577 3928 2948 3991 possumus

380 4010 685 4072 libenter
719 4010 1156 4091 impartimus
1205 4012 1495 4092 auxilia,
1546 4012 1846 4095 amplius
1889 4013 2099 4076 etiam
2134 4015 2538 4096 cupientes3
2572 4016 2697 4076 sed
2730 4014 2945 4076 facul-

376 4127 559 4179 tates
609 4118 831 4179 amori
879 4137 1089 4199 pares
1138 4139 1280 4181 non
1329 4132 1511 4182 sunt.
1606 4120 1754 4182 Nec
1805 4120 2224 4184 desistemus
2273 4122 2450 4183 inire
2485 4120 2751 4203 aliquid
2783 4142 2943 4185 con-

377 4225 510 4287 silii
559 4246 701 4307 quo
715 4274 732 4305 ,
796 4226 855 4287 si
920 4236 994 4287 tu
1046 4236 1115 4287 et
1161 4226 1415 4307 reliqui
1466 4226 1838 4308 Principes
1887 4227 2312 4291 Germaniae
2361 4238 2670 4291 vestram
2719 4229 2940 4311 digni—

378 4342 595 4395 tatem
646 4343 717 4393 et
765 4332 835 4393 in
888 4332 1205 4395 ecclesiis
1268 4332 1725 4397 restituendis
1787 4335 2010 4396 divini
2072 4334 2372 4397 nominis
2435 4338 2780 4398 honorem
2851 4338 2942 4399 ab

378 4440 563 4501 omni
613 4441 777 4502 labe
828 4450 1042 4521 atque
1091 4438 1345 4502 iniuria
1394 4440 1951 4521 vindicaveritiS,
2003 4442 2403 4523 impiaeque
2452 4442 2789 4505 novitatis
2805 4492 2822 4524 ,
2873 4454 2944 4506 et

378 4544 672 4608 inauditi
739 4546 917 4607 alias
986 4546 1274 4609 sceleris
1337 4547 1744 4610 incendium
1806 4548 2309 4627 restinxeritiS,
2372 4550 2674 4630 gratiam
2737 4551 2942 4612 vobis

378 4652 681 4735 aliquam
733 4652 1003 4722 referat
1052 4653 1401 4733 Ecclesia,
1452 4674 1886 4735 onerumque
1935 4666 2330 4718 vestrorum
2398 4667 2470 4719 et
2517 4667 2938 4738 sumptuum,

376 4779 553 4838 quae
600 4769 990 4841 propterea
1036 4760 1413 4842 subieritis,
1464 4771 1738 4843 partem
1786 4782 1925 4824 non
1973 4762 2402 4825 mediocrem
2451 4764 2770 4838 sufferat;
2805 4764 2936 4826 etsi

380 4875 448 4929 te
516 4877 917 4936 currentem
966 4881 1222 4949 sponte
1270 4879 1395 4930 tua
1465 4869 1718 4931 scimus
1786 4890 1918 4931 nos
1979 4870 2313 4945 incitare;
2365 4870 2535 4953 quid
2585 4872 2770 4934 enim
2817 4880 2937 4935 tua
