3575 5775
1691 585 2187 642 0—4332630

655 730 1099 811 praeclarum
1147 730 1424 794 facinus
1469 740 1786 796 vestrum
1856 731 1927 795 in
1977 734 2179 796 coelo
2226 732 2459 816 ipsum
2504 732 2645 796 iam
2692 732 2949 797 emicat
3010 744 3213 816 atque

660 858 703 899 a
749 837 908 901 Deo
959 846 1030 901 et
1076 838 1380 920 Angelis
1426 840 1819 920 laudatum,
1868 850 2107 905 tamen
2154 850 2401 904 nostra
2448 860 2730 923 quoque
2776 844 3213 905 commenda·

658 942 850 1008 tione
899 944 1203 1009 libenter
1249 947 1747 1029 prosequimur
1795 957 1866 1009 et
1912 947 2207 1028 dignum
2255 946 2445 1011 omni
2512 948 2724 1011 laude
2784 970 2867 1011 ac
2916 951 3217 1011 benevo-

659 1052 876 1116 lentia
921 1052 1168 1117 intima
1213 1063 1456 1117 nostra
1479 1053 1890 1135 iudicamuS‚
1922 1057 2294 1119 hortantes
2322 1074 2455 1117 vos
2483 1074 2618 1137 per
2648 1056 2955 1119 eundem
2983 1056 3219 1136 Jesum

662 1158 779 1242 qui
827 1172 1134 1223 mentem
1181 1170 1499 1225 sanctam
1547 1161 1753 1225 vobis
1784 1162 2021 1226 intulit
2051 1162 2144 1225 ad
2175 1161 2521 1244 reliquam
2552 1162 2853 1244 gloriam
2900 1165 3219 1227 salutem-

661 1287 796 1349 que
847 1269 1419 1349 comparandam,
1470 1276 1546 1330 ut
1569 1270 1943 1351 Templum
1991 1269 2130 1332 Dei
2178 1270 2371 1351 quod
2416 1268 2488 1331 in
2536 1269 2744 1333 vobis
2792 1278 2923 1351 est,
2970 1270 3045 1332 in
3090 1269 3219 1333 sin·

660 1374 953 1438 ceritate
1038 1374 1187 1437 eius
1263 1374 1429 1437 fidei
1515 1395 1724 1457 quam
1794 1396 1839 1439 a
1908 1376 2231 1458 patribus
2305 1376 2717 1458 accepistiS,
2788 1376 3220 1440 custodiatis.

657 1479 838 1543 Nam
888 1500 1028 1543 non
1080 1482 1296 1564 longe
1346 1480 1655 1546 futurum
1704 1480 2123 1547 confidimus
2170 1482 2307 1546 Dei
2370 1482 2855 1547 misericordia
2918 1482 3218 1545 interve·

661 1586 941 1669 niente,
990 1598 1137 1651 tum
1186 1599 1430 1652 nostra
1485 1609 1768 1672 quoque
1819 1601 1891 1653 et
1937 1589 2292 1655 Caesarae
2337 1589 2737 1653 Maiestatis
2785 1588 3221 1671 aliorumque

660 1695 1220 1759 orthodoxorum
1267 1696 1668 1779 principum
1717 1717 1941 1780 opera
1985 1697 2413 1779 accedente,
2460 1696 2629 1779 quin
2679 1698 2871 1761 laeta
2915 1697 3070 1759 istis
3132 1701 3221 1760 ab

660 1804 940 1867 haeresi
989 1800 1321 1867 fluctibus
1368 1806 1802 1885 restituatur,
1851 1824 2152 1887 eumque
2184 1802 2397 1867 finem
2422 1806 2672 1867 horum
2702 1804 3219 1868 haereticorum

661 1910 1029 1973 videamus
1078 1932 1280 1993 quem
1333 1912 1636 1976 maiores
1683 1910 1907 1975 nostri
1954 1910 2251 1974 aliorum
2299 1911 2654 1975 viderunt.
2749 1909 2829 1973 In
2894 1931 3037 1992 quo
3098 1932 3222 1974 nos

661 2038 818 2080 cum
876 2017 1066 2080 omni
1131 2038 1300 2081 cura
1371 2017 1842 2081 incumbimus
1905 2027 1976 2080 et
2039 2017 2280 2081 divina
2346 2038 2485 2101 ope
2543 2017 2773 2081 iuvari
2834 2038 3221 2100 speramus.

663 2124 922 2187 Datum
971 2124 1255 2189 Romae
1304 2134 1435 2189 etc.
1487 2126 1602 2189 die
1650 2124 1847 2188 VIII.
1896 2124 2171 2207 Aprilis
2229 2146 2414 2205 1524.
2512 2126 2725 2189 Anno
2774 2126 3027 2209 primo·

1880 2498 2027 2565 148.

1443 2605 1764 2687 Clemens
1817 2605 1974 2687 VII.
2031 2604 2429 2708 Campegio.

919 2734 1105 2803 (olom.
1143 2733 1266 2793 ΤΠ.
1303 2734 1508 2795 Brevia
1545 2734 1620 2795 ad
1656 2735 1941 2809 Principes
1975 2750 2079 2809 per
2116 2734 2443 2795 andoletum
2478 2738 2694 2810 compta
2728 2734 2821 2796 foL
2858 2737 2963 2809 18.)

1659 2845 1770 2916 (14.
1808 2847 2015 2913 Aprilis
2058 2842 2234 2917 1524.)

843 2969 1052 3052 Quod
1082 2971 1331 3035 scribit
1363 2972 1454 3036 ad
1492 2991 1622 3036 nos
1655 2972 1806 3035 cir¹⁰
1858 2981 1980 3035 tua
2028 2993 2185 3036 esse
2233 2991 2325 3035 ex
2374 2992 2666 3036 numero
2713 2971 2992 3036 illorum
3044 2973 3225 3054 prin·

664 3076 896 3159 cipum
947 3096 1244 3160 quorum
1276 3088 1347 3142 et
1376 3079 1710 3143 nobilitas
1759 3090 1832 3143 et
1877 3079 2102 3143 virtus
2132 3079 2374 3162 magni
2424 3099 2465 3142 a
2496 3078 2703 3143 nobis
2735 3078 3070 3142 facienda
3098 3092 3229 3163 est,

663 3183 782 3266 qui
818 3194 1068 3266 optent
1102 3184 1273 3248 cleri
1300 3183 1728 3250 Germaniae
1759 3185 2355 3268 reformationem,
2406 3187 2697 3249 multum
2732 3205 2863 3268 per
2893 3207 3050 3249 eam
3078 3206 3229 3250 rem

665 3291 756 3354 ad
799 3291 1153 3354 tollendas
1201 3291 1589 3356 seditiones
1634 3300 1705 3356 et
1752 3294 2090 3357 tumultus
2134 3291 2739 3356 schismaticorum
2780 3293 3229 3374 profuturam

666 3398 1121 3478 arbitrentur,
1172 3397 1244 3461 id
1277 3399 1484 3462 nobis
1515 3399 1919 3481 intelligere
1948 3401 2083 3463 fuit
2114 3399 2710 3463 iucundissimum.
2805 3399 2994 3481 Quid
3043 3401 3231 3464 enim

665 3505 858 3568 aliud
906 3525 1056 3586 ηοε,
1105 3516 1572 3589 posteaquam
1638 3507 1730 3570 ad
1791 3509 1929 3570 hoc
1978 3509 2340 3591 pastorale
2388 3505 2699 3570 officium
2747 3505 2990 3570 divina
3036 3507 3231 3570 boni-

663 3622 811 3675 tate
872 3613 1109 3676 vocati
1155 3612 1442 3695 fuimuS,
1509 3622 1632 3677 aut
1692 3613 2163 3697 cogitavimus
2227 3623 2350 3678 aut
2412 3612 2815 3696 optavimus
2885 3633 3092 3696 quam
3157 3613 3229 3677 in

665 3719 986 3783 Ecclesia
1033 3719 1169 3782 Dei
1219 3719 1581 3803 corrigere
1629 3741 1813 3802 quae
1862 3723 2258 3803 depravata
2312 3731 2476 3784 sunt
2536 3730 2608 3783 et
2669 3721 2861 3784 illam
2924 3720 2994 3783 in
3054 3722 3231 3784 anti-

666 3847 877 3910 quum
941 3828 1396 3910 splendorem
1460 3848 1684 3910 purae
1751 3838 1823 3892 et
1888 3849 2103 3892 verae
2163 3827 2529 3910 religionis
2589 3847 2963 3910 revocare,
3030 3827 3233 3891 cuius

664 3933 888 3998 nostri
939 3933 1276 3998 desiderii
1321 3933 1554 3998 Deum
1604 3944 1859 3999 testem
1908 3937 2251 3999 habemus
2309 3945 2380 3999 et
2445 3935 2654 3998 cirum
2713 3935 2925 3998 etiam
2988 3938 3231 3998 tuam?

665 4041 812 4106 Sed
861 4041 1236 4125 quominus
1285 4041 1519 4106 statim
1569 4045 1661 4106 ab
1710 4043 1911 4108 initio
1960 4041 2032 4106 in
2080 4045 2263 4106 hanc
2311 4063 2460 4107 rem
2508 4051 2580 4105 et
2628 4061 2808 4125 opus
2869 4042 3227 4105 incumbe-

666 4170 900 4214 remus
973 4150 1156 4213 aliae
1227 4150 1597 4232 graviores
1664 4159 1734 4212 et
1794 4149 2249 4216 instantiores
2321 4171 2533 4214 curae
2589 4149 2877 4214 fuerunt
2936 4149 3229 4231 impedi-

663 4267 942 4338 ment0‚
1006 4278 1164 4321 cum
1227 4257 1414 4321 enim
1475 4258 1568 4320 ad
1629 4259 1952 4323 sedanda
2000 4258 2458 4322 acerbissima
2504 4259 2697 4320 bella
2743 4257 3000 4338 quibus
3048 4257 3227 4320 chri·

663 4363 933 4426 stianus
981 4365 1175 4428 orbis
1219 4363 1482 4447 flagrat
1528 4365 1919 4446 universuS,
1968 4385 2123 4429 cum
2174 4367 2265 4428 ad
2313 4363 2739 4428 imminentis
2787 4373 2858 4427 et
2905 4363 3231 4445 urgentis

664 4470 1079 4534 ferocissimi
1105 4471 1383 4535 Turcae
1413 4469 1719 4554 impetus
1749 4472 2147 4554 evitandOS,
2180 4493 2337 4537 cum
2367 4470 2459 4534 ad
2490 4491 2669 4553 eam,
2699 4490 2880 4552 quae
2914 4469 3123 4533 nobis
3158 4479 3231 4532 et

665 4577 736 4640 in
768 4597 1008 4641 amore
1048 4587 1120 4641 et
1149 4579 1220 4642 in
1255 4577 1593 4662 opinione
1622 4578 1903 4643 virtutis
1934 4579 2322 4662 potissima,
2370 4579 2439 4641 in
2466 4577 2921 4642 Germaniam
2953 4578 3228 4641 domes·

663 4683 821 4746 ticis
897 4683 1098 4748 malis
1159 4684 1601 4750 liberandam
1665 4685 1904 4750 omnia
1970 4685 2205 4748 studia
2277 4693 2349 4750 et
2420 4685 2716 4748 consilia
2790 4694 3037 4748 nostra
3100 4683 3227 4746 vix

664 4789 1048 4855 suffectura
1095 4813 1545 4857 cerneremus
1559 4842 1578 4875 ‚
1647 4813 1788 4855 non
1839 4791 2169 4856 duximus
2216 4792 2308 4855 ad
2356 4801 2711 4854 tantarum
2758 4811 2995 4854 rerum
3044 4810 3226 4854 onus

660 4899 842 4964 hunc
893 4899 1104 4964 etiam
1150 4901 1468 4966 laborem
1514 4898 2039 4964 reformationis
2085 4899 2319 4963 subito
2352 4899 2757 4963 addendum
2788 4917 2970 4980 esse,
3018 4917 3220 4981 prae·
