3575 5775
1335 546 1826 608 δ-έΒῙΒόΞΗ)

328 693 518 762 etiam
563 692 1051 780 imperatoreS,
1099 718 1330 780 reges,
1379 719 1716 781 proceres
1765 696 2025 779 mundi,
2075 696 2257 761 sicut
2305 707 2375 762 et
2416 718 2674 782 magna
2706 719 2861 784 per-

327 805 560 868 tinacia
605 805 960 868 Lutherus
1027 806 1250 869 libere
1296 807 1663 888 professus
1731 814 1842 869 est
1889 827 1964 869 se
2013 807 2211 869 nihili
2258 808 2575 888 pendere
2624 819 2859 872 aucto-

325 912 578 976 ritatem
627 913 1085 977 conciliorum
1134 935 1319 996 quae
1368 925 1475 977 est
1520 913 1803 978 unicum
1851 913 2239 977 remedium
2300 915 2596 977 tollendi
2645 916 2863 980 dubia

325 1041 515 1101 super
572 1024 790 1084 rebus
853 1021 1333 1084 controversis
1404 1021 1885 1104 emergentia,
1938 1041 2097 1083 nam
2175 1022 2481 1084 humana
2552 1023 2863 1085 versutia

325 1126 572 1190 infinita
622 1138 732 1190 est
778 1128 912 1190 nisi
959 1129 1242 1210 legibus
1291 1138 1726 1192 coerceatur.

478 1235 599 1297 Ad
645 1236 824 1297 haec
876 1255 1122 1299 omnes
1169 1236 1557 1315 ElectoreS‚
1607 1235 1967 1316 principes
2016 1244 2086 1296 et
2134 1243 2359 1298 status
2418 1235 2691 1317 imperii
2752 1258 2859 1300 su-

323 1342 700 1422 perioribus
793 1341 1045 1406 diebus
1136 1343 1338 1424 quasi
1431 1343 1520 1404 ad
1593 1342 1964 1424 proposita
2037 1341 2432 1405 Caesareae
2503 1342 2861 1406 Maiestati

323 1450 710 1529 responsuri
787 1461 860 1512 et
931 1451 1141 1512 latius
1210 1450 1600 1512 consulturi
1666 1457 2178 1512 consenserunt
2246 1460 2317 1512 et
2385 1451 2864 1531 promiserunt

327 1557 494 1634 quod
541 1558 785 1620 audito
835 1558 1174 1620 Lutherio
1223 1568 1295 1621 et
1341 1566 1852 1640 perseverante
1898 1556 1969 1618 in
2019 1565 2162 1618 tam
2212 1555 2412 1619 malis
2448 1558 2864 1620 haeresibus

327 1673 389 1723 et
430 1663 962 1746 impugnatione
1009 1665 1182 1728 ritus
1232 1675 1304 1727 et
1350 1667 1590 1746 legum
1637 1663 2023 1744 Ecclesiae,
2074 1662 2255 1726 sicut
2286 1664 2427 1727 iam
2455 1683 2640 1726 nunc
2671 1666 2863 1728 audi·

327 1779 425 1831 tus
469 1780 573 1832 est
621 1781 692 1834 et
740 1771 900 1834 talis
946 1783 1298 1855 repertuS,
1347 1773 1574 1834 velint
1622 1770 2049 1834 Caesaream
2078 1769 2526 1833 Maiestatem
2558 1770 2863 1836 fideliter

325 1877 642 1941 adiuvare
691 1878 764 1942 in
813 1879 1324 1943 conservandis
1357 1888 1582 1942 status
1617 1879 2239 1942 constitutionibus
2271 1878 2727 1940 conciliorum
2778 1900 2861 1942 ac

323 1983 479 2046 ritus
525 1993 594 2048 et
641 1987 1226 2050 consuetudinem
1275 1987 1616 2050 maiorum
1667 1998 1738 2049 et
1783 1987 1853 2048 in
1903 1985 2250 2066 religione
2313 1985 2697 2048 christiana
2744 2008 2861 2048 an-

323 2100 734 2156 tecessorum
783 2102 916 2158 etc,

487 2198 722 2280 Quare
769 2222 976 2264 sacra
1023 2201 1376 2264 Caesarea
1424 2200 1766 2264 Maiestas
1829 2199 2259 2262 electoribus
2307 2199 2745 2282 principibus
2794 2211 2865 2264 et

325 2306 604 2369 statibus
639 2308 912 2389 imperii
963 2309 1291 2371 clementi
1339 2309 1575 2371 animo
1609 2309 1930 2370 duxisset
1962 2307 2505 2389 significandum
2537 2311 2863 2391 quemad·

325 2416 586 2476 modum
635 2435 728 2477 ex
765 2416 1044 2478 illorum
1080 2436 1360 2497 quoque
1396 2415 1915 2478 consultatione
1950 2415 2288 2497 consequi
2320 2415 2621 2494 videtur,
2672 2419 2863 2497 quod

327 2519 612 2584 Mai-tino
663 2523 1000 2586 Lutherio
1066 2523 1135 2584 in
1209 2523 1531 2604 hospicio
1604 2523 1754 2586 eius
1826 2533 1946 2584 aut
2000 2522 2236 2586 vicino
2284 2524 2443 2586 loco
2491 2523 2863 2604 responsio

325 2626 536 2690 finalis
582 2649 906 2693 recessus
955 2631 1198 2702 detur;
1266 2629 1600 2693 videlicet
1666 2639 1742 2691 ut
1789 2651 1867 2692 se
1916 2629 2219 2712 recipiat
2264 2631 2334 2693 in
2384 2632 2615 2695 locum
2666 2651 2863 2692 suum

326 2745 533 2798 tutum
579 2739 848 2819 absque
899 2758 1097 2800 mora
1143 2758 1374 2819 neque
1426 2735 1684 2800 alicubi
1734 2735 1805 2798 in
1855 2735 2106 2798 itinere
2156 2737 2514 2799 subsistat.

486 2843 570 2907 Et
614 2855 779 2927 post
827 2846 1192 2928 expletum
1241 2847 1512 2909 salvum
1563 2844 1988 2907 conductum
2036 2844 2209 2907 velit
2258 2841 2481 2906 Sacra
2526 2843 2865 2906 Maiestas

329 2948 464 3013 eius
513 2952 709 3015 seriis
769 2954 1122 3016 mandatis
1187 2962 1434 3016 contra
1497 2951 1905 3013 Lutherium
1972 2951 2319 3032 huiusque
2389 2951 2864 3013 adhaerentes

330 3066 394 3117 et
433 3059 744 3141 hospicio
821 3070 943 3122 aut
1014 3060 1267 3143 quovis
1318 3061 1525 3122 modo
1574 3058 1923 3137 faventeS,
1977 3068 2109 3121 ete.
2160 3066 2571 3120 constanter
2616 3076 2861 3137 proce-

329 3164 478 3227 dere
547 3169 636 3229 ad
704 3167 1282 3250 supprimendam
1351 3165 1825 3228 temeritatem
1896 3175 1967 3225 et
2038 3164 2372 3226 malitiam
2432 3163 2617 3226 illius
2664 3163 2867 3225 iuxta

331 3268 600 3337 formam
647 3274 1172 3356 quodammodo
1221 3273 1480 3355 prioris
1529 3272 1865 3337 mandati.

485 3381 656 3444 Item
722 3383 915 3463 quod
974 3382 1124 3444 eius
1171 3381 1512 3443 Maiestas
1560 3380 1924 3443 statuisset
1972 3380 2192 3442 libros
2242 3378 2533 3441 Lutheri
2582 3380 2864 3441 nomine

337 3482 684 3569 inscriptos
735 3489 1164 3551 interdicere
1213 3490 1504 3550 abolere
1553 3487 1977 3567 extinguere
2028 3497 2097 3548 et
2147 3488 2582 3549 comburere.

489 3595 573 3657 Et
644 3595 882 3658 omnia
951 3595 1196 3658 conari
1267 3597 1456 3657 velle
1527 3614 1710 3675 quae
1781 3594 1873 3656 ad
1929 3592 2292 3655 haeretica
2338 3593 2527 3654 illius
2574 3592 2866 3654 inventa

337 3699 612 3765 delenda
657 3702 901 3767 facere
948 3703 1300 3766 videntur.

489 3810 659 3872 Post
727 3811 906 3873 haec
981 3821 1184 3893 petat
1248 3830 1453 3873 sacra
1515 3809 1665 3871 eius
1728 3809 2063 3871 maiestas
2110 3806 2169 3869 si
2218 3806 2385 3888 quid
2436 3806 2866 3869 electoribus

337 3916 748 3999 principibus
810 3939 892 3982 ac
956 3919 1258 3981 statibus
1316 3928 1653 3999 tanquam
1702 3912 2235 3979 christianitatis
2282 3914 2615 3975 membris
2662 3932 2860 3994 prae-

337 4030 506 4085 terea
549 4026 879 4089 videatur
926 4026 1272 4107 expedire
1321 4026 1413 4087 ad
1462 4044 1620 4087 eum
1672 4022 2023 4102 effectum,
2073 4030 2194 4084 aut
2240 4020 2495 4101 siquid
2546 4019 2683 4100 ipsi
2714 4030 2864 4081 tan·

339 4148 520 4208 quam
565 4132 856 4197 Caesari
912 4132 1298 4196 christiano
1349 4142 1420 4194 et
1467 4130 1682 4193 tutori
1741 4128 2107 4191 Ecclesiae
2156 4127 2459 4207 amplius
2508 4127 2865 4206 agendum

340 4234 411 4297 sit
459 4250 530 4301 ut
573 4240 878 4303 fideliter
923 4239 1109 4302 illius
1157 4239 1260 4302 rei
1291 4238 1740 4302 Maiestatem
1771 4237 1924 4299 eius
1958 4232 2620 4312 commonefaciant,
2674 4232 2865 4314 quod

341 4344 416 4403 ab
456 4348 768 4410 omnibus
818 4348 1065 4428 exigat
1113 4356 1184 4408 et
1231 4345 1567 4428 requirat.

1662 4604 1720 4615 Ass.
1730 4604 1795 4614 w.»-
