3575 5775
1427 563 1921 634 6-4314954

575 715 807 808 Quum
867 719 1353 788 sanctissimus
1399 723 1472 788 in
1521 724 1801 788 Christo
1868 724 2085 788 Pater
2146 730 2217 788 et
2284 715 2631 788 Dominus
2693 705 2956 786 Noster

387 833 480 898 D.
515 833 662 898 Leo
701 832 943 898 divina
989 832 1441 914 providentia
1472 833 1675 915 Papa
1705 831 2019 896 decimus
2048 851 2179 913 per
2212 831 2595 913 specialem
2623 831 2955 894 nuncium

393 951 470 1004 et
516 950 874 1005 oratorem
923 961 1055 1004 nos
1101 939 1452 1004 monuerit
1501 950 1572 1002 et
1621 939 2020 1020 requisierit
2054 947 2403 1019 quatenus
2446 939 2653 1002 vobis
2702 949 2773 1002 et
2820 938 2959 1002 cui·

391 1049 572 1111 libet
595 1059 910 1112 vestrum
935 1047 1492 1129 publicationem
1517 1048 1959 1129 quarundam
1986 1045 2377 1108 litterarum
2410 1046 2958 1127 apostolicarum

391 1177 440 1217 a
487 1155 816 1237 praefato
867 1153 1053 1217 SS¹¹¹⁰
1115 1155 1282 1228 Dno
1346 1165 1591 1218 nostro
1658 1155 1889 1236 Papa.
1927 1153 2209 1217 Romae
2269 1154 2459 1234 apud
2528 1149 2600 1215 S.
2668 1153 2978 1216 Petrum'

391 1281 582 1326 anno
633 1261 1150 1326 Incarnationis
1199 1261 1618 1326 Dominicae
1675 1259 2054 1324 Millesimo
2128 1259 2699 1342 quingentesimo
2764 1259 2959 1340 vige-

393 1368 596 1444 sim0,
631 1367 1215 1450 decimoseptimo
1249 1368 1608 1432 Calendas
1637 1367 1805 1447 Julii
1838 1365 2303 1430 Pontificatus
2342 1367 2451 1429 sui
2482 1387 2669 1429 anno
2702 1375 2960 1431 octavo

393 1473 904 1554 emanatarum,
956 1495 1330 1539 erroneam
1379 1474 1654 1556 piarum
1706 1473 2043 1538 mentium
2092 1484 2165 1536 et
2204 1472 2624 1556 simplicium
2660 1473 2956 1537 seducti-

393 1601 562 1645 vam
623 1591 693 1645 et
755 1583 1250 1646 damnatarum
1324 1581 1700 1645 haeresum
1778 1583 2065 1662 plenam
2126 1581 2521 1644 doctrinam
2600 1580 2961 1644 cuiusdam

389 1689 636 1752 fratris
683 1690 972 1752 Martini
1023 1690 1294 1752 Luther
1345 1687 1613 1753 ordinis
1677 1687 1975 1753 fratrum
2042 1687 2547 1752 heremitarum
2598 1685 2669 1750 S.
2719 1689 2957 1768 Augu-

395 1795 564 1858 stini
599 1796 1182 1860 concernentium
1213 1795 1845 1868 committeremus:
1880 1794 2029 1857 Nos
2062 1793 2431 1876 cupientes
2464 1815 2555 1858 ex
2587 1794 2965 1877 pastoralis

397 1903 622 1966 officii
671 1903 895 1967 nostri
943 1904 1190 1968 debito
1239 1904 1332 1966 ad
1379 1904 1682 1966 salutem
1749 1903 2190 1965 subditorum
2248 1911 2687 1982 nostrorum,
2752 1900 2965 1964 fidem

401 2031 716 2093 quoque,
788 2011 1159 2093 unionem,
1223 2031 1475 2094 pacem
1557 2020 1626 2073 et
1690 2009 2274 2092 tranquillitatem
2342 2009 2648 2072 Sanctae
2712 2007 2965 2071 Matris

397 2118 766 2181 Ecclesiae
814 2126 1122 2181 mentem
1173 2126 1486 2182 nostram
1539 2117 1849 2194 dirigere
1898 2126 1970 2178 et
2011 2115 2447 2198 apostoliciS,
2496 2126 2573 2178 ut
2622 2125 2965 2195 tenemur,

397 2246 658 2307 parere
705 2224 1091 2298 mandatis;
1141 2225 1408 2288 idcirco
1446 2225 1650 2288 vobis
1699 2223 2025 2287 omnibus
2073 2233 2145 2286 et
2194 2223 2491 2305 singulis
2539 2224 2968 2306 supradictis

401 2341 475 2394 et
521 2341 834 2394 vestrum
885 2332 1176 2394 cuilibet
1223 2333 1292 2396 in
1360 2333 1660 2394 solidum
1730 2330 2227 2394 committimus
2290 2340 2505 2414 atque
2566 2330 2637 2392 in
2704 2329 2967 2392 virtute

401 2448 696 2502 sanctae
746 2439 1200 2501 obedientiae
1251 2441 1382 2502 sub
1433 2438 1748 2504 censuris
1809 2439 2059 2519 paenis
2125 2438 2196 2500 in
2247 2438 2455 2500 dictis
2502 2436 2755 2502 litteris
2802 2457 2966 2518 apo·

397 2545 670 2608 stolicis
740 2545 1091 2608 contentis
1141 2545 1458 2608 districte
1509 2545 2039 2627 praecipientes
2106 2545 2560 2624 mandamuS,
2620 2553 2969 2626 quatenus

401 2651 680 2715 litteras
727 2652 1160 2734 apostolicas
1207 2651 1643 2730 huiusmodi,
1711 2661 2087 2735 postquam
2155 2651 2321 2715 illae
2385 2651 2537 2716 sive
2586 2653 2969 2716 earundem

401 2765 658 2839 copiae
737 2758 1194 2822 authenticae
1273 2759 1509 2841 sigillo
1586 2758 1900 2822 Praelati
1979 2768 2049 2820 et
2123 2759 2377 2822 notarii
2446 2759 2969 2841 subscriptione

399 2866 714 2929 munitae
762 2885 892 2947 per
940 2875 1396 2947 nostrumque
1445 2867 1516 2929 in
1567 2864 2055 2947 spiritualibus
2100 2865 2441 2931 vicarium
2504 2866 2967 2949 subsignatae

399 2974 612 3036 vobis
670 2984 1206 3055 praesentatae,
1274 2994 1358 3035 ac
1429 2974 1664 3036 omnia
1729 2984 1799 3034 et
1862 2974 2147 3053 singula
2202 2972 2272 3034 in
2339 2973 2443 3035 eis
2504 2984 2840 3037 contenta
2900 2974 2968 3037 in

401 3080 745 3143 Ecclesiis
791 3080 1050 3143 vestris
1099 3101 1339 3143 coram
1386 3079 1632 3162 populi
1669 3080 2119 3142 multitudine
2149 3079 2344 3142 fideli
2379 3080 2965 3163 interpretatione

405 3188 701 3269 praevia
745 3187 1126 3269 publicetis
1167 3197 1238 3248 et
1268 3186 1626 3266 intimetiS,
1676 3206 2063 3269 omnesque
2112 3187 2477 3267 utriusque
2526 3207 2741 3249 sexus
2776 3185 2969 3249 Chri-

407 3292 748 3357 stifideles
798 3304 874 3355 ut
921 3293 1174 3357 litteris
1223 3294 1396 3376 ipsis
1444 3295 1858 3376 apostolicis
1908 3294 2311 3357 memoratis
2372 3292 2535 3357 sive'
2581 3294 2833 3357 Bullae
2895 3295 2969 3358 in

409 3402 735 3463 omnibus
785 3410 858 3463 et
905 3400 1202 3481 singulis
1249 3401 1566 3464 articulis
1616 3402 1811 3483 ipsos
1860 3409 1932 3464 et
1980 3422 2223 3465 eorum
2258 3400 2643 3483 quemlibet
2690 3422 2969 3484 respec-

411 3509 552 3571 tive
602 3508 1200 3571 concernentibus
1229 3510 1362 3571 sub
1395 3508 1714 3571 censuris
1761 3519 1833 3569 et
1875 3509 2125 3590 paenis
2171 3509 2242 3571 in
2293 3508 2560 3572 eisdem
2610 3511 2972 3591 expressis

415 3625 715 3696 pareant
764 3627 836 3676 et
885 3614 1226 3678 obediant
1274 3615 1562 3678 realiter
1592 3636 1748 3679 cum
1783 3616 2042 3678 effectu
2074 3617 2423 3680 moneatis
2471 3626 2542 3679 et
2574 3617 2970 3699 requiratiS,

413 3742 590 3802 quos
637 3741 770 3783 nos
818 3714 1030 3783 etiam
1081 3730 1151 3783 et
1200 3742 1443 3785 eorum
1492 3722 1883 3803 quemlibet
1928 3708 2181 3785 tenore
2228 3724 2711 3804 praesentium
2744 3725 2969 3806 requi-

418 3829 628 3891 rimus
677 3839 748 3891 et
795 3849 1162 3891 monemus
1209 3829 1280 3891 in
1332 3840 1668 3911 quantum
1715 3830 1872 3911 ipsi,
1924 3828 2022 3893 sic
2070 3829 2317 3893 moniti
2366 3840 2437 3893 et
2482 3830 2823 3913 requisiti,
2870 3832 2969 3894 ul·

422 3935 678 3999 tionem
729 3936 1038 3999 divinam
1105 3944 1177 3999 et
1239 3935 1547 3999 Sanctae
1601 3936 2063 4017 Apostolicae
2115 3936 2324 4000 Sedis
2384 3937 2968 4019 indignationem,

421 4064 685 4125 paenas
733 4064 1016 4124 quoque
1082 4055 1150 4106 et
1218 4064 1553 4107 censuras
1616 4044 1684 4106 in
1750 4044 1941 4106 dicta
2000 4045 2194 4107 bulla
2259 4053 2633 4107 contentas
2698 4045 2969 4107 evitare

417 4149 796 4220 voluerint:
849 4150 1336 4213 Certificantes
1384 4152 1672 4213 eosdem
1723 4150 1823 4211 sic
1872 4150 2177 4213 monitos
2236 4162 2306 4212 et
2351 4151 2732 4231 requisitos
2778 4153 2971 4234 quod

417 4256 560 4319 Nos
605 4258 1056 4321 nihilominus
1123 4268 1370 4323 contra
1419 4260 1725 4321 rebelles
1775 4268 1846 4320 et
1893 4258 2420 4338 inobedientes,
2490 4259 2548 4322 si
2598 4260 2805 4322 nobis
2854 4261 2968 4322 de-

422 4364 722 4427 nunciati
771 4364 1055 4443 fuerint,
1104 4364 1304 4429 iuxta
1351 4375 1424 4427 et
1457 4367 1843 4429 secundum
1884 4366 2117 4428 dictae
2146 4366 2399 4428 Bullae
2439 4366 2601 4446 vim,
2650 4367 2969 4447 formam,

423 4472 914 4535 continentiam
965 4482 1036 4535 et
1083 4482 1402 4535 tenorem
1451 4492 1536 4535 ac
1585 4475 1762 4535 alias
1811 4482 2023 4555 prout
2072 4474 2161 4535 de
2195 4472 2346 4535 iure
2395 4473 2781 4555 poterimus
2816 4494 2969 4557 pro-

425 4580 666 4642 cedere
713 4580 1152 4659 curabimuS,
1213 4580 1526 4661 ipsorum
1574 4580 2059 4643 inobedientia
2120 4600 2245 4641 seu
2293 4580 2684 4644 rebellione
2733 4580 2804 4645 in
2853 4581 2969 4644 ali-

427 4704 552 4764 quo
615 4706 758 4749 non
825 4688 1176 4749 obstante.
1290 4688 1551 4751 Datum
1619 4697 1752 4750 etc.
1830 4690 1960 4749 sub
2027 4686 2249 4750 nostri
2312 4688 2693 4752 vicariatus
2758 4688 2967 4770 sigilli
3034 4732 3038 4735 -

427 4788 891 4873 impressione.

1481 4954 1591 4966 §.e-eux«
1601 4956 1759 4968 -Ννυνν-
1773 4956 1846 4967 ’.ουκ--
1857 4956 1891 4966 ἢ
