<?xml version="1.0" encoding="UTF-8"?>
<!DOCTYPE html PUBLIC "-//W3C//DTD XHTML 1.0 Transitional//EN"
    "http://www.w3.org/TR/xhtml1/DTD/xhtml1-transitional.dtd">
<html xmlns="http://www.w3.org/1999/xhtml" xml:lang="en" lang="en">
 <head>
  <title>
</title>
<meta http-equiv="Content-Type" content="text/html;charset=utf-8" />
  <meta name='ocr-system' content='tesseract 3.04.00' />
  <meta name='ocr-capabilities' content='ocr_page ocr_carea ocr_par ocr_line ocrx_word'/>
</head>
<body>
  <div class='ocr_page' id='page_1' title='image "./monumentareform02vatigoog_0605.png"; bbox 0 0 3575 5775; ppageno 0'>
   <div class='ocr_carea' id='block_1_1' title="bbox 782 584 2634 3816">
    <p class='ocr_par' dir='ltr' id='par_1_1' title="bbox 782 584 2634 3816">
     <span class='ocr_line' id='line_1_1' title="bbox 1392 584 1886 642; baseline -0.004 -1"><span class='ocrx_word' id='word_1_1' title='bbox 1392 584 1509 641; x_wconf 76' lang='lat'><strong>0-&lt;3</strong></span> <span class='ocrx_word' id='word_1_2' title='bbox 1585 586 1689 642; x_wconf 79' lang='lat'><strong>511</strong></span> <span class='ocrx_word' id='word_1_3' title='bbox 1768 584 1886 639; x_wconf 71' lang='lat' dir='ltr'><strong>G&gt;=⁶</strong></span> 
     </span>
     <span class='ocr_line' id='line_1_2' title="bbox 782 730 2592 812; baseline -0.001 -18"><span class='ocrx_word' id='word_1_4' title='bbox 782 730 1319 812; x_wconf 84' lang='lat' dir='ltr'><strong>Gleichenberg</strong></span> <span class='ocrx_word' id='word_1_5' title='bbox 2070 732 2592 811; x_wconf 81' lang='lat' dir='ltr'><strong>Reussenberg</strong></span> 
     </span>
     <span class='ocr_line' id='line_1_3' title="bbox 784 838 2480 920; baseline -0.001 -19"><span class='ocrx_word' id='word_1_6' title='bbox 784 838 1139 901; x_wconf 88' lang='lat' dir='ltr'><strong>Pondorff</strong></span> <span class='ocrx_word' id='word_1_7' title='bbox 2071 839 2480 920; x_wconf 84' lang='lat' dir='ltr'><strong>Leumpach</strong></span> 
     </span>
     <span class='ocr_line' id='line_1_4' title="bbox 786 944 2534 1029; baseline -0.001 -22"><span class='ocrx_word' id='word_1_8' title='bbox 786 946 1148 1029; x_wconf 86' lang='lat' dir='ltr'><strong>Walpach</strong></span> <span class='ocrx_word' id='word_1_9' title='bbox 2069 944 2534 1008; x_wconf 89' lang='lat' dir='ltr'><strong>Rottenheim</strong></span> 
     </span>
     <span class='ocr_line' id='line_1_5' title="bbox 786 1051 2504 1134; baseline -0.001 -19"><span class='ocrx_word' id='word_1_10' title='bbox 786 1052 1156 1117; x_wconf 80' lang='lat' dir='ltr'><strong>Suntheim</strong></span> <span class='ocrx_word' id='word_1_11' title='bbox 2070 1051 2504 1134; x_wconf 86' lang='lat' dir='ltr'><strong>Sugenheim</strong></span> 
     </span>
     <span class='ocr_line' id='line_1_6' title="bbox 784 1160 2495 1225; baseline -0.002 -1"><span class='ocrx_word' id='word_1_12' title='bbox 784 1160 1199 1225; x_wconf 82' lang='lat' dir='ltr'><strong>Rottenfels</strong></span> <span class='ocrx_word' id='word_1_13' title='bbox 2071 1160 2132 1222; x_wconf 93' lang='lat' dir='ltr'>N</span> <span class='ocrx_word' id='word_1_14' title='bbox 2141 1160 2324 1222; x_wconf 86' lang='lat' dir='ltr'><strong>eunh</strong></span> <span class='ocrx_word' id='word_1_15' title='bbox 2333 1178 2495 1222; x_wconf 87' lang='lat' dir='ltr'><strong>ausz</strong></span> 
     </span>
     <span class='ocr_line' id='line_1_7' title="bbox 786 1266 2268 1349; baseline -0.001 -18"><span class='ocrx_word' id='word_1_16' title='bbox 786 1268 1147 1349; x_wconf 86' lang='lat' dir='ltr'><strong>Turwang</strong></span> <span class='ocrx_word' id='word_1_17' title='bbox 2070 1266 2268 1330; x_wconf 84' lang='lat' dir='ltr'><strong>Sultz</strong></span> 
     </span>
     <span class='ocr_line' id='line_1_8' title="bbox 786 1372 2484 1455; baseline -0.001 -17"><span class='ocrx_word' id='word_1_18' title='bbox 786 1372 1105 1439; x_wconf 87' lang='lat' dir='ltr'><strong>Stubach</strong></span> <span class='ocrx_word' id='word_1_19' title='bbox 2069 1372 2484 1455; x_wconf 83' lang='lat' dir='ltr'><strong>Kirchberg</strong></span> 
     </span>
     <span class='ocr_line' id='line_1_9' title="bbox 789 1481 2557 1547; baseline -0.002 0"><span class='ocrx_word' id='word_1_20' title='bbox 789 1482 995 1547; x_wconf 87' lang='lat' dir='ltr'><strong>Giich</strong></span> <span class='ocrx_word' id='word_1_21' title='bbox 2071 1481 2557 1546; x_wconf 88' lang='lat' dir='ltr'><strong>Westerdorff</strong></span> 
     </span>
     <span class='ocr_line' id='line_1_10' title="bbox 790 1588 2432 1654; baseline -0.001 -1"><span class='ocrx_word' id='word_1_22' title='bbox 790 1589 1260 1653; x_wconf 88' lang='lat' dir='ltr'><strong>Arnolffstein</strong></span> <span class='ocrx_word' id='word_1_23' title='bbox 2074 1588 2432 1654; x_wconf 87' lang='lat' dir='ltr'><strong>Gibelstat</strong></span> 
     </span>
     <span class='ocr_line' id='line_1_11' title="bbox 789 1696 2634 1760; baseline 0 -2"><span class='ocrx_word' id='word_1_24' title='bbox 789 1697 1005 1760; x_wconf 89' lang='lat' dir='ltr'><strong>Prum</strong></span> <span class='ocrx_word' id='word_1_25' title='bbox 2069 1696 2634 1760; x_wconf 86' lang='lat' dir='ltr'><strong>Hindenhausen</strong></span> 
     </span>
     <span class='ocr_line' id='line_1_12' title="bbox 790 1804 2497 1869; baseline -0.001 0"><span class='ocrx_word' id='word_1_26' title='bbox 790 1804 1301 1869; x_wconf 85' lang='lat' dir='ltr'><strong>Tasthendorff</strong></span> <span class='ocrx_word' id='word_1_27' title='bbox 2077 1804 2497 1867; x_wconf 87' lang='lat' dir='ltr'><strong>Burchstein</strong></span> 
     </span>
     <span class='ocr_line' id='line_1_13' title="bbox 786 1911 2428 1975; baseline -0.001 0"><span class='ocrx_word' id='word_1_28' title='bbox 786 1912 1099 1975; x_wconf 89' lang='lat' dir='ltr'><strong>Rednitz</strong></span> <span class='ocrx_word' id='word_1_29' title='bbox 2073 1911 2428 1975; x_wconf 78' lang='lat' dir='ltr'><strong>Gnimden</strong></span> 
     </span>
     <span class='ocr_line' id='line_1_14' title="bbox 784 2016 2368 2102; baseline -0.001 -21"><span class='ocrx_word' id='word_1_30' title='bbox 784 2018 1264 2102; x_wconf 84' lang='lat' dir='ltr'><strong>Willemberg</strong></span> <span class='ocrx_word' id='word_1_31' title='bbox 2073 2016 2368 2081; x_wconf 84' lang='lat' dir='ltr'><strong>Satzsen</strong></span> 
     </span>
     <span class='ocr_line' id='line_1_15' title="bbox 786 2126 2388 2189; baseline 0 -1"><span class='ocrx_word' id='word_1_32' title='bbox 786 2126 975 2189; x_wconf 90' lang='lat' dir='ltr'><strong>Turn</strong></span> <span class='ocrx_word' id='word_1_33' title='bbox 984 2147 1107 2189; x_wconf 87' lang='lat' dir='ltr'><strong>aro</strong></span> <span class='ocrx_word' id='word_1_34' title='bbox 2075 2126 2388 2189; x_wconf 89' lang='lat' dir='ltr'><strong>Neusesz</strong></span> 
     </span>
     <span class='ocr_line' id='line_1_16' title="bbox 786 2232 2344 2297; baseline 0.001 -2"><span class='ocrx_word' id='word_1_35' title='bbox 786 2232 1185 2297; x_wconf 86' lang='lat' dir='ltr'><strong>Freienfels</strong></span> <span class='ocrx_word' id='word_1_36' title='bbox 2070 2232 2344 2297; x_wconf 89' lang='lat' dir='ltr'><strong>Tlisten</strong></span> 
     </span>
     <span class='ocr_line' id='line_1_17' title="bbox 792 2339 2311 2403; baseline 0.001 -2"><span class='ocrx_word' id='word_1_37' title='bbox 792 2339 1041 2403; x_wconf 90' lang='lat' dir='ltr'><strong>Weier</strong></span> <span class='ocrx_word' id='word_1_38' title='bbox 2071 2340 2311 2403; x_wconf 87' lang='lat' dir='ltr'><strong>Ellern</strong></span> 
     </span>
     <span class='ocr_line' id='line_1_18' title="bbox 794 2446 2508 2530; baseline 0.001 -22"><span class='ocrx_word' id='word_1_39' title='bbox 794 2447 1303 2510; x_wconf 90' lang='lat' dir='ltr'><strong>Planckenfels</strong></span> <span class='ocrx_word' id='word_1_40' title='bbox 2079 2446 2508 2530; x_wconf 86' lang='lat' dir='ltr'><strong>Leiterpach</strong></span> 
     </span>
     <span class='ocr_line' id='line_1_19' title="bbox 790 2552 2570 2619; baseline 0.001 -3"><span class='ocrx_word' id='word_1_41' title='bbox 790 2552 1284 2617; x_wconf 90' lang='lat' dir='ltr'><strong>Weicsenfeld</strong></span> <span class='ocrx_word' id='word_1_42' title='bbox 2076 2552 2570 2619; x_wconf 86' lang='lat' dir='ltr'><strong>Storsendorff</strong></span> 
     </span>
     <span class='ocr_line' id='line_1_20' title="bbox 794 2661 2558 2742; baseline 0 -19"><span class='ocrx_word' id='word_1_43' title='bbox 794 2661 1197 2742; x_wconf 82' lang='lat' dir='ltr'><strong>Rapeneck</strong></span> <span class='ocrx_word' id='word_1_44' title='bbox 2077 2661 2558 2725; x_wconf 90' lang='lat' dir='ltr'><strong>Weisenbrun</strong></span> 
     </span>
     <span class='ocr_line' id='line_1_21' title="bbox 787 2768 2551 2833; baseline 0 -3"><span class='ocrx_word' id='word_1_45' title='bbox 787 2768 1155 2831; x_wconf 88' lang='lat' dir='ltr'><strong>Lunrennt</strong></span> <span class='ocrx_word' id='word_1_46' title='bbox 2074 2768 2551 2833; x_wconf 89' lang='lat' dir='ltr'><strong>Wartenfelsz</strong></span> 
     </span>
     <span class='ocr_line' id='line_1_22' title="bbox 788 2874 2506 2940; baseline 0 -2"><span class='ocrx_word' id='word_1_47' title='bbox 788 2877 1073 2940; x_wconf 88' lang='lat' dir='ltr'><strong>Kutzhe</strong></span> <span class='ocrx_word' id='word_1_48' title='bbox 2071 2874 2506 2939; x_wconf 89' lang='lat' dir='ltr'><strong>Weisenfels</strong></span> 
     </span>
     <span class='ocr_line' id='line_1_23' title="bbox 797 2982 2407 3048; baseline -0.001 -2"><span class='ocrx_word' id='word_1_49' title='bbox 797 2983 1189 3048; x_wconf 88' lang='lat' dir='ltr'><strong>Bittenfeld</strong></span> <span class='ocrx_word' id='word_1_50' title='bbox 2080 2982 2407 3047; x_wconf 85' lang='lat' dir='ltr'><strong>Auffsasz</strong></span> 
     </span>
     <span class='ocr_line' id='line_1_24' title="bbox 800 3090 2410 3174; baseline -0.001 -22"><span class='ocrx_word' id='word_1_51' title='bbox 800 3091 1193 3174; x_wconf 84' lang='lat' dir='ltr'><strong>Waltburg</strong></span> <span class='ocrx_word' id='word_1_52' title='bbox 2081 3090 2410 3170; x_wconf 81' lang='lat' dir='ltr'><strong>Keinach</strong></span> 
     </span>
     <span class='ocr_line' id='line_1_25' title="bbox 796 3195 2588 3262; baseline -0.002 0"><span class='ocrx_word' id='word_1_53' title='bbox 796 3198 1201 3262; x_wconf 88' lang='lat' dir='ltr'><strong>Altenstein</strong></span> <span class='ocrx_word' id='word_1_54' title='bbox 2073 3195 2588 3261; x_wconf 86' lang='lat' dir='ltr'><strong>Sachsendorff</strong></span> 
     </span>
     <span class='ocr_line' id='line_1_26' title="bbox 793 3303 2516 3390; baseline -0.001 -22"><span class='ocrx_word' id='word_1_55' title='bbox 793 3303 1287 3390; x_wconf 85' lang='lat' dir='ltr'><strong>Schwanberg</strong></span> <span class='ocrx_word' id='word_1_56' title='bbox 2075 3305 2516 3368; x_wconf 84' lang='lat' dir='ltr'><strong>Rusenbach</strong></span> 
     </span>
     <span class='ocr_line' id='line_1_27' title="bbox 787 3411 2556 3476; baseline -0.001 0"><span class='ocrx_word' id='word_1_57' title='bbox 787 3412 1027 3476; x_wconf 88' lang='lat' dir='ltr'><strong>Castel</strong></span> <span class='ocrx_word' id='word_1_58' title='bbox 2077 3411 2556 3475; x_wconf 83' lang='lat' dir='ltr'><strong>Wadendorff</strong></span> 
     </span>
     <span class='ocr_line' id='line_1_28' title="bbox 789 3519 2519 3602; baseline 0 -20"><span class='ocrx_word' id='word_1_59' title='bbox 789 3519 850 3582; x_wconf 88' lang='lat' dir='ltr'>N</span> <span class='ocrx_word' id='word_1_60' title='bbox 854 3519 1117 3602; x_wconf 86' lang='lat' dir='ltr'><strong>inburg</strong></span> <span class='ocrx_word' id='word_1_61' title='bbox 2076 3519 2519 3582; x_wconf 87' lang='lat' dir='ltr'><strong>Hallerdorff</strong></span> 
     </span>
     <span class='ocr_line' id='line_1_29' title="bbox 790 3625 2276 3708; baseline 0 -20"><span class='ocrx_word' id='word_1_62' title='bbox 790 3625 1187 3708; x_wconf 87' lang='lat' dir='ltr'><strong>Speckfeld</strong></span> <span class='ocrx_word' id='word_1_63' title='bbox 2073 3625 2276 3689; x_wconf 83' lang='lat' dir='ltr'><strong>Grub</strong></span> 
     </span>
     <span class='ocr_line' id='line_1_30' title="bbox 793 3731 2446 3816; baseline 0.001 -20"><span class='ocrx_word' id='word_1_64' title='bbox 793 3731 1293 3815; x_wconf 85' lang='lat' dir='ltr'><strong>Steffansberg</strong></span> <span class='ocrx_word' id='word_1_65' title='bbox 2077 3734 2446 3816; x_wconf 80' lang='lat' dir='ltr'><strong>lngolstat.</strong></span> 
     </span>
    </p>
   </div>
   <div class='ocr_carea' id='block_1_2' title="bbox 360 3838 2931 4996">
    <p class='ocr_par' dir='ltr' id='par_1_2' title="bbox 360 3838 2926 4137">
     <span class='ocr_line' id='line_1_31' title="bbox 541 3838 2926 3923; baseline -0 -20"><span class='ocrx_word' id='word_1_66' title='bbox 541 3841 631 3903; x_wconf 86' lang='lat' dir='ltr'><strong>Et</strong></span> <span class='ocrx_word' id='word_1_67' title='bbox 714 3841 949 3904; x_wconf 86' lang='lat' dir='ltr'><strong>adhuc</strong></span> <span class='ocrx_word' id='word_1_68' title='bbox 1020 3841 1313 3904; x_wconf 90' lang='lat' dir='ltr'><strong>totidem</strong></span> <span class='ocrx_word' id='word_1_69' title='bbox 1388 3841 1719 3904; x_wconf 89' lang='lat' dir='ltr'><strong>dicuntur</strong></span> <span class='ocrx_word' id='word_1_70' title='bbox 1788 3839 2131 3922; x_wconf 79' lang='lat' dir='ltr'>diruisse,</span> <span class='ocrx_word' id='word_1_71' title='bbox 2199 3843 2315 3905; x_wconf 89' lang='lat' dir='ltr'><strong>vel</strong></span> <span class='ocrx_word' id='word_1_72' title='bbox 2387 3841 2552 3923; x_wconf 87' lang='lat' dir='ltr'><strong>quia</strong></span> <span class='ocrx_word' id='word_1_73' title='bbox 2620 3849 2788 3903; x_wconf 88' lang='lat' dir='ltr'><strong>tunc</strong></span> <span class='ocrx_word' id='word_1_74' title='bbox 2857 3838 2926 3902; x_wconf 91' lang='lat' dir='ltr'><strong>in</strong></span> 
     </span>
     <span class='ocr_line' id='line_1_32' title="bbox 360 3945 2924 4030; baseline -0.001 -19"><span class='ocrx_word' id='word_1_75' title='bbox 360 3946 751 4030; x_wconf 82' lang='lat' dir='ltr'><strong>scriptione</strong></span> <span class='ocrx_word' id='word_1_76' title='bbox 802 3950 1109 4012; x_wconf 83' lang='lat' dir='ltr'>schedae</span> <span class='ocrx_word' id='word_1_77' title='bbox 1172 3949 1379 4012; x_wconf 90' lang='lat' dir='ltr'><strong>huius</strong></span> <span class='ocrx_word' id='word_1_78' title='bbox 1442 3950 1752 4012; x_wconf 89' lang='lat' dir='ltr'><strong>nondum</strong></span> <span class='ocrx_word' id='word_1_79' title='bbox 1813 3949 1903 4011; x_wconf 90' lang='lat' dir='ltr'><strong>de</strong></span> <span class='ocrx_word' id='word_1_80' title='bbox 1960 3949 2284 4012; x_wconf 90' lang='lat' dir='ltr'><strong>omnibus</strong></span> <span class='ocrx_word' id='word_1_81' title='bbox 2339 3947 2472 4010; x_wconf 90' lang='lat' dir='ltr'><strong>fuit</strong></span> <span class='ocrx_word' id='word_1_82' title='bbox 2543 3945 2924 4029; x_wconf 87' lang='lat' dir='ltr'><strong>cognitum,</strong></span> 
     </span>
     <span class='ocr_line' id='line_1_33' title="bbox 364 4052 2923 4137; baseline 0.001 -21"><span class='ocrx_word' id='word_1_83' title='bbox 364 4065 439 4117; x_wconf 93' lang='lat' dir='ltr'><strong>et</strong></span> <span class='ocrx_word' id='word_1_84' title='bbox 486 4054 649 4136; x_wconf 89' lang='lat' dir='ltr'><strong>quia</strong></span> <span class='ocrx_word' id='word_1_85' title='bbox 696 4057 939 4137; x_wconf 88' lang='lat' dir='ltr'><strong>plures</strong></span> <span class='ocrx_word' id='word_1_86' title='bbox 972 4075 1175 4120; x_wconf 88' lang='lat' dir='ltr'><strong>arces</strong></span> <span class='ocrx_word' id='word_1_87' title='bbox 1208 4067 1635 4118; x_wconf 83' lang='lat' dir='ltr'><strong>exusserunt</strong></span> <span class='ocrx_word' id='word_1_88' title='bbox 1664 4065 1830 4137; x_wconf 87' lang='lat' dir='ltr'><strong>post</strong></span> <span class='ocrx_word' id='word_1_89' title='bbox 1861 4057 2045 4118; x_wconf 90' lang='lat' dir='ltr'><strong>hanc</strong></span> <span class='ocrx_word' id='word_1_90' title='bbox 2078 4053 2612 4120; x_wconf 83' lang='lat' dir='ltr'><strong>annotationem</strong></span> <span class='ocrx_word' id='word_1_91' title='bbox 2641 4052 2923 4118; x_wconf 89' lang='lat' dir='ltr'><strong>factam.</strong></span> 
     </span>
    </p>

    <p class='ocr_par' dir='ltr' id='par_1_3' title="bbox 362 4159 2931 4996">
     <span class='ocr_line' id='line_1_34' title="bbox 542 4159 2929 4245; baseline 0 -22"><span class='ocrx_word' id='word_1_92' title='bbox 542 4161 1167 4244; x_wconf 85' lang='lat' dir='ltr'><strong>Vigesimaquarta</strong></span> <span class='ocrx_word' id='word_1_93' title='bbox 1234 4162 1405 4226; x_wconf 92' lang='lat' dir='ltr'><strong>Maii</strong></span> <span class='ocrx_word' id='word_1_94' title='bbox 1480 4165 1918 4226; x_wconf 87' lang='lat' dir='ltr'><strong>rebellarunt</strong></span> <span class='ocrx_word' id='word_1_95' title='bbox 1991 4163 2208 4245; x_wconf 83' lang='lat' dir='ltr'>aliqui</span> <span class='ocrx_word' id='word_1_96' title='bbox 2287 4161 2550 4225; x_wconf 91' lang='lat' dir='ltr'><strong>subditi</strong></span> <span class='ocrx_word' id='word_1_97' title='bbox 2633 4159 2929 4225; x_wconf 88' lang='lat' dir='ltr'><strong>Casmiri</strong></span> 
     </span>
     <span class='ocr_line' id='line_1_35' title="bbox 362 4268 2922 4352; baseline 0 -20"><span class='ocrx_word' id='word_1_98' title='bbox 362 4268 797 4334; x_wconf 85' lang='lat' dir='ltr'><strong>Marchionis</strong></span> <span class='ocrx_word' id='word_1_99' title='bbox 824 4269 1563 4352; x_wconf 79' lang='lat' dir='ltr'><strong>Brandenburgensi5‚</strong></span> <span class='ocrx_word' id='word_1_100' title='bbox 1612 4283 1682 4333; x_wconf 90' lang='lat' dir='ltr'><strong>et</strong></span> <span class='ocrx_word' id='word_1_101' title='bbox 1707 4271 1842 4333; x_wconf 89' lang='lat' dir='ltr'><strong>tria</strong></span> <span class='ocrx_word' id='word_1_102' title='bbox 1883 4270 2098 4334; x_wconf 87' lang='lat' dir='ltr'><strong>millia</strong></span> <span class='ocrx_word' id='word_1_103' title='bbox 2127 4270 2434 4333; x_wconf 89' lang='lat' dir='ltr'><strong>virorum</strong></span> <span class='ocrx_word' id='word_1_104' title='bbox 2482 4269 2922 4332; x_wconf 84' lang='lat' dir='ltr'><strong>obsederunt</strong></span> 
     </span>
     <span class='ocr_line' id='line_1_36' title="bbox 365 4375 2924 4459; baseline 0 -21"><span class='ocrx_word' id='word_1_105' title='bbox 365 4376 705 4459; x_wconf 88' lang='lat' dir='ltr'><strong>oppidum</strong></span> <span class='ocrx_word' id='word_1_106' title='bbox 772 4376 1203 4458; x_wconf 88' lang='lat' dir='ltr'><strong>Nevenstat,</strong></span> <span class='ocrx_word' id='word_1_107' title='bbox 1274 4378 1365 4440; x_wconf 88' lang='lat' dir='ltr'><strong>ad</strong></span> <span class='ocrx_word' id='word_1_108' title='bbox 1428 4375 1713 4441; x_wconf 88' lang='lat' dir='ltr'><strong>fluvium</strong></span> <span class='ocrx_word' id='word_1_109' title='bbox 1764 4379 1968 4440; x_wconf 89' lang='lat' dir='ltr'><strong>Asth.</strong></span> <span class='ocrx_word' id='word_1_110' title='bbox 2058 4378 2305 4459; x_wconf 87' lang='lat' dir='ltr'><strong>Itaque</strong></span> <span class='ocrx_word' id='word_1_111' title='bbox 2371 4375 2693 4439; x_wconf 86' lang='lat' dir='ltr'><strong>Marchio</strong></span> <span class='ocrx_word' id='word_1_112' title='bbox 2769 4395 2924 4439; x_wconf 88' lang='lat' dir='ltr'><strong>curn</strong></span> 
     </span>
     <span class='ocr_line' id='line_1_37' title="bbox 366 4482 2931 4567; baseline 0 -22"><span class='ocrx_word' id='word_1_113' title='bbox 366 4483 724 4546; x_wconf 84' lang='lat' dir='ltr'><strong>sexcentis</strong></span> <span class='ocrx_word' id='word_1_114' title='bbox 791 4484 1145 4565; x_wconf 81' lang='lat' dir='ltr'><strong>equitibus</strong></span> <span class='ocrx_word' id='word_1_115' title='bbox 1160 4532 1178 4565; x_wconf 86' lang='lat'><em>,</em></span> <span class='ocrx_word' id='word_1_116' title='bbox 1253 4495 1324 4547; x_wconf 86' lang='lat' dir='ltr'><strong>et</strong></span> <span class='ocrx_word' id='word_1_117' title='bbox 1388 4484 1848 4566; x_wconf 84' lang='lat' dir='ltr'><strong>noningentis</strong></span> <span class='ocrx_word' id='word_1_118' title='bbox 1906 4484 2270 4567; x_wconf 86' lang='lat' dir='ltr'>peditibus</span> <span class='ocrx_word' id='word_1_119' title='bbox 2335 4503 2412 4563; x_wconf 89' lang='lat'><strong>27</strong></span> <span class='ocrx_word' id='word_1_120' title='bbox 2477 4483 2649 4547; x_wconf 89' lang='lat' dir='ltr'><strong>Maii</strong></span> <span class='ocrx_word' id='word_1_121' title='bbox 2707 4482 2931 4546; x_wconf 85' lang='lat' dir='ltr'>exivit</span> 
     </span>
     <span class='ocr_line' id='line_1_38' title="bbox 364 4590 2930 4673; baseline 0 -21"><span class='ocrx_word' id='word_1_122' title='bbox 364 4590 940 4673; x_wconf 88' lang='lat' dir='ltr'><strong>Marchtelspach</strong></span> <span class='ocrx_word' id='word_1_123' title='bbox 991 4594 1083 4654; x_wconf 89' lang='lat' dir='ltr'><strong>ad</strong></span> <span class='ocrx_word' id='word_1_124' title='bbox 1130 4591 1345 4673; x_wconf 84' lang='lat' dir='ltr'><strong>Ipsan</strong></span> <span class='ocrx_word' id='word_1_125' title='bbox 1426 4601 1497 4654; x_wconf 92' lang='lat' dir='ltr'><strong>et</strong></span> <span class='ocrx_word' id='word_1_126' title='bbox 1559 4591 1629 4654; x_wconf 92' lang='lat' dir='ltr'><strong>in</strong></span> <span class='ocrx_word' id='word_1_127' title='bbox 1687 4592 1940 4655; x_wconf 87' lang='lat' dir='ltr'><strong>itinere</strong></span> <span class='ocrx_word' id='word_1_128' title='bbox 2005 4590 2322 4654; x_wconf 88' lang='lat' dir='ltr'><strong>incendit</strong></span> <span class='ocrx_word' id='word_1_129' title='bbox 2382 4591 2656 4673; x_wconf 90' lang='lat' dir='ltr'><strong>aliquas</strong></span> <span class='ocrx_word' id='word_1_130' title='bbox 2724 4591 2930 4652; x_wconf 86' lang='lat' dir='ltr'><strong>villas</strong></span> 
     </span>
     <span class='ocr_line' id='line_1_39' title="bbox 368 4696 2926 4781; baseline -0 -21"><span class='ocrx_word' id='word_1_131' title='bbox 368 4697 898 4777; x_wconf 87' lang='lat' dir='ltr'><strong>seditiosorum,</strong></span> <span class='ocrx_word' id='word_1_132' title='bbox 950 4711 1021 4761; x_wconf 92' lang='lat' dir='ltr'><strong>et</strong></span> <span class='ocrx_word' id='word_1_133' title='bbox 1067 4699 1286 4779; x_wconf 83' lang='lat' dir='ltr'><strong>aliqui</strong></span> <span class='ocrx_word' id='word_1_134' title='bbox 1334 4701 1427 4760; x_wconf 90' lang='lat' dir='ltr'><strong>ab</strong></span> <span class='ocrx_word' id='word_1_135' title='bbox 1476 4699 1835 4780; x_wconf 90' lang='lat' dir='ltr'><strong>equitibus</strong></span> <span class='ocrx_word' id='word_1_136' title='bbox 1883 4698 2219 4780; x_wconf 85' lang='lat' dir='ltr'><strong>deprensi</strong></span> <span class='ocrx_word' id='word_1_137' title='bbox 2267 4698 2806 4781; x_wconf 85' lang='lat' dir='ltr'><strong>iugulabantur:</strong></span> <span class='ocrx_word' id='word_1_138' title='bbox 2857 4696 2926 4759; x_wconf 89' lang='lat' dir='ltr'><strong>in</strong></span> 
     </span>
     <span class='ocr_line' id='line_1_40' title="bbox 368 4803 2926 4886; baseline 0 -20"><span class='ocrx_word' id='word_1_139' title='bbox 368 4803 487 4886; x_wconf 88' lang='lat' dir='ltr'><strong>Ips</strong></span> <span class='ocrx_word' id='word_1_140' title='bbox 534 4805 783 4868; x_wconf 89' lang='lat' dir='ltr'><strong>decern</strong></span> <span class='ocrx_word' id='word_1_141' title='bbox 830 4806 1140 4868; x_wconf 88' lang='lat' dir='ltr'><strong>rebelles</strong></span> <span class='ocrx_word' id='word_1_142' title='bbox 1186 4805 1389 4868; x_wconf 89' lang='lat' dir='ltr'><strong>iussit</strong></span> <span class='ocrx_word' id='word_1_143' title='bbox 1436 4805 1810 4879; x_wconf 82' lang='lat' dir='ltr'><strong>decollari3</strong></span> <span class='ocrx_word' id='word_1_144' title='bbox 1876 4816 1948 4868; x_wconf 89' lang='lat' dir='ltr'><strong>et</strong></span> <span class='ocrx_word' id='word_1_145' title='bbox 1991 4805 2064 4868; x_wconf 90' lang='lat' dir='ltr'><strong>in</strong></span> <span class='ocrx_word' id='word_1_146' title='bbox 2111 4805 2364 4869; x_wconf 90' lang='lat' dir='ltr'><strong>itinere</strong></span> <span class='ocrx_word' id='word_1_147' title='bbox 2412 4825 2662 4868; x_wconf 87' lang='lat' dir='ltr'><strong>versus</strong></span> <span class='ocrx_word' id='word_1_148' title='bbox 2711 4805 2926 4867; x_wconf 86' lang='lat' dir='ltr'><strong>Bern-</strong></span> 
     </span>
     <span class='ocr_line' id='line_1_41' title="bbox 368 4911 2929 4996; baseline 0 -22"><span class='ocrx_word' id='word_1_149' title='bbox 368 4911 553 4975; x_wconf 89' lang='lat' dir='ltr'><strong>heim</strong></span> <span class='ocrx_word' id='word_1_150' title='bbox 602 4911 905 4975; x_wconf 89' lang='lat' dir='ltr'><strong>trecenti</strong></span> <span class='ocrx_word' id='word_1_151' title='bbox 950 4911 1195 4974; x_wconf 90' lang='lat' dir='ltr'><strong>rustici</strong></span> <span class='ocrx_word' id='word_1_152' title='bbox 1241 4912 1645 4976; x_wconf 89' lang='lat' dir='ltr'><strong>inciderunt</strong></span> <span class='ocrx_word' id='word_1_153' title='bbox 1690 4913 1761 4976; x_wconf 91' lang='lat' dir='ltr'><strong>in</strong></span> <span class='ocrx_word' id='word_1_154' title='bbox 1813 4912 2088 4994; x_wconf 89' lang='lat' dir='ltr'><strong>equites</strong></span> <span class='ocrx_word' id='word_1_155' title='bbox 2133 4914 2502 4996; x_wconf 77' lang='lat' dir='ltr'><strong>praevi05‚</strong></span> <span class='ocrx_word' id='word_1_156' title='bbox 2553 4916 2929 4995; x_wconf 84' lang='lat' dir='ltr'><strong>sexaginta</strong></span> 
     </span>
    </p>
   </div>
  </div>
 </body>
</html>
