3575 5775
1613 545 2105 615 1-4'3318834

573 708 786 771 modo
855 702 1266 769 demerendi
1339 702 1466 767 sed
1529 712 1601 767 et
1664 707 1890 768 verbo
1948 700 2323 769 erudiendi
2393 711 2558 767 sunt
2617 712 2831 785 atque
2894 684 3163 783 eciam,

576 815 635 877 si
683 814 782 877 ita
831 834 1009 895 opus
1057 812 1181 891 sit,
1244 810 1458 874 armis
1505 811 1995 892 spiritualibus
2062 810 2564 894 expugnandi;
2632 810 2975 894 Episcopi
3045 810 3165 874 sui

581 920 797 985 officii
845 920 1374 998 commonendi,
1425 918 1751 981 civitates
1800 918 1871 982 in
1921 917 2157 982 officio
2208 916 2716 998 continendae,
2765 916 3169 1001 gymnasia

577 1030 1053 1105 adhortanda,
1111 1024 1440 1089 monachi
1489 1025 1880 1105 excitandi,
1953 1024 2145 1088 docti
2193 1024 2456 1107 ubique
2504 1044 2631 1106 spe
2681 1034 2753 1087 et
2796 1024 3167 1106 pollicita-

577 1135 769 1198 tione
816 1134 1192 1197 alliciendi.
1289 1133 1366 1195 In
1422 1132 1676 1215 quibus
1725 1142 1920 1195 certe
1978 1152 2120 1195 non
2184 1131 2545 1194 minimum
2605 1133 2888 1213 pondus
2905 1152 3172 1212 ,-mea

579 1241 933 1323 opinione,
983 1240 1190 1303 situm
1242 1249 1367 1303 est.
1465 1239 1986 1321 Perpurganda
2035 1258 2317 1321 quoque
2359 1240 2620 1301 rudera
2668 1238 2951 1319 Curiae,
3002 1258 3168 1301 cur·

578 1350 963 1411 tisanorum
1013 1347 1284 1410 scilicet
1335 1346 1478 1426 fex,
1527 1347 1840 1429 bonique
1870 1347 2357 1410 tantummodo
2392 1366 2475 1409 ac
2511 1345 2725 1427 docti,
2772 1346 2841 1407 in
2892 1346 3175 1429 quibus

579 1476 859 1538 semper
904 1454 1291 1536 presidium
1339 1454 1408 1515 in
1459 1464 1793 1537 promptu
1845 1465 1990 1534 est,
2038 1452 2523 1535 provehendi;
2588 1452 2662 1514 id
2710 1454 2901 1534 quod
2956 1460 3175 1515 certe

579 1563 658 1626 T.
709 1561 780 1626 S.
835 1562 967 1623 erit
1015 1561 1084 1623 in
1135 1561 1380 1643 primis
1429 1580 1714 1633 curare;
1783 1568 1998 1641 atque
2046 1570 2123 1623 ut
2168 1560 2358 1623 idem
2406 1559 2532 1622 fiat
2580 1580 2625 1623 a
2671 1559 3017 1622 Patribus
3072 1562 3176 1623 ab

580 1668 954 1752 Episcopis
988 1679 1111 1756 tua
1144 1667 1565 1731 auctoritate
1605 1666 2069 1730 intercedere.
2164 1666 2346 1729 Nam
2396 1667 2456 1729 si
2503 1668 2753 1730 horum
2802 1668 3179 1731 hactenus

583 1776 806 1841 maior
852 1775 1103 1838 fuisset
1150 1775 1396 1838 habita
1444 1774 1650 1854 rati0,
1697 1786 1897 1837 certe
1941 1794 2083 1837 non
2132 1782 2277 1836 tam
2324 1774 2633 1855 pessime
2662 1773 2877 1837 hodie
2908 1774 3180 1837 Eccle-

583 1884 733 1947 siae
783 1882 1148 1965 negotium
1199 1882 1496 1945 audiret.
1610 1881 1984 1943 Postremo
2050 1880 2479 1943 Germaniae
2544 1892 2835 1944 nostrae
2893 1902 3181 1963 grava-

585 1991 775 2055 mina
824 1990 1219 2053 relaxanda
1274 1998 1496 2069 erunt,
1547 1988 1645 2050 ita
1693 1988 1882 2050 enim
1931 2008 2073 2050 non
2122 2008 2509 2070 paucoxum
2556 1988 2827 2051 animos
2874 1988 2960 2052 T.
3023 1988 3181 2051 sibi

587 2096 662 2162 S.
712 2096 1209 2161 deme-rebitur.
1304 2095 1703 2158 Novissime
1752 2116 1927 2158 vero
1977 2095 2204 2158 omnis
2251 2094 2617 2158 Ecclesiae
2664 2096 2914 2177 facies,
2971 2116 3181 2177 quae

588 2216 782 2269 certe
830 2224 973 2266 non
1021 2224 1160 2266 una
1207 2212 1414 2285 parte
1462 2204 1843 2285 deturpata
1906 2212 2046 2282 est,
2095 2201 2549 2265 reformanda
2596 2202 2748 2266 erit.
2842 2202 3059 2265 Haec
3116 2203 3186 2265 si

587 2314 666 2377 T.
719 2310 790 2374 S.
843 2310 1246 2394 promiserit
1278 2309 1810 2391 prestiteritque
1842 2308 2133 2371 dubium
2162 2308 2329 2371 mihi
2374 2328 2515 2373 non
2565 2310 2701 2371 erit
2745 2320 3184 2391 presentem

589 2440 802 2502 posse
852 2426 1348 2499 tempestatem
1399 2417 1655 2481 sedari.
1751 2414 2039 2479 Suadeo
2105 2425 2341 2479 tamen
2391 2416 2666 2480 interea
2714 2426 2787 2479 et
2834 2417 2902 2480 in
2958 2416 3185 2479 Urbe

592 2537 662 2589 et
709 2525 780 2589 in
831 2523 1026 2587 Orbe
1075 2542 1157 2586 ac
1209 2524 1474 2605 passim
1521 2544 1650 2607 per
1716 2524 1998 2606 singula
2060 2524 2489 2587 monasteria
2555 2527 2845 2587 crebras
2909 2544 3187 2611 preca-

593 2633 832 2697 ciones
875 2630 1053 2710 fieri,
1096 2630 1310 2693 indici
1343 2629 1625 2713 ieiunia,
1682 2630 1912 2693 Deum
1956 2629 2441 2693 communibus
2489 2630 2676 2693 votis
2714 2650 2796 2693 ac
2824 2632 3192 2713 lacrymis

593 2759 895 2803 exorare
927 2748 1004 2801 ut
1037 2758 1167 2800 nos
1201 2740 1292 2800 ab
1340 2739 1474 2800 hac
1530 2748 1927 2819 temporum
1974 2737 2243 2800 malitia
2289 2736 2566 2818 liberet,
2616 2749 2687 2801 et
2735 2741 2985 2819 procul
3046 2742 3188 2801 du-

591 2848 710 2910 bio
760 2866 888 2909 nos
937 2865 1076 2908 non
1128 2846 1438 2926 deseret,
1498 2846 1623 2908 sed
1691 2854 1762 2907 et
1811 2844 2119 2927 spo‘nsae
2168 2840 2475 2908 Sanctae
2525 2844 2889 2908 Ecclesiae
2938 2865 3190 2929 exop-

594 2966 812 3017 tatam
861 2953 1158 3017 donabit
1205 2973 1475 3037 pacem.
1571 2951 1807 3014 Unum
1840 2962 2166 3035 superest
2200 2953 2391 3034 quod
2422 2951 2534 3014 his
2563 2952 2789 3016 turbis
2819 2953 3189 3017 sedandis

595 3060 897 3143 aliquid,
969 3061 1040 3122 ni
1110 3059 1340 3140 fallor,
1392 3059 1847 3122 emolumenti
1919 3058 2217 3124 adferet.
2334 3058 2495 3121 Hoc
2557 3071 2665 3122 est
2734 3059 2791 3122 si
2854 3075 3195 3124 caveant

596 3167 957 3253 principes
1006 3177 1308 3228 caveant
1339 3176 1409 3257 et
1457 3166 1804 3246 civitateS,
1853 3167 2047 3228 nulla
2092 3165 2526 3229 clancularia
2586 3165 2741 3230 fieri
2799 3167 3186 3232 conve-nti·

597 3276 776 3355 cula,
825 3274 1056 3336 nullas
1107 3271 1704 3354 conspirationes;
1755 3292 1871 3335 res
1920 3272 2106 3334 enim
2152 3273 2380 3354 magis
2421 3272 2735 3338 factione
2768 3294 2981 3356 quam
3034 3297 3193 3358 pro

597 3381 899 3444 veritate
947 3379 1219 3461 agitur;
1274 3379 1532 3442 deinde
1567 3379 1961 3442 sediciosae
1997 3389 2072 3441 ut
2104 3379 2177 3442 in
2210 3380 2572 3462 publicum
2604 3381 3195 3449 declamationes

599 3487 1112 3570 prohibeantur
1160 3485 1363 3548 simul
1413 3495 1483 3549 et
1532 3486 1650 3568 qui
1699 3487 2016 3550 famosos
2064 3486 2346 3550 libellos
2408 3489 2522 3550 vel
2587 3492 2806 3551 edunt
2858 3491 2982 3552 vel
3050 3513 3193 3556 ex·

600 3596 868 3657 cudunt
917 3602 1033 3655 aut
1083 3593 1296 3655 etiam
1345 3593 1740 3656 divendunt
1798 3603 1874 3656 ut
1940 3593 2353 3676 puniantur;
2424 3594 2831 3678 deligantur
2875 3617 3197 3681 quoque

602 3701 723 3782 qui
773 3699 1267 3782 perquirendis
1315 3701 1453 3763 illis
1500 3701 1773 3782 presint
1821 3701 2025 3764 simul
2076 3713 2145 3763 et
2194 3701 2701 3766 concionantes
2757 3706 3198 3776 observent.

601 3806 940 3891 Episcopi
1022 3807 1233 3870 etiam
1295 3810 1814 3871 auscultatores
1880 3810 2269 3871 decernant
2328 3808 2447 3890 qui
2510 3811 2759 3874 horum
2822 3812 3199 3894 dogmata

603 3915 1010 3980 diiudicent.

782 4022 984 4085 Haec
1031 4043 1164 4105 pro
1215 4043 1373 4086 mea
1397 4022 1820 4103 temeritate,
1868 4023 2291 4104 Beatissime
2322 4023 2559 4106 Pater,
2605 4025 2928 4106 pluribus
2980 4025 3201 4092 forte

607 4151 817 4211 quam
865 4150 1047 4210 opus
1097 4141 1270 4210 erat,
1329 4131 1410 4194 T.
1460 4128 1532 4193 S.
1593 4150 2043 4194 commonere
2108 4130 2335 4210 volui,
2397 4152 2538 4195 non
2604 4134 2790 4214 quod
2847 4133 3203 4200 dubitem

607 4238 858 4299 adesse
908 4236 1036 4299 tibi
1086 4237 1199 4319 qui
1271 4235 1342 4300 S.
1393 4237 1472 4300 T.
1538 4237 1791 4299 similia
1855 4245 1925 4299 et
1982 4237 2265 4300 saniora
2326 4248 2748 4321 suggerant,
2810 4241 2933 4306 sed
3010 4245 3205 4324 quia

606 4363 716 4406 me
765 4341 983 4405 officii
1031 4364 1314 4427 quoque
1342 4343 1481 4407 mei
1513 4343 1861 4406 rationem
1894 4345 2163 4407 habere
2200 4345 2555 4426 oportuit;
2606 4367 2765 4411 nam
2816 4345 2935 4409 ubi
2988 4369 3202 4414 com-

607 4471 814 4513 mune
847 4449 1234 4531 periculum
1270 4449 1603 4530 imminet,
1653 4449 1751 4530 ibi
1802 4459 1995 4512 certe
2027 4450 2096 4514 in
2140 4451 2501 4532 publicum
2535 4454 2983 4518 consultandi
3037 4477 3209 4522 orn-

607 4557 816 4619 nibus
865 4575 1095 4638 aequa
1140 4555 1444 4619 facultas
1492 4565 1600 4618 est
1713 4555 1996 4619 Vellem
2044 4577 2181 4639 ego
2231 4560 2417 4620 hunc
2465 4557 2771 4623 animum
2816 4580 3055 4625 meum
3116 4565 3207 4630 in

608 4663 862 4726 litteris
909 4683 1103 4743 esse,
1168 4675 1244 4725 ut
1308 4663 1576 4727 scilicet
1643 4684 1785 4727 non
1849 4663 2160 4727 consiliis
2206 4667 2418 4729 modo
2468 4668 2595 4728 sed
2643 4687 2719 4730 re
2768 4687 3059 4750 quoque
3120 4684 3210 4736 et

609 4789 830 4852 opera
859 4771 1214 4832 turbatam
1247 4769 1614 4833 Ecclesiae
1662 4790 1914 4852 pacem
1961 4772 2447 4847 vindicarent;
2498 4793 2743 4836 verum
2774 4784 3211 4843 mutescunt

611 4875 1015 4960 gymnasia,
1083 4873 1439 4940 dormiunt
1498 4876 1826 4940 monachi
1876 4886 1947 4940 et
1994 4879 2205 4959 pauci
2266 4879 2646 4942 admodum
2708 4889 2871 4944 sunt
2926 4881 3051 4963 qui
3114 4905 3209 4949 se
