3575 5775
1318 562 1434 614 0-<R
1514 565 1614 618 111
1695 562 1813 616 ΞΜ)

307 733 444 776 esse
487 717 928 794 opporteret,
977 714 1202 776 verbo
1253 721 1325 774 et
1371 731 1592 792 opere
1643 710 2113 792 exemplariS,
2164 731 2305 773 non
2354 712 2851 774 scandalorum

304 819 630 898 inventor,
679 840 764 882 ac
813 819 1014 900 pacis
1061 838 1268 900 quam
1321 817 1644 881 Christus
1691 819 1760 879 in
1814 817 2109 881 Coelum
2154 839 2581 882 ascensurus
2640 827 2847 881 testa-

305 937 519 990 mento
590 945 720 990 suo
792 927 1002 990 nobis
1049 925 1364 1006 reliquit,
1436 934 1684 987 auctor
1732 935 1805 987 et
1850 944 2137 1006 suasor,
2185 945 2323 988 non
2374 926 2733 989 zinzaniae
2782 937 2854 988 et

304 1033 796 1098 discordiarum
847 1045 1062 1113 sator,
1111 1032 1597 1116 Evangelicae
1647 1033 1971 1096 veritatis
2016 1041 2367 1114 assertor,
2434 1054 2576 1096 non
2626 1033 2849 1095 extin-

305 1151 552 1204 ctarum
583 1139 724 1202 iam
773 1142 1108 1203 heresum
1155 1140 1603 1222 importunus
1651 1141 2029 1220 excitator,
2078 1141 2301 1204 lorica
2346 1139 2513 1202 fidei
2564 1140 2855 1202 indutus

302 1260 364 1310 et
403 1247 720 1311 veritatis
769 1246 1012 1328 gladio
1063 1246 1460 1327 accinctuS,
1510 1268 1599 1310 ne
1649 1257 1959 1310 armatas
2008 1248 2331 1330 legiones
2382 1247 2665 1329 quidem
2716 1247 2849 1310 for-

301 1354 603 1433 midaret,
652 1373 735 1416 ac
785 1363 1144 1418 tormenta
1189 1364 1262 1416 et
1293 1353 1500 1436 ignes
1531 1355 1969 1435 negligeret3
2022 1375 2201 1417 nunc
2238 1375 2409 1418 vero
2441 1355 2852 1436 intelligens

299 1481 492 1542 quam
539 1462 795 1543 gravia
843 1460 1307 1540 commiserit,
1375 1480 1622 1543 parem
1670 1461 1987 1542 peccatis
2036 1481 2341 1543 poenam
2390 1461 2618 1541 timet,
2672 1481 2849 1523 eam·

298 1589 422 1649 que
464 1588 749 1650 semper
795 1579 962 1631 ante
1011 1569 1257 1632 oculos
1304 1567 1580 1632 versari
1649 1577 1891 1650 putat,
1960 1579 2035 1630 et
2103 1570 2285 1631 hanc
2354 1569 2573 1631 vitam
2649 1570 2851 1632 relin-

298 1696 500 1757 quere
546 1676 906 1756 formidat,
957 1675 1240 1739 minime
1289 1675 1606 1758 ignaruS,
1657 1696 1842 1756 quae
1890 1676 2244 1758 supplicia
2270 1675 2469 1738 illum
2516 1677 2587 1740 in
2628 1680 2853 1740 altero

299 1786 523 1847 seculo
573 1794 930 1847 maneant.
1037 1783 1340 1846 Demum
1390 1782 1590 1864 quasi
1639 1804 1768 1846 sua
1818 1795 1889 1845 et
1938 1783 2314 1846 Athanasii
2350 1803 2567 1846 causa
2601 1787 2851 1846 eadem

298 1890 394 1970 sit,
455 1912 498 1954 a
549 1891 756 1954 nobis
802 1899 1100 1972 propter
1150 1891 1300 1953 eius
1349 1889 1868 1958 contumaciam
1933 1891 2186 1953 merito
2234 1892 2638 1972 damnatus,
2702 1891 2849 1952 Ma·

289 1998 604 2078 jestatem
653 1998 880 2060 Tuam
927 1998 1254 2078 invocat,
1304 2007 1376 2059 et
1423 2000 1556 2060 sub
1619 1997 1771 2059 eius
1820 1999 2095 2060 alarum
2139 2001 2463 2061 umbram
2494 1997 2851 2080 confugit,

297 2125 488 2184 quem
538 2105 880 2186 Majestas
929 2107 1178 2168 eadem
1230 2117 1382 2186 tua,
1447 2125 1590 2168 non
1637 2125 1730 2168 ex
1777 2105 1925 2185 his,
1987 2125 2170 2186 quae
2220 2123 2403 2194 nunc
2452 2106 2643 2188 apud
2695 2125 2849 2168 eam

295 2211 464 2274 falso
511 2213 878 2293 mentitur,
926 2213 1394 2294 improbeque
1443 2212 1949 2292 calumniatur,
1998 2214 2126 2274 sed
2172 2231 2268 2275 ex
2318 2212 2609 2279 nefariis
2656 2213 2847 2275 libel-

295 2318 370 2380 lis
415 2330 664 2383 contra
710 2319 881 2384 fidei
927 2321 1303 2384 veritatem
1351 2319 1422 2382 in
1471 2319 1835 2400 publicum
1880 2319 2107 2402 editis,
2162 2341 2243 2383 ac
2279 2320 2511 2402 impiis
2544 2331 2617 2382 et
2650 2339 2851 2384 scan-

295 2426 545 2490 dalosis
579 2427 732 2490 eius
765 2429 1103 2509 operibus
1136 2427 1562 2508 aestimabit,
1611 2436 1684 2489 et
1713 2428 1885 2507 quid
1916 2447 2075 2491 cum
2109 2427 2255 2490 suis
2290 2429 2755 2509 complicibus
2786 2437 2857 2490 et

293 2535 704 2614 sequacibus
735 2535 1020 2598 sibimet
1049 2534 1242 2617 ipsiS,
1292 2535 1494 2617 quasi
1526 2544 1799 2597 statuas
1834 2534 2278 2618 erigentibus
2314 2556 2397 2597 ac
2434 2538 2851 2598 sceleratam

293 2639 592 2722 effigiem
643 2662 844 2704 suam
891 2648 1105 2704 cartis
1151 2642 1566 2724 impressam
1618 2644 1839 2724 vulgo
1870 2643 2413 2706 'ostentantibus
2447 2663 2589 2705 non
2626 2644 2853 2705 solum

292 2748 624 2812 adversus
673 2769 804 2810 nos
854 2758 925 2813 et
975 2748 1234 2812 dictam
1283 2750 1548 2827 sedem,
1599 2751 1726 2812 sed
1776 2749 1990 2812 etiam
2042 2761 2290 2812 contra
2339 2749 2702 2830 honorem,
2770 2769 2855 2812 ac

292 2863 538 2919 statum
575 2855 1035 2921 Celsitudinis
1066 2867 1228 2921 tuae
1264 2857 1604 2921 seditiose
1654 2858 1905 2939 moliri,
1957 2858 2411 2939 maligneque
2460 2857 2853 2921 machinari

292 2974 574 3027 conatus
635 2964 886 3043 fuerit,
949 2986 1032 3027 ac
1096 2965 1308 3027 etiam
1371 2986 1554 3028 nunc
1619 2966 1976 3028 obstinate
2042 2966 2285 3027 conari
2344 2986 2483 3029 non
2535 2967 2852 3044 desistat,

291 3071 580 3147 provide
626 3071 1129 3135 considerabit.
1213 3072 1304 3135 Et
1350 3073 1538 3135 intra
1600 3073 1855 3135 mentis
1906 3092 2077 3137 suae
2125 3074 2437 3135 archan-a
2474 3074 2853 3135 revolvens

289 3174 750 3253 Justinianum
813 3188 884 3240 et
947 3190 1232 3243 sanctos
1295 3180 1456 3243 illos
1504 3181 1877 3243 Romanos
1940 3182 2418 3263 Imperatores
2478 3182 2851 3261 predeces-

292 3302 480 3347 sores
525 3305 713 3367 suOS,
761 3286 946 3349 inter
996 3286 1292 3348 eximias
1342 3298 1412 3349 et
1459 3289 1825 3367 preclaras
1873 3288 2141 3367 laudes,
2190 3307 2367 3368 quas
2402 3288 2726 3349 maximis
2760 3290 2847 3348 la·
2898 3330 2903 3335 -

293 3391 571 3455 boribus
628 3403 698 3456 et
755 3393 1096 3474 periculis
1152 3404 1688 3475 compararunt,
1756 3397 1940 3457 hanc
2006 3395 2225 3457 veluti
2282 3394 2714 3475 singularem
2771 3414 2852 3457 ac

293 3498 691 3581 precipuam
740 3520 1025 3582 semper
1056 3503 1505 3582 amplexatos
1534 3500 1772 3583 fuisse,
1827 3514 1905 3565 ut
1940 3512 2231 3565 exortas
2261 3504 2552 3565 hereses
2585 3502 2854 3564 viribus

293 3605 604 3668 omnibus
665 3608 881 3670 etiam
946 3608 1015 3670 in
1073 3607 1324 3671 alienis
1375 3608 1772 3673 Provinciis
1822 3619 1893 3672 et
1941 3608 2188 3690 regnis
2232 3620 2855 3691 persequerentur,

295 3730 542 3794 easque
589 3713 930 3777 radicitus
981 3715 1460 3796 extirparent,
1527 3729 1597 3779 et
1646 3716 2056 3780 Catholicae
2106 3716 2469 3780 Ecclesiae
2520 3716 2851 3779 Christifi·

295 3819 538 3883 delium
587 3821 900 3885 omnium
947 3822 1162 3885 Matri
1210 3844 1460 3904 pacem
1511 3835 1584 3886 et
1631 3825 1971 3887 unitatem
2018 3826 2515 3905 restituerent,
2582 3827 2673 3887 ab
2721 3827 2855 3886 hac

299 3924 442 4005 ipsa
486 3928 696 3991 laude
747 3927 926 3991 felix
992 3949 1072 3991 ac
1135 3928 1442 3995 faustum
1489 3930 1874 4012 Imperium
1934 3950 2143 3995 suum·
2199 3931 2710 4014 auspicabitur,
2780 3946 2855 3994 ut

299 4033 444 4094 huic
497 4044 639 4097 tam
703 4033 896 4097 felici
965 4046 1034 4099 et
1095 4037 1466 4117 auspicato
1517 4037 1718 4101 initio
1767 4040 2045 4120 reliqua
2092 4040 2333 4103 divina
2381 4040 2669 4101 favente
2718 4042 2852 4102 cle-

299 4142 542 4205 mentia
588 4142 1034 4223 respondere
1083 4145 1401 4224 valeant,
1467 4166 1595 4207 nec
1650 4166 1859 4209 aures
1910 4146 2047 4209 illis
2098 4146 2214 4227 qui
2265 4168 2419 4209 eam
2470 4148 2561 4208 de
2608 4158 2855 4210 sancto

301 4249 648 4329 proposito
705 4268 837 4312 suo
894 4268 1214 4331 movere,
1284 4273 1365 4314 ac
1427 4252 1802 4317 diabolicis
1861 4254 2133 4317 artibus
2188 4266 2261 4317 et
2322 4254 2599 4317 insidiis
2666 4257 2858 4317 labe-=

301 4352 550 4419 factare
611 4367 964 4420 conantur
1023 4359 1408 4440 prestabit,
1473 4363 1600 4423 sed
1658 4382 1782 4423 eos
1832 4373 2166 4443 tanquam
2216 4382 2567 4425 venenum
2618 4373 2690 4424 et
2736 4384 2851 4445 pe—

303 4472 460 4524 stem
507 4484 548 4525 a
596 4474 988 4546 conspectu
1039 4486 1166 4529 suo
1217 4466 1488 4549 eiiciet,
1551 4490 1633 4531 ac
1683 4468 1755 4531 in
1806 4470 2159 4533 sententia
2209 4490 2335 4530 sua
2384 4470 2853 4551 permanebit,

303 4582 492 4645 prout
550 4592 703 4635 eam
776 4570 1061 4633 omnino
1109 4572 1458 4637 facturam
1509 4587 1581 4637 et
1629 4596 1769 4637 non
1820 4586 1963 4638 tam
2012 4586 2325 4638 nostram
2375 4597 2584 4657 quam
2632 4578 2855 4658 ipsius

305 4670 442 4755 Dei,
489 4700 568 4740 ac
618 4689 912 4741 sanctae
960 4677 1129 4743 fidei
1177 4701 1348 4744 suae
1397 4702 1682 4745 causam
1731 4693 1983 4746 contra
2026 4683 2413 4746 Lutherum
2460 4685 2668 4747 istum
2718 4704 2853 4748 orn-

306 4799 547 4863 nesque
583 4786 1030 4850 Lutheranos
1069 4786 1242 4851 nihil
1289 4800 1530 4871 preter
1579 4790 2005 4853 seditionem
2052 4800 2124 4852 et
2170 4792 2514 4854 scandala
2560 4812 2851 4873 queren-

307 4897 404 4948 tes
459 4903 938 4976 suscepturam
1001 4906 1072 4957 et
1127 4894 1261 4957 nisi
1321 4896 1795 4980 rescipuerint
1854 4899 2131 4983 potenti
2180 4900 2495 4963 brachio
2540 4922 2685 4965 -suo
2736 4902 2851 4965 de-
