3575 5775
1742 557 2235 613 oe<131468>0

708 704 1010 767 in-tutto
1060 703 1239 768 fatto
1289 707 1358 766 lo
1405 706 1538 766 che
1586 705 1679 766 lui
1711 706 1937 784 voleat,
1990 706 2225 768 donde
2273 726 2353 769 se
2396 727 2484 768 ne
2519 716 2727 769 trova
2760 708 2978 770 molto
3012 726 3255 787 aggra-

709 820 876 874 vato
925 822 995 874 et
1043 812 1180 874 mal
1229 818 1598 884 contento;
1649 831 1862 892 spero
1911 813 2043 874 che
2091 812 2140 874 li
2188 813 2527 876 advenira
2570 833 2791 876 ancor
2816 813 3085 896 peggio
3134 813 3258 876 nisi

708 919 958 982 redeat
1002 920 1094 982 ad
1144 939 1284 982 cor.

887 1026 970 1088 Li
1003 1025 1392 1088 Lutherani
1435 1028 1764 1087 haveano
1796 1024 1919 1107 gia
1963 1035 2248 1106 portato
2282 1027 2475 1094 dalla
2512 1027 2689 1091 fieta
2718 1028 2789 1090 di
2821 1028 3263 1091 Franchford

710 1133 802 1194 da
849 1153 1085 1196 nuovo
1133 1131 1254 1214 piu
1305 1132 1376 1194 di
1423 1141 1532 1194 tre
1581 1131 1838 1212 grandi
1886 1132 2247 1215 carriaggi
2294 1131 2364 1195 di
2414 1134 2573 1198 libri
2622 1133 2768 1197 cosi
2816 1133 3022 1215 primi
3071 1155 3265 1198 come

709 1239 942 1302 alcuni
1009 1239 1258 1319 nuovi‚
1333 1260 1445 1301 ma
1509 1238 1796 1301 subbito
1866 1239 2103 1302 hanno
2170 1241 2582 1320 sgombrato
2650 1250 2721 1302 et
2786 1262 2964 1304 sono
3027 1242 3263 1304 restati

707 1348 926 1409 molto
993 1345 1272 1409 attoniti
1340 1346 1602 1427 perche
1670 1365 1803 1426 per
1864 1355 2117 1426 questa
2164 1346 2424 1409 tardita
2490 1346 2563 1409 di
2610 1357 2947 1429 questoro
3014 1351 3170 1411 loro
3226 1369 3266 1410 o

707 1454 1061 1515 credeano
1129 1473 1172 1516 o
1221 1455 1472 1514 saltem
1542 1453 2024 1533 divulgavano
2075 1455 2165 1517 de
2215 1455 2467 1517 creder
2524 1457 2657 1518 che
2704 1455 2927 1519 Cesar
2974 1477 3099 1520 era
3146 1476 3269 1539 per

706 1564 861 1624 loro
911 1559 1213 1640 Luther,
1286 1561 1372 1622 ne
1438 1579 1648 1622 senza
1695 1562 1997 1640 qualche
2046 1560 2427 1624 verisimile
2496 1561 2893 1624 coniettura
2941 1563 3269 1626 vedendo

707 1675 907 1730 tanta
952 1667 1248 1740 tardita3
1321 1667 1612 1746 adeSSO‚
1684 1669 1993 1730 bassano
2041 1669 2110 1729 le
2158 1688 2407 1740 corne;
2482 1688 2596 1730 ma
2640 1689 2773 1749 per
2829 1669 3177 1732 sostenire
3224 1669 3271 1731 il

707 1777 976 1856 populo
1025 1785 1230 1855 parte
1279 1773 1536 1835 dicono
1585 1772 1637 1836 il
1683 1773 2020 1836 mandato
2070 1795 2269 1837 esser.
2299 1775 2731 1856 surreptiti0‚
2781 1785 2984 1857 parte
3032 1777 3167 1838 che
3214 1775 3269 1837 si

705 1881 779 1943 fa
825 1889 1016 1944 torto
1065 1902 1110 1942 a
1155 1878 1468 1942 Martino
1525 1880 1656 1942 che
1706 1879 1790 1942 sii
1838 1888 1949 1942 sta
1993 1879 2411 1959 pubblicato
2461 1891 2839 1964 antequam
2888 1883 3271 1964 audiretur,

709 1998 780 2050 et
828 1987 1016 2051 mille
1065 1986 1270 2050 simili
1337 1986 1498 2049 baie
1565 1996 1636 2049 et
1698 1985 2075 2049 commenti
2134 1986 2244 2049 de'
2296 1989 2489 2068 quali
2553 1999 2891 2071 questoro
2955 2011 3048 2053 ne
3096 2010 3271 2053 sono

710 2093 1120 2177 pienissimi.

887 2201 1154 2264 Luther
1201 2203 1294 2263 ha
1341 2201 1509 2262 dato
1561 2201 1718 2262 fora
1765 2199 1813 2261 il
1863 2208 2261 2262 commento
2303 2221 2521 2283 sopra
2550 2203 2733 2264 XIII
2774 2202 2982 2284 primi
3022 2203 3275 2285 psalmi

710 2308 781 2371 di
829 2307 1104 2387 David,
1173 2309 1520 2389 impresso
1585 2307 1655 2370 in
1705 2306 1992 2370 Basilea
2054 2327 2186 2370 con
2238 2327 2381 2371 una
2426 2308 2733 2391 epistola
2796 2310 2868 2371 in
2918 2309 3159 2373 fronte
3206 2311 3277 2372 di

709 2436 848 2478 uno
900 2416 990 2478 de
1025 2414 1585 2495 Sconnemberg,
1635 2415 1849 2476 homo
1898 2434 2100 2476 corne
2148 2414 2245 2476 lui
2294 2414 2455 2476 dice
2488 2435 2676 2478 novo
2726 2423 2797 2477 et
2836 2437 2979 2478 non
3014 2415 3276 2496 nobile,

709 2543 824 2584 ma
871 2521 1086 2604 pieno
1135 2520 1206 2583 di
1255 2521 1500 2584 crudel
1547 2539 1829 2583 veneno
1879 2529 2129 2584 contra
2169 2520 2441 2601 Roma,
2490 2531 2739 2584 contra
2783 2523 2855 2584 la
2902 2523 3070 2602 qual
3114 2543 3277 2584 con-

709 2627 851 2692 cita
897 2629 968 2692 la
1010 2627 1431 2706 Germania,
1489 2627 1613 2690 cui
1659 2635 2023 2710 nuncupat
2072 2627 2467 2709 epistolam.
2553 2627 2791 2691 Pocco
2840 2629 2935 2690 ho
2982 2638 3277 2710 possuto

710 2737 964 2817 legger
1011 2736 1128 2798 nel
1174 2734 1357 2798 libro
1406 2735 1668 2815 perche
1718 2733 1871 2797 heri
1920 2753 2081 2797 sero
2132 2754 2244 2796 me
2292 2733 2366 2795 fu
2417 2743 2797 2815 apportato
2849 2735 2941 2796 da
2970 2735 3277 2798 Franch-

708 2842 892 2906 ford.
975 2842 1263 2922 Luther,
1314 2861 1512 2905 come
1561 2841 1598 2904 ὲ
1647 2860 1932 2924 sempre
1975 2840 2371 2905 incostante
2420 2851 2493 2905 et
2525 2841 3055 2923 contraditoriO,
3103 2842 3180 2906 in
3213 2843 3279 2905 la

708 2950 1066 3033 prefation
1119 2949 1332 3012 lauda
1380 2949 1466 3011 N.
1516 2946 1588 3011 S.
1639 2948 1760 3030 poi
1808 2949 2086 3012 altrove
2135 2947 2455 3030 deprime
2502 2949 2552 3011 il
2598 2958 2866 3033 papato
2924 2958 2997 3012 et
3041 2949 3113 3012 in
3167 2970 3276 3012 eo·

710 3058 870 3120 dem
933 3056 1086 3120 fere
1148 3058 1308 3120 loco
1371 3056 1614 3118 laudat
1671 3064 1741 3118 et
1787 3055 2170 3136 vituperat.
2264 3052 2361 3117 Se
2410 3054 2573 3117 sara
2631 3065 2830 3118 tanto
2880 3056 3095 3137 longo
3164 3058 3281 3118 nel

711 3174 901 3227 resto
951 3162 1112 3227 sara
1160 3183 1300 3225 uno
1349 3162 1825 3246 grandissimo
1874 3162 2180 3224 librazzo
2228 3160 2443 3243 pierio
2494 3161 2564 3224 di
2612 3162 2912 3227 bezarie.

892 3269 1214 3333 Sarebbe
1265 3256 1502 3332 buono
1552 3272 1682 3331 che
1732 3289 1863 3350 per
1909 3269 2027 3332 via
2074 3268 2144 3331 di
2194 3267 2353 3349 capi
2422 3270 2509 3331 de
2559 3267 2870 3331 Svizzari
2916 3290 2995 3331 se
3042 3270 3277 3349 prohi-

712 3376 902 3439 bisse
951 3378 1094 3439 tale
1141 3375 1586 3457 impressioni
1633 3376 1703 3437 in
1753 3373 2060 3457 Basilea,
2108 3376 2371 3456 perche
2420 3375 2469 3437 li
2517 3375 2857 3457 Episcopi
2904 3374 2975 3437 in
3023 3386 3279 3457 queste

713 3492 900 3545 terre
949 3483 1021 3544 di
1069 3482 1455 3545 Germania
1501 3501 1644 3544 non
1692 3483 1931 3543 hanno
1983 3481 2353 3562 auttorita,
2402 3482 2775 3564 presertim
2821 3482 3009 3545 dove
3058 3480 3106 3544 li
3156 3501 3279 3563 po-

709 3590 860 3670 puli
909 3610 984 3652 se
1035 3591 1455 3671 gubernano
1504 3608 1635 3671 per
1681 3587 2077 3671 plebiscita.

889 3694 1028 3759 Noi
1090 3697 1577 3759 attenderemo
1640 3717 1683 3758 a
1730 3695 1843 3757 far
1901 3693 1951 3757 il
1998 3703 2190 3758 resto
2206 3743 2225 3774 ‚
2289 3716 2369 3758 se
2423 3695 2649 3757 costui
2698 3714 2841 3757 non
2904 3694 3141 3767 viene;
3208 3706 3283 3757 et

715 3824 792 3865 se
842 3802 1050 3866 viene
1079 3802 1318 3866 .farasi
1365 3813 1548 3866 tutto
1597 3806 1668 3865 10
1715 3805 1850 3866 6116
1898 3801 2158 3884 parera
2205 3802 2271 3864 al
2320 3800 2715 3883 proposit0‚
2763 3802 2850 3865 ne
2898 3800 2959 3865 si
2998 3801 3283 3863 dubbiti

711 3910 801 3973 V.
851 3910 924 3973 S.
973 3910 1127 3972 Rm*
1173 3931 1250 3973 se
1313 3910 1398 3973 sii
1445 3930 1574 3991 per
1620 3930 1976 3973 mancare.
2070 3908 2303 3992 Spero
2367 3908 2667 3989 qualche
2715 3910 2907 3971 buon
2956 3908 3153 3971 exito
3202 3929 3281 3971 se

714 4026 1049 4098 questoro
1117 4016 1768 4100 impudentemente
1836 4036 1980 4079 non
2042 4017 2107 4078 ci
2149 4015 2582 4096 ingannanO.
2680 4014 2779 4076 Le
2845 4016 3281 4078 demonstra-

713 4122 887 4188 tioni
950 4126 1080 4187 che
1137 4124 1211 4188 fa
1259 4124 1346 4189 V.
1397 4122 1470 4187 S.
1521 4124 1673 4187 Rma
1718 4124 1790 4186 in
1848 4144 1974 4186 sue
2022 4124 2275 4185 lettere
2336 4124 2502 4185 hole
2550 4123 2723 4185 lette
2770 4120 3146 4185 volentieri
3210 4128 3283 4185 et

716 4251 850 4293 con
914 4234 983 4294 la
1032 4233 1275 4295 debita
1322 4231 1756 4304 reverentia;
1820 4251 2011 4293 sono-
2048 4229 2315 4312 optime
2378 4237 2450 4292 et
2494 4228 2674 4292 fatte
2720 4249 2852 4312 per
2899 4228 3019 4291 noi
3065 4238 3279 4291 cento

715 4338 910 4401 volte
973 4358 1105 4419 per
1165 4338 1408 4401 avan-ti
1471 4348 1543 4401 et
1591 4341 1806 4402 molte
1855 4339 2034 4400 altre
2098 4338 2232 4399 che
2278 4356 2422 4399 non
2482 4354 2702 4417 posso
2766 4336 3071 4416 scriver‚
3146 4336 3280 4397 che

718 4444 1226 4509 deverebbeno
1273 4446 1384 4509 far
1432 4446 1737 4511 resentir
1781 4446 1833 4508 li
1882 4444 2071 4517 saxi3
2123 4446 2249 4506 sed
2298 4441 2613 4505 canimus
2660 4441 2975 4505 fabulam
3022 4439 3278 4504 surdis,

715 4548 903 4615 Loro
967 4550 1222 4616 dicono
1288 4574 1418 4634 per
1463 4552 1584 4633 piu
1649 4550 2081 4634 expediente
2144 4569 2340 4613 esser
2384 4556 2573 4612 stato
2640 4549 2729 4611 de
2775 4549 3100 4629 besogno
3164 4546 3279 4608 far

716 4659 886 4739 cosi,
933 4660 1352 4722 altramente
1401 4659 1670 4722 irritum
1717 4660 2039 4721 laborem
2087 4656 2264 4721 fore.
2343 4655 2748 4718 Vederemo
2796 4658 2863 4717 lo
2914 4655 3045 4717 6116
3093 4652 3275 4717 sara.

889 4762 1096 4825 Molti
1147 4764 1400 4827 dicono
1434 4766 1742 4829 Martino
1791 4784 1933 4828 non
1983 4784 2222 4829 essere
2268 4784 2403 4846 per
2432 4762 2701 4825 venire.
2771 4760 2853 4823 Li
2888 4746 3275 4841 cesarianij

715 4870 907 4953 quali
955 4871 1180 4952 (come
1226 4870 1344 4954 gia
1387 4873 1651 4953 scrissi)
1698 4874 2025 4936 haveano
2074 4870 2318 4937 scritto
2367 4870 2438 4933 di
2474 4878 2665 4933 sorte
2714 4870 2847 4933 6116
2875 4888 3096 4951 parea
3142 4867 3276 4930 che
