3575 5775
1333 577 1827 634 0-432918m

322 743 475 786 cosa
521 732 590 785 et
638 723 731 785 mi
781 723 969 786 disse
1002 724 1109 786 ch'
1140 724 1211 787 io
1256 725 1738 806 rengratiasse
1784 746 1916 807 per
1960 725 2152 788 mille
2197 727 2392 788 volte
2440 727 2528 790 V.
2565 723 2638 790 S.
2668 728 2860 790 Rma

320 839 387 891 et
426 829 737 894 offereva
782 853 861 894 se
909 840 981 893 et
1028 839 1211 894 tutto
1262 831 1372 894 cio
1421 833 1553 894 che
1603 835 1696 894 ha
1743 834 1813 895 al
1877 835 2134 895 mondo
2197 833 2289 894 ad
2349 832 2519 914 ogni
2569 844 2737 897 nuto
2787 835 2860 897 di

320 936 403 999 V.
446 935 515 1000 S.
562 937 787 1008 Rma;
839 985 905 1003 ..
942 987 959 1002 .
1040 986 1055 1002 .
1148 939 1529 1002 Bruxelles
1578 939 1693 1002 die
1752 960 1849 1019 15.
1885 938 2085 1022 Sept.
2133 939 2498 1004 MDXXI.

1508 1384 1656 1449 124.

1036 1498 1681 1581 vicecancellarius
1734 1502 2116 1584 Aleandm.

1111 1646 1457 1716 (Nuntiat.
1494 1648 1800 1708 German.
1845 1647 1908 1707 1..
1947 1649 2052 1719 89.)

1233 1769 1337 1826 (18.
1374 1769 1700 1833 Septembris
1745 1767 1920 1838 1521.)

482 1899 802 1962 Havemo
851 1901 1037 1963 lecto
1086 1901 1155 1963 16
1202 1910 1443 1968 vostre
1494 1901 1612 1964 del
1660 1901 1727 1964 II
1775 1902 1891 1965 del
1940 1912 2306 1984 presente,
2376 1923 2509 1984 per
2555 1907 2621 1967 le
2670 1905 2862 1986 quali

320 2005 370 2068 si
418 2008 597 2072 vede
643 2028 780 2090 pur
828 2007 960 2070 che
1007 2009 1246 2089 quella
1292 2009 1791 2073 maledictione
1847 2031 1939 2073 va
1987 2031 2234 2092 spesso
2285 2030 2424 2091 qua
2495 2021 2566 2072 et
2626 2012 2694 2074 la
2760 2023 2864 2074 re-

316 2115 707 2195 pululando,
760 2116 951 2178 unde
997 2135 1131 2198 par
1178 2137 1220 2178 a
1266 2115 1351 2178 N.
1404 2114 1475 2179 S.
1528 2117 1660 2179 che
1709 2119 2021 2180 anchora
2069 2117 2138 2180 in
2187 2119 2421 2198 quelle
2471 2119 2706 2180 bande
2756 2118 2860 2180 sia

320 2223 517 2284 molto
564 2222 971 2285 necessaria
1018 2223 1089 2284 la
1148 2221 1335 2284 virti1
1402 2231 1473 2285 et
1536 2223 1908 2305 diligentia
1969 2232 2248 2298 vostra3
2315 2223 2542 2305 perho
2605 2225 2675 2286 vi
2741 2245 2858 2286 ex-

316 2327 645 2391 hortiamo
696 2329 789 2390 ad
838 2348 981 2390 non
1030 2329 1301 2392 levarvi
1348 2328 1579 2392 finche
1629 2340 2010 2392 conoscete
2075 2332 2146 2393 la
2203 2331 2552 2394 medicina
2616 2340 2860 2394 vostra

316 2435 639 2518 bisognar
686 2437 757 2498 al
803 2438 1095 2515 morbo,
1146 2445 1218 2498 et
1262 2436 1333 2498 in
1382 2445 1634 2517 questo
1685 2438 2051 2502 attendete
2098 2438 2220 2519 pic
2268 2447 2512 2520 presto
2562 2438 2629 2500 al
2678 2458 2858 2500 com-

322 2543 516 2604 modo
563 2542 851 2625 publico
902 2562 1103 2605 come
1132 2543 1395 2605 havete
1426 2542 1620 2606 facto
1668 2543 1812 2608 fino
1862 2543 1982 2626 qui
2031 2547 2162 2607 che
2212 2548 2278 2608 al
2327 2543 2628 2626 privato.
2723 2547 2861 2608 Noi

318 2658 497 2711 certo
544 2649 614 2711 vi
664 2649 1287 2713 desideraressimo
1346 2671 1641 2733 apresso
1692 2652 1763 2714 di
1824 2652 1983 2733 noi,
2052 2673 2164 2715 ma
2228 2674 2368 2715 non
2431 2653 2859 2715 vorressimo

319 2754 423 2834 gia
466 2756 761 2819 havervi
809 2756 929 2838 poi
978 2777 1021 2819 a
1068 2756 1471 2821 rimandare
1520 2757 1591 2821 di
1639 2778 1914 2832 nuovo;
1979 2760 2153 2841 pero
2212 2780 2354 2822 non
2403 2759 2443 2822 ὲ
2491 2760 2717 2821 anche
2769 2761 2859 2820 da

320 2865 640 2945 moversi,
688 2863 994 2927 maxime
1045 2866 1175 2928 che
1224 2866 1563 2929 vederete
1610 2885 1741 2949 per
1789 2866 1858 2928 la
1904 2865 2176 2930 inclusa
2224 2867 2479 2930 cedula
2524 2866 2860 2930 mandata

320 2970 423 3032 dal
464 2972 657 3034 Rmo
690 2971 1115 3053 Maguntino
1164 2992 1206 3033 a
1253 2972 1339 3035 N.
1390 2970 1464 3036 S.
1515 2983 1940 3036 novamente
1988 2972 2036 3035 li
2085 2972 2341 3055 grandi
2391 2974 2730 3035 disordini
2789 2983 2860 3035 et

318 3077 618 3141 scandali
678 3079 810 3141 che
859 3077 917 3140 si
969 3078 1182 3142 fanno
1230 3080 1417 3142 nelle
1465 3088 1656 3142 terre
1724 3088 1795 3142 et
1856 3088 2042 3143 sotto
2094 3081 2134 3142 1’
2172 3082 2419 3142 ombra
2489 3081 2605 3142 del
2654 3081 2858 3143 Duca

316 3181 379 3245 di
401 3182 751 3250 Sassonia.
828 3184 911 3248 N.
941 3184 1015 3249 S.
1066 3186 1222 3249 dice
1253 3206 1342 3249 ve
1371 3207 1460 3249 ne
1493 3186 1858 3250 risentiate
1891 3206 2024 3248 con
2059 3185 2324 3249 Cesare
2372 3196 2442 3248 et
2474 3186 2850 3267 preghiate

319 3293 542 3373 voglia
609 3294 1011 3375 provedere
1074 3316 1117 3357 a
1176 3297 1230 3356 sl
1299 3294 1683 3375 perniciosi
1766 3292 2296 3355 inconvenienti
2361 3302 2430 3355 et
2505 3295 2857 3375 proceder

322 3408 545 3463 contra
610 3400 830 3482 quelli
892 3403 1025 3464 che
1094 3422 1183 3464 ne
1256 3421 1432 3464 sono
1496 3400 1798 3483 cagione
1864 3400 2175 3462 secondo
2237 3400 2306 3461 la
2375 3400 2605 3462 forma
2665 3402 2854 3464 dello

322 3506 571 3589 edict0,
623 3511 687 3572 61
738 3509 947 3590 quale
995 3530 1072 3571 se
1122 3508 1270 3572 Sua
1333 3506 1659 3571 Serenita
1707 3528 1849 3571 non
1899 3508 1971 3570 fa
2020 3528 2307 3570 servare
2369 3516 2643 3571 mentre
2707 3507 2746 3570 ὲ
2805 3508 2855 3570 li

322 3624 630 3693 presente
659 3616 731 3679 in
760 3616 956 3680 facto
1005 3625 1076 3679 et
1124 3637 1263 3679 non
1314 3617 1347 3679 ὲ
1397 3617 1624 3678 anche
1674 3615 1943 3678 asciuto
1992 3615 2060 3676 lo
2110 3613 2496 3676 inchiostro
2543 3616 2614 3676 di
2644 3617 2852 3677 decto

323 3720 549 3803 editto‚
604 3744 831 3806 pensa
892 3743 1092 3786 come
1158 3724 1217 3786 si
1266 3723 1555 3785 servera
1604 3722 1889 3804 quando
1940 3720 2087 3784 Sua
2132 3722 2410 3784 Maesta
2457 3722 2651 3783 fusse
2697 3742 2851 3802 pas-

323 3836 458 3891 sata
513 3830 561 3894 il
620 3850 817 3893 mare
882 3838 953 3891 et
1000 3831 1069 3892 la
1116 3829 1524 3911 provisione
1570 3828 1942 3892 rimanessi
1990 3830 2313 3891 desolata
2361 3830 2476 3890 del
2525 3849 2651 3891 suo
2699 3850 2851 3909 pre—

324 3933 481 3997 sidio
541 3946 613 3999 et
674 3947 1011 4019 presente
1072 3936 1323 4000 favore
1390 3946 1461 3998 et
1508 3946 1773 4018 quanta
1834 3937 2041 3999 stima
2086 3934 2270 3998 facci
2319 3938 2480 4016 quel
2529 3937 2733 3997 Duca
2781 3934 2853 3997 di

324 4036 451 4105 Sua
492 4043 769 4107 Maesta
840 4052 912 4107 et
960 4042 1031 4105 di
1079 4052 1263 4105 tutto
1330 4042 1377 4106 1’
1421 4043 1727 4125 Imperio
1796 4052 1868 4105 et
1931 4044 2020 4105 de
2086 4043 2152 4105 16
2220 4044 2372 4103 loro
2423 4041 2852 4104 ordinationi

324 4158 385 4210 et
424 4150 651 4215 bandi.
745 4150 805 4213 F
809 4158 927 4215 ate
974 4151 1145 4231 ogni
1194 4170 1415 4231 opera
1464 4160 1535 4213 et
1582 4150 1817 4212 sforzo
1866 4150 1996 4211 che
2046 4148 2192 4211 Sua
2233 4147 2508 4209 Maesta
2557 4148 2619 4209 ci
2670 4146 2852 4209 sacci

326 4259 599 4333 qualche
664 4260 859 4320 bona
925 4266 997 4321 et
1058 4260 1291 4321 celere
1366 4256 1806 4339 provisione,
1878 4257 2008 4318 che
2089 4265 2284 4317 certo
2350 4274 2425 4315 se
2486 4254 2557 4316 in
2623 4253 2852 4336 questi

324 4360 623 4445 principii
668 4384 814 4427 non
860 4362 933 4427 vi
980 4364 1037 4426 si
1086 4364 1407 4446 provede
1457 4363 1547 4426 de
1597 4372 1787 4426 sorte
1837 4383 2036 4426 come
2084 4362 2398 4425 richiede
2464 4364 2534 4423 la
2583 4382 2852 4424 summa

326 4464 735 4549 importanza
781 4470 855 4533 di
902 4472 1000 4533 tal
1050 4480 1295 4552 peste,
1352 4470 1801 4534 ritornerassi
1863 4491 1905 4532 a
1963 4470 2229 4551 peggio
2299 4470 2430 4531 che
2497 4469 2722 4549 prima
2781 4478 2852 4531 et

328 4574 465 4637 sara
510 4578 569 4640 el
616 4576 1000 4641 novissimo
1050 4597 1250 4641 error
1296 4577 1625 4659 maggior
1673 4576 1859 4639 assai
1908 4578 2026 4639 del
2071 4576 2321 4658 primO,
2372 4584 2442 4637 et
2491 4574 2638 4637 Sua
2679 4572 2848 4638 San-

326 4677 435 4742 tita
464 4692 531 4745 et
553 4682 833 4748 Maesta
866 4686 1000 4749 che
1033 4704 1207 4747 sono
1241 4685 1263 4748 i
1297 4684 1465 4747 duoi
1502 4684 1711 4767 primi
1741 4682 1911 4746 lumi
1960 4692 2031 4746 et
2079 4682 2348 4765 signori
2399 4683 2516 4745 del
2564 4684 2850 4763 mond0‚

328 4806 403 4848 ne
444 4788 872 4855 rimarranno
919 4790 1498 4873 vituperatissimi
1546 4800 1618 4854 et
1665 4790 2175 4863 confusissimi;
2245 4810 2358 4852 ma
2417 4809 2632 4870 sopra
2688 4789 2850 4852 tutti

330 4888 455 4957 Sua
496 4896 776 4963 Altezza
821 4898 1087 4980 perche
1136 4898 1183 4961 'l
1228 4899 1413 4961 male
1460 4898 1497 4961 ὲ
1546 4899 1735 4961 nello
1779 4895 2076 4978 imperio
2125 4916 2274 4978 su0,
2325 4907 2396 4959 et
2428 4917 2470 4957 a
2501 4895 2595 4958 lei
2644 4904 2851 4958 tocca

2427 5000 2528 5054 19*
