3575 5775
1617 549 1916 608 0-43432
1993 553 2109 611 ΕΗ·

760 695 987 760 Mons.
1052 696 1141 760 de
1194 697 1417 760 Polan
1481 699 1818 760 mandato
1883 699 2001 762 dal
2049 697 2262 764 Serum
2313 695 2646 778 Principe
2709 713 2753 756 a
2811 691 2886 754 la
2931 685 3150 750 Dieta

585 805 675 868 de
723 806 791 867 la
839 803 986 885 liga
1036 805 1125 866 de
1161 801 1426 867 Suevia
1474 805 1564 866 ad
1592 801 1803 867 Ulma
1852 807 1943 867 ha
1994 806 2260 890 scripto
2309 825 2504 868 esser
2549 798 2766 866 vicini
2811 796 2902 860 ad
2937 793 3152 857 Ulma

587 911 677 974 da
725 921 886 974 octo
936 911 1127 972 milia
1162 910 1383 972 vilani
1428 911 1501 972 in
1550 932 1743 975 arme
1795 911 2060 976 subditi
2107 913 2198 976 de
2231 912 2480 976 abbati
2529 921 2600 974 et
2631 899 3152 992 gentilhomini,

587 1019 750 1100 qual
814 1017 1243 1079 dimandano
1294 1017 1588 1092 liberta;
1662 1039 1753 1082 ne
1799 1021 1892 1082 ho
1943 1021 2217 1102 grande
2281 1019 2570 1103 apiacer
2631 1011 2896 1100 perche
2944 1005 3154 1091 potra

589 1145 782 1188 esser
830 1144 1044 1186 causa
1092 1124 1179 1186 de
1230 1122 1339 1186 far
1388 1133 1589 1188 tanto
1638 1124 1757 1206 piu
1807 1137 2052 1207 presto
2103 1129 2424 1190 resolver
2469 1127 2540 1188 la
2585 1125 2734 1205 liga
2766 1120 2858 1183 de
2887 1113 3157 1181 Suevia

588 1233 659 1296 in
710 1234 909 1294 voler
956 1233 1303 1294 observat
1364 1232 1412 1293 li
1462 1232 1777 1296 mandati
1828 1233 2145 1298 caesarei
2209 1243 2459 1297 contra
2505 1233 2554 1296 li
2602 1224 2978 1294 lutherani.
3073 1221 3156 1284 In

591 1339 999 1421 Hinspruch
1049 1338 1164 1400 die
1214 1337 1401 1400 XIV
1450 1339 1823 1402 Februarii
1870 1339 2274 1404 MDXXV.

1662 1555 1951 1564 ›vws--aeu—wm
1960 1557 1969 1562 -
1982 1555 2076 1565 Μ

1801 1805 1950 1868 196.

650 1921 969 2002 Clemens
1024 1919 1181 2001 VII.
1242 1916 1533 2023 Georgio
1591 1919 1911 2021 episcopo
1967 1919 2359 2002 Lubeoensi
2415 1923 2484 2004 ot
2521 1909 3108 2020 Ratzeburgensi.

1224 2059 1548 2130 (Clementis
1584 2057 1709 2118 Vn.
1747 2057 1953 2118 Brevia
1989 2060 2138 2119 Anno
2175 2059 2250 2119 11.
2287 2075 2372 2134 ep.
2409 2059 2541 2128 us.)

1602 2165 1712 2237 (12.
1750 2170 1933 2219 Martii
1979 2169 2156 2238 1525.)

779 2312 1210 2395 Accepimus
1258 2313 1447 2394 quod
1496 2313 1663 2376 licet
1709 2322 1806 2394 tu,
1857 2321 1934 2375 ut
1969 2333 2184 2376 verus
2226 2323 2298 2377 et
2337 2313 2731 2377 catholicus
2763 2309 3174 2392 episcopuS,

604 2419 1015 2502 pestiferam
1092 2429 1359 2484 sectam
1407 2421 1850 2484 lutheranam
1924 2439 1962 2484 e
2026 2421 2201 2484 locis
2267 2429 2432 2484 tuae
2493 2440 2708 2484 curae
2778 2413 3178 2482 commissis

606 2527 968 2590 eliminare
1017 2527 1401 2607 curaveriS,
1451 2537 1525 2589 et
1587 2527 1860 2590 viribus
1915 2527 2084 2591 totis
2150 2547 2524 2610 procures;
2588 2536 2826 2591 tamen
2885 2521 3178 2588 dubitas

601 2632 1019 2696 immunitati
1048 2633 1524 2697 Ecclesiarum
1556 2634 1627 2696 in
1664 2634 1919 2717 quibus
1953 2635 2305 2699 lutherani
2355 2634 2778 2717 perditionis
2827 2631 2952 2696 filii
2993 2631 3176 2712 pub-

602 2741 733 2804 lice
782 2741 1011 2824 ipsam
1058 2749 1324 2804 sectam
1369 2742 1637 2823 populo
1662 2741 2104 2823 praedicant,
2152 2741 2676 2824 praeiudicare,
2723 2741 2782 2804 si
2831 2759 2955 2803 eos
3003 2737 3178 2800 inde

604 2847 956 2913 violenter
1033 2847 1240 2912 educi
1316 2846 1627 2923 faceres;
1722 2868 1854 2913 nos
1907 2847 2155 2931 igitur,
2223 2869 2313 2912 ne
2369 2857 2686 2913 sanctum
2749 2857 2944 2911 tuum
2991 2861 3180 2928 opus

607 2955 1009 3019 huiusmodi
1054 2966 1445 3039 propterea
1490 2956 1820 3038 impediri
1865 2957 2109 3019 valeat
2155 2955 2538 3038 providere
2585 2956 2946 3035 volentes,
3015 2970 3180 3015 auc·

606 3062 891 3127 toritate
960 3064 1357 3145 apostolica
1428 3071 1678 3126 tenore
1758 3063 2241 3145 praesentium
2309 3063 2438 3125 tibi
2519 3062 3014 3127 committimus
3100 3066 3184 3121 et

610 3171 1030 3233 mandamus
1112 3180 1459 3252 quatenus
1539 3170 1695 3233 sine
1764 3171 2098 3251 scrupulo
2198 3170 2680 3233 conscientiae
2763 3170 3184 3233 lutheranos

609 3278 805 3361 ipsos
853 3286 995 3341 tam
1046 3279 1448 3341 saeculares
1502 3296 1709 3359 quam
1756 3278 2126 3359 regulares
2175 3276 2386 3341 etiam
2432 3276 2503 3340 in
2555 3276 2924 3341 ordinibus
2957 3272 3186 3337 sacris

612 3384 1034 3448 constitutos
1105 3384 1318 3447 etiam
1392 3394 1597 3447 extra
1672 3385 1832 3447 loca
1901 3394 2066 3447 tuae
2129 3382 2596 3447 iurisdictioni
2659 3382 3020 3462 subiecta,
3085 3380 3184 3442 de

611 3512 962 3555 consensu
1022 3502 1255 3555 tamen
1323 3502 1394 3553 et
1467 3491 1752 3555 licentia
1816 3492 2314 3573 episcoporum
2367 3510 2664 3572 quoru-m
2711 3486 3182 3553 iurisdictioni

614 3601 771 3662 loca
819 3599 975 3680 ipsa
1021 3598 1343 3662 subiecta
1392 3597 1674 3678 fuerint,
1726 3597 1938 3663 etiam
1983 3597 2058 3661 in
2107 3597 2444 3661 Ecclesiis
2477 3597 3058 3680 quibuscumque,
3106 3594 3186 3657 111

617 3706 871 3789 quibus
917 3726 1049 3788 pro
1098 3716 1419 3788 tempore
1483 3705 1778 3786 fuerint,
1839 3704 1995 3788 capi
2059 3714 2130 3769 et
2198 3704 2364 3767 inde
2438 3704 2723 3768 extrahi
2787 3715 2859 3768 et
2931 3711 3188 3767 contra

616 3814 775 3877 illos
824 3813 1025 3876 iuxta
1071 3814 1462 3876 litterarum
1512 3812 1602 3881 fe.
1648 3834 1747 3877 re.
1843 3810 2104 3875 Leonis
2173 3830 2406 3893 papae
2467 3810 2544 3873 X
2605 3806 3189 3892 praedecessoris

620 3920 843 3984 nostri
892 3922 1200 4003 desuper
1250 3919 1597 3983 editarum
1661 3918 2164 3983 continentiam
2225 3928 2298 3981 et
2344 3926 2662 3981 tenorem
2713 3917 3066 3999 procedas
3111 3926 3190 3979 et

620 4027 894 4110 puniaS,
944 4035 1156 4109 prout
1204 4028 1588 4089 secundum
1638 4027 1871 4089 Deum
1920 4025 2048 4087 tibi
2095 4025 2322 4087 visum
2369 4024 2585 4087 fuerit
2633 4024 3010 4106 expedire,
3059 4023 3185 4085 sci·

624 4146 822 4197 turus
887 4145 957 4197 te
1020 4135 1087 4196 in
1158 4136 1291 4197 hoc
1364 4133 1872 4195 immunitatem
1939 4131 2415 4195 Ecclesiarum
2477 4133 2864 4195 earundem
2928 4132 3190 4195 nedum

626 4262 765 4305 non
818 4243 1149 4323 laedere,
1207 4262 1452 4304 verum
1501 4242 1712 4303 etiam
1761 4240 2041 4302 illorum
2091 4248 2162 4301 et
2209 4238 2574 4301 Ecclesiae
2624 4237 3020 4301 catholicae
3067 4238 3188 4301 im-

625 4349 1038 4411 munitatem
1094 4347 1495 4412 huiusmodi
1561 4346 1678 4429 pie
1744 4366 1827 4409 ac
1885 4345 2220 4427 religiose
2287 4364 2740 4409 conservare.
2867 4344 2956 4408 Et
3025 4344 3190 4428 quia

624 4454 867 4517 forsan
916 4458 1257 4517 hactenus
1305 4456 1547 4537 plures
1597 4474 1689 4517 ex
1736 4451 2082 4536 praefatis
2129 4450 2521 4515 lutheranis
2571 4451 2785 4515 etiam
2841 4452 2912 4515 in
2985 4450 3192 4515 dictis

634 4562 1002 4625 ordinibus
1052 4564 1473 4625 constitutos
1523 4570 1593 4624 et
1638 4560 1881 4625 forsan
1931 4558 2308 4640 religiosos
2354 4567 2720 4640 apostatas
2770 4556 2842 4622 in
2891 4557 3194 4621 diversis

633 4667 951 4731 ecclesiis
999 4668 1351 4732 violenter
1399 4668 1559 4750 capi
1608 4676 1681 4731 et
1734 4668 1903 4730 inde
1967 4664 2248 4729 extrahi
2311 4674 2384 4727 et
2445 4664 2870 4729 incarcerari
2937 4664 3192 4747 fecisti,

630 4784 701 4837 et
746 4784 1131 4856 propterea
1179 4774 1614 4838 conscientia
1661 4784 1781 4837 tua
1839 4794 1914 4836 se
1979 4772 2489 4837 immunitatem
2537 4772 3016 4836 Ecclesiarum
3083 4792 3190 4836 ea·

628 4881 928 4943 rundem
977 4880 1362 4944 offendisse
1411 4881 1774 4961 credebat,
1823 4891 1895 4943 te
1947 4879 2064 4963 qui
2113 4880 2502 4962 praemissa
2550 4880 2703 4943 zelo
2749 4878 2917 4943 fidei
2959 4880 3192 4943 fecisti
