3575 5775
1758 588 2253 649 0-<35748m

712 738 1035 809 ‘Consilio
1056 790 1074 822 ,
1148 750 1223 805 et
1300 738 1612 804 unanimi
1677 760 2028 803 consensu
2085 738 2389 821 illorum,
2461 737 2742 803 nemine
2809 738 3284 823 discrepante,

724 867 1137 931 processum
1185 849 1259 911 in
1308 848 1671 930 premissis
1719 848 2036 911 habitum
2083 846 2408 929 primitus
2458 858 2529 911 et
2561 859 2728 910 ante
2761 848 2996 911 omnia
3031 868 3284 930 appro-

722 960 979 1021 bantes
1026 966 1099 1019 et
1146 954 1647 1019 confirmantes
1715 974 1798 1017 ac
1856 974 2102 1019 omnes
2163 967 2238 1017 et
2298 954 2619 1036 singulos
2665 965 2809 1017 tam
2856 955 3026 1017 iuris
3073 974 3286 1037 quarn

721 1065 893 1129 facti
940 1064 1270 1127 defectus
1312 1063 1494 1144 siqui
1558 1062 1824 1124 forsam
1874 1061 2388 1126 intervenerint
2435 1062 2506 1124 in
2553 1062 2918 1143 premissis
2975 1062 3288 1143 dictique

721 1189 1103 1254 processus
1156 1170 1643 1233 solemnitates
1684 1169 1986 1232 forsitan
2035 1170 2266 1233 minus
2331 1170 2466 1231 rite
2515 1180 2857 1249 servataS,
2905 1180 3027 1231 aut
3075 1169 3286 1231 etiam

722 1280 795 1341 in
840 1289 1067 1342 totum
1119 1277 1413 1340 omissas
1462 1275 1858 1359 apostolica
1903 1276 2326 1339 auctoritate
2376 1296 2460 1338 ac
2510 1278 2600 1338 de
2649 1276 3060 1358 apostolice-
3092 1286 3286 1359 pote-

725 1386 947 1450 statis·
978 1386 1423 1467 plenitudine
1467 1385 1920 1465 supplentes‚
1981 1384 2050 1446 in
2111 1382 2301 1446 dicto
2357 1382 2794 1445 Consistorio
2857 1404 2988 1465 pro
3039 1384 3282 1446 Tribu-

720 1492 865 1557 nali
909 1495 1247 1556 sedentes
1292 1494 1507 1554 talem
1552 1490 1624 1552 in
1672 1490 1980 1572 negocio
2031 1501 2102 1553 et
2148 1509 2363 1552 causa
2410 1491 2810 1553 huiusmodi
2859 1492 3286 1553 sententiam

722 1602 974 1665 damus
1020 1599 1089 1661 in
1137 1599 1272 1661 hiis
1325 1597 1607 1679 scriptis
1656 1610 1727 1658 et
1775 1598 2202 1678 proferimus
2249 1598 2320 1659 in
2370 1600 2558 1659 hunc
2606 1598 2726 1678 qui
2775 1598 3098 1679 sequitur
3147 1618 3284 1659 mo-

718 1708 921 1771 dum:
1002 1704 1333 1788 Supremi
1398 1704 1766 1785 etei-nique
1837 1704 2243 1767 Tribunalis
2291 1705 2563 1784 Judex,
2613 1704 2810 1767 euius
2859 1704 3102 1767 divina
3153 1706 3288 1766 dis-

721 1823 1037 1896 ponente
1068 1813 1444 1875 clementia
1476 1814 1671 1874 vices
1706 1811 1779 1873 in
1811 1811 2020 1873 terris
2052 1812 2364 1893 gerimus
2397 1832 2527 1875 nos
2558 1816 2780 1874 verbo
2831 1821 2901 1873 et
2951 1814 3290 1894 exemplo

722 1919 964 1984 docuit
996 1920 1069 1983 in
1102 1922 1317 1983 rebus
1346 1919 1671 1981 omnibus
1718 1918 2094 1998 presertim
2143 1918 2486 1999 gravibus
2532 1938 2765 2000 neque
2812 1918 3005 1981 fama
3049 1919 3292 1999 decipi

720 2046 953 2109 neque
985 2028 1161 2091 alias
1188 2037 1551 2108 gestorum
1568 2034 1970 2088 vestrorum
1997 2025 2396 2088 defensioni
2429 2025 2714 2088 nimium
2749 2026 2970 2105 inviti,
3001 2026 3293 2088 dicente

722 2135 1045 2214 dominc,
1094 2132 1543 2197 descendam
1606 2142 1679 2195 et
1724 2131 1988 2195 videbo
2049 2143 2281 2195 utrum
2347 2135 2614 2195 clamor
2661 2132 2781 2214 qui
2829 2134 2920 2195 ad
2967 2152 3082 2195 me
3131 2152 3290 2213 per-

723 2242 961 2322 venit,
1032 2262 1251 2323 opere
1314 2236 1866 2320 compleverint,
1937 2249 2010 2300 et
2053 2240 2308 2301 eodem
2357 2239 2669 2319 iubente,
2716 2260 2995 2302 servum
3045 2256 3290 2303 coram

718 2370 795 2413 se
841 2348 1185 2413 rationem
1220 2348 1527 2411 reddere
1558 2345 2044 2418 villicationis3
2123 2347 2270 2409 Nos
2332 2346 2548 2427 igitur
2593 2356 2799 2427 gesta
2845 2356 3088 2409 vestra
3138 2366 3286 2408 cor-

716 2457 955 2537 rigere
1026 2466 1095 2518 et
1156 2458 1249 2517 ad
1294 2452 1623 2517 veritatis·
1666 2452 1986 2515 semitam
2033 2455 2378 2516 reducere
2427 2454 2629 2515 iuxta
2680 2454 3010 2533 Apostoli
3075 2452 3286 2515 Nico-

720 2564 959 2643 laique
1010 2561 1539 2643 predecessoris
1596 2560 1824 2623 nostri
1889 2561 2346 2640 sententiam,
2411 2571 2488 2622 ut
2553 2580 2685 2642 par
2747 2571 2875 2639 est,
2933 2562 3288 2633 volente3‚

692 2690 1143 2751 quamquam
1192 2688 1415 2749 usque
1462 2668 1531 2733 in
1582 2670 1718 2730 hec
1764 2680 2090 2748 tempora
2137 2668 2326 2730 fama
2375 2670 2720 2731 suadente
2750 2687 2880 2748 pro
2915 2676 3288 2749 comperto

718 2780 1167 2855 haberemus,
1188 2775 1521 2838 dilectum
1546 2774 1763 2837 filiurn
1790 2773 2052 2852 Julium
2081 2775 2400 2838 Electum
2428 2774 2916 2837 Florentinum
2940 2775 3285 2837 natalium

720 2884 867 2966 pati
918 2882 1274 2946 defectum
1338 2882 1643 2963 ideoque
1718 2901 1876 2943 cum
1949 2901 2035 2944 eo
2114 2879 2182 2942 in
2265 2882 2708 2962 promotione
2764 2883 2855 2944 ad
2909 2882 3284 2944 eeclesiam

717 2989 1165 3054 florentinam
1242 2991 1639 3070 predictam
1714 2991 1804 3050 de
1879 2988 2432 3050 Venerabilibus
2503 2989 2796 3051 fratrum
2884 2999 3286 3051 nostrorum

718 3109 965 3162 sancte
990 3099 1329 3163 Romane
1364 3095 1728 3158 Ecclesiae
1778 3095 2256 3157 Cardinalium
2311 3095 2605 3157 consilio
2638 3097 3287 3177 dispensaverimus

713 3215 931 3287 prout
950 3205 1125 3268 alias
1146 3225 1361 3286 super
1384 3205 1634 3266 eodem
1658 3203 1944 3264 defectu
1967 3224 2008 3264 a
2027 3203 2350 3282 pluribus
2375 3204 3005 3284 predecessoribus
3024 3204 3285 3265 nost-ris

720 3312 1203 3394 dispensatum
1252 3311 1469 3373 fuisse
1520 3309 2022 3390 comperimus;
2074 3309 2404 3391 quoniam
2456 3317 2690 3372 tamen
2741 3310 3062 3372 nonnulli
3109 3311 3281 3371 anti-

720 3419 1001 3501 quiores
1050 3418 1262 3486 etiam
1322 3417 1669 3498 sanguine
1734 3415 2130 3495 coniuncti,
2193 3425 2268 3478 ut
2321 3418 2392 3478 in
2451 3419 2664 3478 rebus
2731 3417 3075 3499 gravibus
3131 3415 3280 3478 fieri

718 3527 927 3602 solet,
980 3546 1127 3587 rem
1176 3525 1383 3588 aliter
1430 3545 1507 3587 se
1554 3526 1822 3586 habere
1873 3523 2430 3603 arbitrabantur,
2479 3535 2552 3586 et
2601 3524 2808 3586 nobis
2855 3526 3283 3592 retulerunt:

719 3652 848 3695 nos
898 3635 987 3694 de
1035 3632 1397 3712 premissis
1445 3643 1713 3695 certam
1760 3629 2083 3693 notitiam
2131 3651 2274 3692 non
2322 3632 2704 3708 habenteS,
2777 3630 3074 3694 stimulis
3125 3651 3282 3693 con-

718 3738 1017 3804 scientie
1079 3739 1359 3819 agitati,
1430 3738 1803 3802 veritatem
1869 3737 1975 3800 rei
2029 3735 2361 3800 seriosius
2433 3737 2688 3819 inquiri
2757 3737 3129 3820 cupientes
3197 3757 3282 3800 ne

719 3845 1159 3926 illegitimum
1227 3864 1358 3924 pro
1422 3844 1738 3926 legitimo
1808 3855 1880 3906 et
1945 3844 2335 3925 legitimum
2412 3863 2544 3925 pro
2621 3845 2992 3926 illegitimo
3070 3846 3278 3907 habe-

718 3973 973 4032 remuS,
1024 3951 1303 4016 dilectis
1350 3949 1513 4015 filiis
1558 3951 1944 4014 Francisco
1995 3962 2399 4014 sanctorum
2446 3951 2788 4030 Johannis
2837 3961 2909 4013 et
2957 3951 3164 4014 Pauli
3215 3959 3282 4011 et

722 4059 1099 4128 Leon-ardo
1148 4071 1392 4122 sancte
1443 4055 1768 4121 Susanne
1817 4068 1896 4120 tt.
1946 4058 2362 4138 presbiteris
2411 4057 2908 4120 Cardinalibus
2957 4058 3281 4120 dedimus

717 4166 787 4228 in
844 4166 1199 4236 mandatis
1266 4177 1345 4228 ut
1414 4185 1627 4247 super
1702 4165 2072 4247 premissis
2162 4185 2238 4227 se
2316 4164 2728 4245 diligentius
2795 4163 3282 4242 informarent,

723 4273 933 4335 etiam
974 4293 1270 4355 quorum
1303 4273 1681 4334 interesset
1713 4271 1980 4343 citatis3
2033 4291 2124 4332 ex
2174 4291 2470 4353 quorum
2517 4280 2682 4352 post
2729 4272 3106 4354 plurimum
3157 4273 3280 4334 Te-

719 4379 927 4443 stium
976 4400 1275 4444 examen
1322 4399 1454 4460 per
1502 4397 1625 4442 eos
1668 4379 2050 4458 diligenter
2097 4377 2365 4439 factum
2430 4379 2501 4440 in
2551 4377 2987 4441 Consistorio
3037 4388 3278 4442 nostro

719 4495 994 4547 secreto
1042 4486 1507 4548 relationibus
1556 4486 1888 4548 dilectum
1955 4483 2170 4548 filiurn
2236 4485 2495 4564 Julium
2544 4485 2866 4547 Electum
2926 4485 3276 4566 prefatum

718 4590 1107 4672 legitimum
1170 4613 1328 4655 esse
1402 4601 1612 4674 atque
1690 4613 1780 4654 ex
1856 4592 2175 4673 legitimo
2248 4592 2696 4655 matrimonio
2746 4601 2987 4654 natum
3061 4591 3277 4654 fuisse

718 4698 1130 4784 reperimus,
1226 4699 1549 4762 Veritate
1600 4700 1841 4779 itaque
1901 4697 2350 4760 manifestata
2407 4719 2563 4761 curn
2621 4700 2820 4761 iuxta
2883 4697 3277 4761 Canonicas

721 4802 1175 4884 Sanctiones‚
1250 4807 1458 4868 cedat
1521 4805 1760 4886 opinio
1827 4805 2142 4884 veritati,
2208 4803 2736 4887 Omnipotentis
2791 4805 2924 4867 Dei
2991 4805 3277 4885 eiusque

720 4911 1094 4978 Individue
1150 4913 1514 4978 Trinitatis
1562 4911 1799 4975 Patris
1863 4923 1934 4974 et
1981 4912 2140 4976 Filii
2189 4923 2260 4976 et
2323 4909 2630 4998 Spiritus
2695 4909 2942 4976 Sancti
3000 4911 3276 4975 nomine
