3575 5775
1451 574 1945 631 0—433418>-0

405 720 572 782 rola
617 722 710 782 de
756 720 918 801 Dio,
967 729 1039 783 et
1084 721 1288 784 voler
1334 719 1657 802 prohibit
1705 725 1771 784 le
1818 722 2269 803 impressioni
2316 724 2406 787 de
2455 724 2615 787 libri
2664 725 2977 806 dannati,

407 836 484 887 et
531 826 812 909 famosi,
859 828 1099 891 hanno
1146 837 1540 891 monstrato
1589 848 1748 891 cum
1797 829 1843 891 li
1893 828 2141 909 effetti,
2180 830 2319 902 ‚che
2366 831 2602 895 hanno
2652 834 2836 896 altra
2881 833 2975 897 in·

405 933 767 1016 tentione,
837 934 1099 1017 perche
1147 935 1385 998 hanno
1435 938 1699 999 lassato
1750 935 1968 1017 dopoi
2012 935 2376 1020 imprimet
2421 938 2625 1002 simili
2690 951 2761 1002 et
2806 960 2975 1021 peg—

403 1039 598 1123 giori
644 1040 829 1122 libri,
876 1042 1056 1105 fatto
1103 1041 1436 1125 predicar
1482 1041 1531 1105 li
1579 1042 1955 1123 lutherani,
2004 1052 2076 1106 et
2121 1044 2484 1125 prohibito
2533 1046 2581 1109 li
2630 1048 2819 1111 boni.

591 1145 1035 1212 Similmente
1093 1168 1228 1231 per
1283 1148 1414 1211 dar
1459 1149 1774 1212 remedio
1824 1170 1868 1212 a
1924 1152 1989 1213 18
2038 1153 2451 1234 sopradette
2499 1173 2666 1217 cose
2714 1154 2977 1220 Nostro

405 1252 726 1338 Signore
772 1256 978 1338 Papa
1025 1255 1390 1319 Clemente
1439 1256 1596 1321 VII.
1647 1258 1742 1319 ha
1785 1257 2161 1337 mandato,
2220 1279 2265 1321 a
2312 1259 2383 1322 la
2428 1260 2675 1325 ultima
2720 1263 2978 1327 Diaeta

405 1364 500 1425 de
529 1362 1033 1445 Noremberga
1059 1365 1145 1426 ‘el
1174 1363 1813 1427 Reverendissimo
1845 1362 2225 1428 Cardinale
2255 1364 2645 1449 Campegio
2679 1369 2977 1453 Legato,

403 1471 627 1532 homo
679 1470 768 1533 de
799 1469 1084 1551 integra
1114 1470 1284 1551 vita,
1333 1479 1407 1533 et
1438 1472 1837 1534 excellente
1868 1472 2213 1552 doctrina,
2260 1474 2459 1537 accio
2489 1479 2977 1543 concorrendo

403 1576 709 1649 insieme
755 1586 907 1640 tute
955 1587 1206 1659 queste
1253 1577 1664 1657 conditioni,
1710 1578 1756 1640 l’
1783 1578 2111 1657 autorita‚
2158 1580 2229 1643 18
2273 1580 2517 1663 bonta,
2566 1583 2636 1645 18
2680 1583 2978 1657 scientia

406 1682 480 1746 di
533 1686 636 1745 tal
683 1686 932 1763 hom0‚
1004 1684 1220 1766 quelli
1269 1684 1520 1768 populi
1581 1683 1702 1766 piu
1750 1684 2158 1749 facilmente
2225 1708 2303 1750 se
2348 1696 2722 1770 potessero
2769 1691 2979 1755 indur

402 1810 448 1851 a
495 1791 570 1853 18
619 1792 812 1853 bona
857 1790 1009 1864 via;
1069 1791 1157 1853 ne
1205 1791 1300 1853 ha
1345 1790 1638 1873 giovato
1686 1792 1944 1854 alcuna
1990 1812 2193 1873 cosa,
2241 1796 2503 1877 perche
2554 1805 2751 1861 tanto
2797 1820 2975 1863 sono

402 1896 750 1961 venenati
796 1897 848 1961 li
894 1896 1108 1960 animi
1155 1899 1310 1961 loro
1359 1917 1504 1960 non
1535 1899 1930 1962 solamente
1978 1909 2227 1963 contra
2267 1901 2359 1964 de
2392 1915 2643 1984 questa
2673 1905 2975 1989 Chiesia‚

399 2024 523 2067 ma
573 2004 788 2067 etiam
836 2016 1086 2068 contra
1132 2004 1304 2087 ogni
1351 2004 1809 2087 superiorita,
1880 2007 2011 2069 che
2060 2008 2126 2069 el
2173 2007 2371 2071 detto
2420 2009 2696 2092 Legato
2746 2034 2889 2078 non
2938 2016 2975 2079 ὲ

399 2122 598 2175 stato
648 2112 789 2175 ben
837 2111 1023 2175 visto
1069 2110 1142 2174 in
1191 2113 1400 2175 alcun
1448 2115 1630 2194 loco,
1679 2121 1752 2176 et
1797 2112 1869 2176 in
1905 2112 2235 2196 Augusta
2279 2117 2607 2182 haveano
2648 2122 2973 2185 ordinato

399 2227 520 2281 tra
583 2220 822 2300 quello
870 2220 1140 2302 populo
1209 2219 1298 2281 de
1345 2219 1535 2283 uscir
1579 2218 1909 2283 incontra
1957 2219 2182 2284 Cento
2232 2221 2523 2303 gioveni
2586 2229 2823 2293 vestiti
2882 2232 2975 2293 da

401 2325 700 2405 diavoli,
749 2325 1236 2389 strassinando
1283 2346 1425 2388 uno
1473 2327 1685 2389 homo
1734 2328 1976 2408 legato
2026 2328 2097 2390 in
2145 2329 2391 2393 habito
2441 2332 2530 2394 de
2558 2332 2973 2413 Cardinale;

399 2452 544 2514 pur
610 2452 741 2513 per
806 2432 1326 2495 advertimento
1377 2434 1467 2495 de
1515 2434 1819 2514 qualche
1866 2454 2175 2516 persona
2242 2436 2331 2499 de
2382 2436 2734 2523 Consili0,
2800 2443 2975 2509 forsi

399 2540 524 2621 piu
592 2559 724 2622 per
786 2540 856 2601 18
904 2538 1247 2603 enormita
1311 2539 1402 2601 de
1460 2541 1530 2602 la
1576 2559 1746 2603 cosa
1816 2544 1949 2603 che
2012 2562 2142 2624 per
2187 2544 2325 2605 ben
2376 2546 2611 2625 voler‚
2685 2550 2751 2611 el
2812 2570 2971 2613 con-

400 2648 585 2712 58110
637 2648 728 2710 de
773 2649 846 2710 la
889 2656 1084 2709 terra
1128 2644 1288 2709 fece
1337 2648 1468 2709 che
1517 2666 1659 2709 non
1707 2648 2029 2728 seguisse
2078 2651 2175 2711 tal
2226 2652 2645 2718 desordene.

591 2754 745 2834 Boi,
793 2774 837 2815 a
883 2753 955 2816 18
991 2752 1254 2815 intrata
1286 2753 1378 2816 de
1407 2752 1908 2837 Norimberga,
1954 2755 2031 2819 fu
2062 2776 2203 2819 non
2236 2778 2448 2821 senza
2478 2780 2711 2843 causa,
2760 2784 2973 2848 preso

399 2860 726 2928 conselio
775 2862 906 2926 che
956 2880 1094 2924 non
1146 2860 1451 2926 intrasse
1499 2881 1698 2926 come
1748 2864 2043 2927 soleano
2092 2864 2141 2928 li
2190 2865 2408 2946 legati
2440 2887 2597 2932 curn
2628 2870 2697 2933 18
2732 2871 2985 2938 debite.

399 2969 860 3036 solemnitati.
951 2969 1013 3031 Il
1079 2970 1211 3033 che
1277 2969 1417 3032 mai
1482 2970 1700 3053 dopoi
1767 2969 1997 3034 cheli
2058 2972 2280 3052 legati
2347 2993 2424 3036 se
2471 2977 2825 3042 mandatio
2841 3028 2861 3060 ,
2934 2981 2971 3043 8

399 3085 892 3144 accostumato
939 3076 1069 3140 far.
1164 3076 1249 3138 Li
1297 3077 1488 3158 quali
1537 3087 1608 3140 et
1653 3077 1935 3159 Caesar,
1988 3088 2060 3141 et
2104 3079 2154 3142 li
2200 3079 2319 3142 Re
2366 3083 2614 3146 soleno
2661 3085 2973 3150 honorat

397 3207 494 3252 ne
543 3189 614 3249 18
661 3185 922 3248 intrate
971 3185 1059 3246 de
1107 3184 1174 3246 le
1223 3182 1459 3248 citadi.

585 3294 916 3372 Ancora,
986 3290 1027 3355 e
1089 3292 1181 3353 da
1228 3291 1546 3354 advertit
1609 3292 1740 3354 che
1809 3292 1877 3353 el
1924 3292 2128 3354 Duca
2188 3295 2279 3355 de
2328 3292 2649 3358 Saxonia
2695 3296 2972 3360 Elettor

399 3401 640 3465 subito
703 3399 932 3462 inteso
995 3399 1062 3461 el
1108 3397 1743 3462 Reverendissimo
1791 3398 2069 3479 Legato
2132 3419 2329 3463 esser
2384 3401 2456 3465 in
2506 3403 2819 3482 camino,
2890 3425 2967 3467 se

398 3511 588 3592 partl
639 3507 733 3568 da
779 3507 849 3569 18
895 3504 1192 3585 Diaeta,
1242 3513 1314 3568 et
1359 3504 1558 3567 molti
1606 3504 1768 3567 altri
1816 3505 2171 3587 Principi‚
2230 3516 2301 3569 et
2348 3508 2669 3572 lassorno
2717 3508 2767 3572 11
2814 3511 2968 3574 10το

399 3613 694 3680 Oratori
757 3629 889 3694 pro
936 3611 1202 3691 forma,
1273 3609 1606 3673 accioche
1673 3630 1817 3674 non
1882 3631 1959 3674 se
2007 3612 2471 3679 concludesse
2539 3634 2709 3678 cosa
2755 3617 2967 3698 bona,

397 3721 668 3803 perche
719 3720 904 3782 dove
945 3735 1076 3799 per
1125 3718 1190 3780 el
1230 3718 1472 3798 legato
1517 3717 1727 3779 venia
1757 3725 2105 3800 proposto
2146 3720 2383 3798 quello
2432 3721 2565 3784 che
2608 3724 2677 3786 la
2713 3722 2961 3804 ragion

400 3838 474 3891 et
534 3829 604 3891 el
668 3826 902 3891 dever·
935 3825 1179 3905 volea,
1243 3823 1542 3886 diceano
1590 3842 1732 3887 non
1794 3824 2018 3886 havet
2065 3824 2559 3890 commissione
2614 3827 2708 3889 da
2765 3827 2815 3889 li
2861 3829 2967 3891 soi

399 3933 740 4017 Principi‚
787 3951 1006 3995 overo
1055 3930 1580 3994 communitadi.

579 4041 674 4104 Et
710 4059 844 4122 per
871 4039 1305 4101 resolutione
1337 4047 1408 4101 et
1438 4046 1766 4120 resposta
1798 4036 1899 4100 dil
1930 4037 2450 4119 departimento
2485 4040 2577 4102 de
2605 4040 2677 4102 la
2708 4040 2965 4104 Diaeta

399 4149 736 4212 havendo
800 4145 850 4208 li
900 4143 1186 4209 Oratori
1253 4145 1342 4206 de
1398 4144 1466 4206 le
1513 4153 1704 4206 terre
1752 4142 2049 4208 franche
2116 4145 2729 4210 manifestamente
2796 4148 2964 4211 dato

399 4254 712 4336 pessima
769 4262 842 4315 et
887 4249 1298 4333 impiissima
1346 4261 1702 4332 resposta:
1773 4252 1845 4313 la
1892 4251 2344 4315 conclusione
2394 4251 2793 4316 universale
2841 4253 2960 4335 piis

401 4361 1004 4423 cautelosamente
1072 4379 1164 4420 va
1227 4358 1319 4421 ad
1387 4377 1478 4419 un
1527 4359 1888 4420 medesmo
1952 4356 2129 4438 fine,
2200 4368 2275 4422 et
2338 4379 2558 4425 ancor
2628 4361 2759 4423 che
2806 4361 2961 4442 pari

399 4467 632 4549 prima
674 4464 862 4528 facie
909 4465 1035 4548 piu
1082 4463 1452 4544 catholica,
1504 4485 1644 4527 non
1695 4464 1979 4528 dimeno
2026 4467 2121 4528 ha
2165 4465 2235 4528 in
2285 4487 2362 4529 se
2396 4468 2612 4530 molto
2660 4487 2962 4550 veneno,

402 4585 476 4638 et
521 4573 854 4638 contiene
902 4573 1128 4655 (come
1177 4573 1213 4636 ὲ
1262 4581 1578 4635 costume
1628 4569 1811 4658 loro)
1859 4574 2113 4636 alcune
2162 4573 2475 4655 captioni
2516 4573 2697 4638 assai
2749 4573 2961 4656 facili,

403 4701 446 4744 a
493 4700 951 4764 cognoscere,
999 4678 1266 4762 perche
1309 4681 1496 4742 dove
1545 4679 1802 4742 dicono
1834 4699 2033 4741 esser
2078 4680 2303 4742 tenuti
2337 4681 2634 4762 exequir
2666 4683 2735 4744 el
2764 4681 2959 4744 Man-

403 4789 571 4851 dato
621 4787 972 4852 Caesareo
1032 4786 1214 4850 fatto
1277 4807 1322 4849 a
1367 4785 1734 4867 WormeS,
1810 4795 1881 4850 et
1941 4787 2143 4848 voler
2213 4787 2537 4852 obedirlo
2604 4798 2871 4869 quanto
2919 4809 2963 4852 8

404 4894 558 4958 loro
605 4895 764 4958 sara
812 4893 1188 4976 possibile,
1249 4913 1392 4957 non
1441 4895 1478 4957 ὲ
1525 4895 1710 4958 altro
1759 4914 1837 4960 se
1884 4915 2028 4958 non
2074 4895 2209 4959 che
2257 4897 2443 4962 dove
2488 4915 2633 4960 non
2678 4895 2749 4960 lo
2798 4913 2961 4964 exe·
