3575 5775
1712 590 2207 648 &susp-0

679 744 991 805 absurdo
1058 742 1188 803 che
1236 740 1569 802 havendo
1617 758 1774 801 cum
1826 746 2023 801 tanto
2072 747 2348 801 matura
2394 737 2910 801 deliberatione
2970 739 3063 800 de
3114 737 3253 799 tuti

679 848 996 931 Principi
1070 856 1140 910 et
1187 844 1435 930 populi
1484 844 1638 908 suoi
1701 843 2003 927 subditi,
2075 864 2275 908 come
2320 844 2535 908 volea
2580 846 2652 907 la
2696 844 2989 927 ragion,
3060 844 3253 909 fatto

679 956 748 1018 el
793 955 1129 1018 mandato
1178 962 1427 1016 contra
1475 960 1728 1034 questa
1771 950 2124 1029 haeresia,
2174 971 2315 1015 non
2363 953 2757 1015 solamente
2806 971 2950 1014 non
2997 951 3069 1014 lo
3102 950 3251 1013 faci

681 1062 1014 1144 exequir‚
1064 1082 1180 1124 ma
1225 1060 1434 1124 toleri
1483 1059 1652 1141 ogni
1699 1056 1771 1122 di
1821 1057 2343 1140 quodammodo
2390 1057 2463 1121 in
2512 1059 2843 1140 despetto
2890 1076 3019 1121 suo
3069 1058 3254 1121 farsi

680 1168 1033 1252 maggiori
1080 1165 1482 1230 desordeni.

855 1275 950 1339 Et
1013 1295 1228 1339 ancor
1293 1275 1424 1336 che
1472 1272 1734 1335 Nostro
1784 1269 2092 1354 Signore
2147 1269 2343 1333 habii
2406 1270 2588 1335 fatto
2654 1281 2919 1352 quanto
2990 1291 3250 1355 appar·

677 1382 870 1447 tiene
935 1404 978 1446 a
1039 1402 1116 1445 se
1174 1379 1246 1444 in
1310 1388 1562 1462 questa
1609 1398 1813 1458 cosa,
1886 1387 1957 1441 et
2004 1379 2136 1441 che
2184 1378 2337 1440 solo
2402 1378 2607 1457 resti,
2680 1398 2724 1441 a
2770 1376 2915 1441 Sua
2962 1377 3254 1441 Maesta

678 1490 791 1553 far
839 1493 911 1553 la
958 1487 1382 1553 executione
1427 1506 1628 1549 come
1676 1494 1827 1547 tute
1873 1486 2037 1565 lege
2068 1485 2351 1565 volen0‚
2400 1504 2544 1548 non
2576 1484 2859 1548 dimeno
2890 1482 3041 1548 Sua
3068 1484 3250 1548 San-

678 1596 806 1660 tita
870 1594 1032 1659 sera
1078 1614 1360 1676 sempre
1407 1600 1650 1675 presta
1713 1612 1871 1654 cum
1920 1610 2047 1654 suo
2094 1593 2237 1654 bon
2287 1591 2603 1654 conselio
2670 1600 2742 1655 et
2788 1590 2947 1654 altri
2996 1592 3252 1673 meggi

679 1706 810 1767 che
859 1704 952 1765 da
999 1710 1250 1784 questa
1300 1698 1491 1763 Sede
1539 1720 1618 1763 se
1663 1699 1788 1781 pol
1834 1708 1908 1762 et
1956 1699 2139 1761 deve
2188 1706 2552 1781 expettar,
2618 1697 2940 1780 assistet,
3012 1709 3086 1761 et
3132 1698 3253 1762 far

677 1810 718 1873 1’
749 1808 987 1874 officio
1036 1809 1127 1871 de
1175 1810 1320 1870 bon
1367 1806 1655 1870 Vicario
1706 1806 1795 1868 de
1844 1806 2013 1885 Jesu
2062 1803 2365 1869 Christo·

856 1917 1000 1979 Per
1044 1913 1096 1977 li
1139 1912 1470 1991 remedii,
1540 1912 1579 1975 ὲ
1635 1910 2041 1975 necessario
2092 1912 2223 1975 che
2272 1909 2421 1975 Sua
2464 1911 2747 1975 Maesta
2791 1920 3057 1994 quanto
3115 1913 3249 1995 'pil'1

679 2032 925 2105 presto
988 2020 1228 2084 mandi
1295 2039 1427 2102 per
1483 2029 1736 2101 questa
1797 2038 2013 2082 causa
2068 2028 2651 2102 expressamente
2721 2018 2795 2081 in
2856 2017 3253 2099 Germania

679 2151 774 2194 un
822 2131 1034 2193 homo
1082 2131 1224 2192 ben
1271 2128 1626 2199 instrutto‚
1678 2135 1748 2189 et
1796 2128 1928 2189 che
1976 2125 2062 2189 sii
2110 2127 2201 2189 de
2232 2125 2495 2209 qualita
2545 2136 2616 2189 et
2648 2126 3058 2189 conditione
3110 2128 3251 2190 che

681 2236 899 2319 quelli
947 2234 1265 2317 Principi
1314 2243 1385 2297 et
1431 2232 1678 2317 populi
1729 2232 2213 2315 cognoschino
2262 2232 2879 2297 manifestamente
2926 2233 3061 2296 che
3094 2231 3251 2297 Sua

678 2341 960 2406 Maesta
1007 2362 1084 2405 se
1131 2351 1416 2405 resente
1467 2350 1537 2403 et
1586 2341 1750 2403 dole
1800 2360 1998 2403 esser
2042 2340 2224 2403 satta
2268 2359 2402 2422 per
2448 2341 2601 2403 loro
2651 2353 2903 2422 questa
2949 2359 3250 2404 enorme

679 2447 939 2513 iniuria
1010 2468 1054 2511 a
1117 2448 1293 2528 Dio,
1354 2468 1397 2510 a
1443 2448 1514 2509 la
1561 2446 1863 2528 religion
1914 2445 2283 2510 Catholiea
2332 2455 2404 2510 et
2472 2468 2515 2509 a
2562 2444 2710 2509 Sua
2755 2446 3035 2509 Maesta
3083 2467 3247 2511 cum

678 2574 908 2638 pocco
957 2556 1187 2619 honor
1236 2554 1324 2615 de
1373 2553 1590 2633 quelli
1638 2552 1906 2635 populi,
1957 2561 2028 2615 et
2077 2552 2528 2616 damnatione
2577 2554 2668 2615 de
2700 2554 2767 2615 le
2800 2554 3033 2615 anime
3063 2554 3248 2617 loro.

679 2662 765 2725 Li
811 2662 1003 2744 quali
1061 2660 1134 2724 in
1197 2679 1362 2722 cose
1411 2660 1502 2722 de
1549 2660 1619 2721 la
1673 2657 1841 2722 fede
1889 2666 2088 2722 tanto
2154 2668 2667 2723 maturamente
2741 2669 2813 2723 et
2876 2660 3245 2742 religiosa·

678 2776 915 2833 mente
963 2767 1429 2831 determinate
1477 2764 1704 2848 primo
1754 2785 1886 2847 per
1931 2766 2000 2828 la
2047 2763 2240 2829 Sede
2286 2766 2741 2848 Apostolica,
2808 2775 2881 2829 et
2933 2768 3054 2849 poi
3111 2787 3250 2848 per

687 2874 838 2940 Sua
882 2874 1159 2940 Maesta
1209 2884 1280 2937 et
1337 2874 1428 2938 de
1489 2871 1803 2938 conselio
1860 2874 2013 2936 loro
2077 2871 2149 2936 in
2213 2876 2359 2937 cosi
2420 2875 2773 2955 populosa
2826 2873 3089 2938 Diaeta
3150 2875 3247 2939 de

679 2983 1016 3048 Wormes
1064 3003 1202 3046 non
1253 2982 1645 3045 solamente
1705 3000 1847 3043 non
1910 2979 2203 3043 habiino
2264 2980 2554 3044 obedito
2622 2982 2715 3043 ad
2784 2982 2883 3043 tal
2946 2983 3245 3046 decreto

679 3112 795 3154 ma
841 3111 1055 3152 ancor
1101 3088 1392 3154 habiino
1440 3089 1658 3152 hauto
1689 3087 1883 3150 ardir
1928 3087 1999 3149 in
2049 3097 2301 3168 queste
2348 3090 2501 3151 loro
2534 3087 2787 3151 Diaete
2822 3089 2913 3151 de
2946 3088 3241 3152 Norem·

678 3199 935 3279 berga,
997 3217 1208 3260 senza
1257 3195 1728 3259 deliberation
1776 3195 1869 3257 de
1917 3192 2063 3257 Sua
2110 3193 2385 3258 Maesta
2434 3193 2694 3258 limitar
2739 3194 2937 3258 detto
2984 3194 3244 3259 Edicto

680 3303 1242 3384 wormatiense,
1301 3311 1373 3366 et
1432 3304 1635 3365 voler
1703 3301 1815 3364 far
1864 3321 2051 3364 nova
2098 3301 2617 3383 congregation
2666 3321 2879 3384 sopra
2925 3301 3050 3364 tali
3098 3322 3239 3366 ma-

680 3409 894 3490 terie3
958 3408 1003 3471 il
1069 3411 1201 3472 che
1259 3409 1295 3471 ὲ
1359 3408 1448 3471 de
1497 3408 1768 3471 directo
1816 3417 2070 3470 contra
2117 3427 2277 3472 esso
2326 3409 2591 3490 edicto,
2640 3420 2712 3472 et
2760 3409 2825 3471 le
2874 3408 3019 3489 legi
3066 3408 3243 3472 anti-

681 3536 819 3599 que
887 3536 1122 3595 sacre,
1193 3524 1267 3578 et
1323 3514 1696 3580 Caesaree.
1789 3513 1881 3576 Et
1951 3516 2083 3577 che
2156 3515 2439 3598 quando
2496 3513 2640 3579 Sua
2702 3514 2981 3579 Maesta
3043 3514 3243 3579 fusse

679 3626 820 3687 ben
871 3631 1057 3686 stata
1093 3631 1432 3705 presente
1478 3622 1550 3690 in
1598 3621 2096 3704 Norirnberga,
2145 3642 2277 3704 per
2322 3624 2475 3686 zelo
2524 3624 2613 3686 de
2663 3624 2733 3685 la
2778 3621 2965 3702 fede,
3016 3631 3089 3684 et
3120 3624 3242 3685 ho·

681 3749 815 3793 nor
875 3750 1004 3793 suo
1081 3749 1225 3793 non
1298 3731 1654 3794 harrebbe
1716 3738 2178 3812 praesumpto
2252 3730 2682 3793 determinar
2750 3738 3003 3811 questa
3070 3749 3242 3792 cosa

682 3838 1104 3901 altramente
1153 3837 1284 3899 che
1333 3835 1450 3917 gia
1501 3857 1623 3900 era
1671 3845 1860 3899 stata
1906 3837 2239 3900 conclusa
2286 3837 2471 3900 cossi
2518 3845 3022 3900 sanctamente.

865 3945 1052 4008 Pero
1101 3942 1248 4007 Sua
1292 3943 1569 4006 Maesta
1629 3963 1761 4026 per
1821 3943 1863 4006 1’
1909 3945 2121 4006 homo
2180 3945 2312 4006 che
2360 3943 2403 4006 l'
2443 3943 2537 4007 ha
2598 3944 2689 4006 ad
2752 3941 3051 4006 mandar
3088 3942 3243 4006 'faci

679 4051 1044 4132 intender,
1106 4071 1150 4113 a
1197 4050 1414 4132 quelli
1473 4050 1606 4112 tuti
1671 4048 2025 4131 Principi,
2090 4059 2162 4112 et
2216 4050 2496 4133 populi,
2566 4051 2697 4114 che
2744 4069 2889 4113 non
2965 4051 3002 4112 e
3071 4071 3244 4114 cosa

680 4159 1027 4239 honesta,
1095 4159 1182 4222 ne
1231 4156 1734 4239 ragionevole‚
1800 4168 1871 4220 et
1930 4159 2481 4221 resolutamente
2539 4176 2681 4219 non
2755 4157 2791 4219 ὲ
2856 4157 2945 4220 de
3002 4169 3243 4220 mente

681 4285 842 4346 sua,
906 4266 1036 4328 che
1082 4285 1218 4328 con
1267 4265 1326 4327 si
1373 4262 1748 4328 manifesto
1801 4264 2138 4327 scandalo
2190 4265 2279 4325 de
2326 4266 2397 4326 la
2444 4261 2789 4344 Religion
2838 4262 3243 4327 Christiana

680 4374 834 4435 loro
899 4371 1136 4435 facino
1203 4372 1723 4454 congregation
1785 4373 2040 4434 alcuna
2112 4370 2185 4433 in
2246 4371 2546 4434 materia
2608 4371 2740 4435 che
2805 4369 2995 4434 tochi
3053 4373 3239 4434 altro

684 4480 818 4540 che
866 4479 933 4541 le
983 4497 1148 4542 cose
1196 4481 1349 4542 loro
1399 4487 1736 4542 consuete
1784 4479 1901 4542 del
1966 4477 2299 4560 imperi0‚
2350 4478 2409 4540 si
2465 4497 2664 4540 corno
2718 4475 2817 4540 fin
2878 4477 3005 4559 qui.
3060 4498 3240 4542 sono

682 4586 1144 4648 accostumati
1200 4587 1290 4648 de
1343 4586 1474 4650 far.
1579 4585 1670 4648 Et
1737 4583 1808 4647 in
1870 4585 2167 4647 materia
2224 4584 2313 4646 de
2371 4583 2669 4647 Concilii
2724 4585 3006 4666 quando
3081 4585 3235 4648 loro

683 4690 1224 4755 desiderasseno
1274 4695 1528 4756 alcuna
1575 4712 1763 4772 cosa,
1814 4691 2095 4754 devono
2143 4711 2487 4772 recorrer‚
2536 4711 2580 4754 a
2612 4687 2757 4754 Sua
2788 4689 3085 4772 Maesta,
3135 4691 3237 4754 La

682 4799 850 4879 qual
896 4819 972 4861 se
1022 4819 1462 4882 cognoscera
1491 4801 1576 4863 ¹el
1643 4797 1997 4862 desiderio
2062 4799 2214 4861 loro
2283 4817 2479 4861 esser
2532 4796 2720 4880 justo
2780 4806 2853 4860 et
2912 4799 3233 4876 honeste,

679 4903 1130 4970 intercedera
1177 4925 1522 4990 appresso
1570 4905 1835 4970 Nostro
1882 4904 2191 4991 Signore
2240 4905 2338 4988 (al
2386 4905 2553 4988 qual
2600 4903 3023 4990 appartiene
3072 4925 3233 4970 con·
