3575 5775
1718 628 2214 684 ‹Heme-0

689 795 855 876 quin
906 816 1017 857 me
1066 796 1257 875 apud
1308 794 1473 855 B⁰⁰¹¹¹
1514 792 1598 857 V.
1648 813 1866 874 super
1911 792 2020 855 his
2069 778 2511 873 excusarem,
2562 813 2650 854 ne
2713 792 2900 854 forte
2941 792 3250 853 tacendo

688 901 1247 983 indignationem
1295 903 1442 981 vel,
1512 901 1703 983 quod
1751 899 1973 979 absit,
2041 903 2288 964 harum
2336 919 2570 963 rerum
2619 897 3080 980 suspitionem
3130 899 3250 960 ali-

691 1028 901 1090 quam
948 1008 1400 1073 incurrerem.
1510 1006 1745 1088 Quare
1802 1007 2209 1069 beatissime
2272 1016 2478 1088 pater
2524 1005 2910 1097 humillime
2961 1004 3250 1069 obnixe-

694 1134 832 1197 que
882 1135 1008 1177 oro
1058 1115 1113 1177 si
1163 1114 1331 1196 quid
1383 1116 1625 1177 talium
1674 1134 2022 1197 nugarum
2075 1116 2163 1178 de
2213 1135 2323 1177 me
2373 1117 2465 1176 ad
2515 1113 2604 1177 V.
2653 1112 2822 1177 B¹¹0¹¹¹
2887 1113 2955 1176 in
3020 1133 3254 1175 meum

690 1222 953 1285 forsam
1004 1222 1238 1285 odium
1290 1244 1333 1285 a
1380 1222 1802 1303 quibusdam
1851 1222 2024 1285 meis
2075 1222 2322 1285 emulis
2380 1222 2692 1291 delatum
2755 1229 2944 1284 esset
3009 1220 3123 1281 vel
3179 1220 3254 1281 in

691 1330 1002 1394 futurum
1052 1327 1454 1405 deferetur,
1518 1328 1688 1392 nihil
1750 1328 1918 1391 fidei
1975 1328 2118 1391 illis
2163 1331 2468 1410 prebere
2517 1348 2648 1391 nec
2697 1327 2908 1391 facile
2957 1330 3254 1391 credere

692 1440 875 1501 velle
925 1458 1034 1500 me
1084 1440 1177 1499 ab
1226 1440 1526 1499 honesto
1574 1435 1902 1517 iustoque
1932 1438 2356 1509 concedere;
2406 1437 2776 1518 perpalam
2807 1436 2991 1499 enim
3027 1444 3136 1497 est
3183 1446 3254 1496 et

690 1544 820 1607 toti
868 1544 1020 1608 fere
1068 1542 1495 1607 Germaniae
1543 1543 1906 1623 cognitum
1955 1553 2296 1625 quantum
2342 1563 2481 1625 ego
2529 1562 2660 1624 pro
2711 1542 3047 1605 sedandis
3110 1542 3256 1604 illis

688 1652 1109 1736 rusticorum
1158 1649 1389 1732 impiis
1454 1649 1868 1713 tumultibus
1918 1649 2208 1730 egerim,
2275 1650 2628 1731 hodieque
2691 1652 3076 1725 contend0,
3135 1650 3254 1729 qui

693 1779 832 1822 non
883 1761 1107 1822 solum
1158 1759 1350 1839 apud
1395 1756 1756 1839 principes
1788 1756 2434 1819 confaederationis
2483 1756 2814 1819 suevicae
2863 1758 2988 1820 sed
3039 1757 3252 1819 etiam

692 1887 822 1949 per
868 1866 1573 1947 Magdeburgensem
1620 1875 1692 1927 et
1740 1864 2375 1926 Alberstadensem
2425 1864 2750 1926 dioceses
2811 1884 2954 1926 non
3019 1882 3250 1943 asper-

692 1973 1001 2035 nandam
1050 1972 1329 2053 copiam
1380 1971 1718 2035 nobilium
1768 1971 2078 2051 equitum
2129 1983 2200 2032 et
2246 1971 2542 2033 militum
2577 1972 2920 2033 adversus
2955 1970 3254 2031 rusticos

691 2100 824 2161 pro
874 2082 1145 2141 honore
1196 2077 1559 2141 Ecclesiae
1608 2079 1981 2140 Romanae
2031 2078 2296 2139 tuendo
2345 2088 2416 2139 et
2473 2076 2804 2159 publicae
2870 2075 3252 2156 tranquilli·

692 2186 857 2250 tatis
908 2187 1451 2249 conservatione
1500 2183 1838 2267 impensis
1887 2184 2196 2265 propriis
2243 2182 2642 2262 habuerim,
2692 2182 2762 2245 in
2813 2203 2990 2264 quas
3031 2184 3253 2244 multa

692 2292 887 2355 milia
928 2290 1361 2355 florenorum
1411 2302 1483 2354 et
1528 2291 1895 2373 ingentem
1943 2311 2176 2353 rerum
2227 2291 2505 2371 copiam
2568 2290 3074 2371 impenderim,
3134 2290 3250 2352 ho-

696 2398 954 2480 dieque
1004 2400 1072 2461 in
1124 2399 1568 2482 corrigendis
1614 2398 1753 2461 illis
1801 2398 2101 2461 subditis
2148 2398 2321 2459 meis
2379 2399 2500 2479 qui
2561 2397 2630 2461 in
2681 2409 2922 2479 partes
2981 2396 3254 2459 illorum

695 2508 1045 2569 latronum
1109 2507 1529 2569 rusticorum
1600 2515 2146 2585 concesserunt,
2223 2505 2472 2568 sedulo
2553 2524 2964 2586 summoque
3023 2504 3254 2567 studio

696 2633 879 2695 ago;
932 2622 1199 2675 tanturn
1249 2616 1475 2692 abest,
1525 2612 1944 2675 Beatissime
1994 2612 2231 2691 Pater,
2277 2621 2356 2674 ut
2402 2614 2520 2675 vel
2567 2613 2638 2674 in
2669 2611 3094 2674 rusticorum
3145 2612 3254 2672 vel

693 2721 1223 2783 lutheranorum
1256 2729 1498 2801 partes
1546 2740 1857 2801 unquam
1906 2722 2300 2782 concedere
2345 2721 2458 2781 vel
2491 2719 2976 2803 cogitaverim.
3059 2720 3254 2781 Ideo·

702 2846 838 2909 que
888 2826 1166 2892 interim
1216 2846 1343 2890 oro
1392 2848 1481 2892 ne
1530 2826 1925 2891 istiusmodi
1972 2828 2172 2890 vanis
2219 2826 2558 2909 falsisque
2606 2827 2848 2910 nugis,
2911 2825 2969 2889 si
3016 2826 3258 2889 forsan

702 2936 793 2998 de
838 2957 951 2999 me
1004 2937 1091 2998 ad
1124 2935 1213 2998 V.
1264 2935 1343 2998 Β.
1396 2937 1678 2998 delatae
1729 2945 1968 2998 essent
2015 2937 2332 3018 credere,
2382 2936 2552 3017 quin
2602 2935 2812 2998 immo
2862 2934 2998 2997 sibi
3027 2935 3118 2996 de
3149 2953 3257 2995 me

697 3045 1129 3126 persuadere
1178 3043 1352 3108 velit
1399 3045 1591 3125 quod
1640 3043 1762 3105 illa
1811 3043 2060 3104 sedulo
2110 3041 2238 3105 sim
2297 3041 2614 3106 facturus
2678 3062 2860 3123 quae
2925 3040 3254 3104 obedien·

696 3149 1039 3213 tissimum
1087 3171 1436 3232 quemque
1486 3152 1744 3213 decent
1793 3147 2009 3212 filium
2058 3161 2130 3212 et
2177 3170 2360 3230 quae
2410 3151 2498 3212 ad
2550 3150 2884 3212 tuendum
2917 3150 3257 3211 honorem

698 3257 1202 3339 omnipotentis
1250 3257 1387 3320 Dei
1438 3266 1861 3336 vestraeque
1911 3255 2384 3320 Beatitudinis
2432 3277 2516 3319 ac
2566 3254 2638 3319 S.
2673 3255 2765 3319 R.
2801 3255 2992 3318 Eccl.
3041 3257 3254 3317 hono·

698 3384 846 3426 rem
893 3363 1569 3445 amplitudinemque
1618 3364 2021 3445 augendam
2071 3364 2568 3445 publicamque
2636 3383 2884 3446 pacem
2947 3373 3019 3424 et
3079 3371 3256 3424 tran-

700 3470 1120 3552 quillitatem
1170 3471 1735 3533 conservandam
1761 3470 2122 3551 pertinere
2157 3471 2606 3533 videbuntur.
2641 3517 2656 3532 .
2692 3518 2706 3532 .
2745 3521 2760 3535 .
2817 3471 2978 3533 Dat.
3030 3467 3258 3532 Hallis

703 3595 795 3640 ex
846 3597 1010 3640 arce
1062 3577 1203 3640 divi
1253 3576 1557 3640 Maurini
1625 3577 1739 3640 die
1790 3575 2089 3640 Sabathi
2153 3576 2489 3640 vicesima
2554 3596 2744 3640 nona
2805 3575 3073 3639 Mensis
3123 3575 3257 3638 Au·

699 3683 913 3769 gusti,
960 3685 1171 3747 Anno
1226 3685 1505 3748 Domini
1553 3683 1956 3749 MDXXV.

2428 3845 2742 3895 llumillima
2779 3855 3014 3894 creatura

2335 3931 2600 3997 albertus
2639 3933 2799 3995 (luel.
2839 3931 3084 4006 nomi.

882 4205 1266 4267 Praeterea
1316 4202 1735 4266 Beatissime
1784 4202 2002 4265 Pater
2051 4223 2142 4264 ex
2193 4202 2434 4266 debito
2486 4201 2936 4266 obedientiae
2987 4211 3056 4264 et
3093 4201 3256 4264 filia-

704 4311 787 4376 lis
835 4309 1293 4374 subiectionis
1343 4329 1579 4387 meae,
1651 4307 1739 4372 V.
1788 4307 1958 4370 B¹¹⁰¹¹¹
2023 4311 2248 4371 latere
2306 4309 2519 4372 nolim
2583 4309 2839 4370 multos
2905 4307 3261 4392 principes

704 4419 891 4480 haud
942 4418 1431 4499 aspernandae
1482 4415 1922 4480 auctoritatis
1969 4435 2100 4497 per
2149 4413 2602 4478 Germaniam
2651 4435 2808 4477 cum
2841 4415 3260 4496 quibusdam

704 4524 1111 4588 civitatibus
1160 4522 1445 4604 Imperii
1494 4537 1565 4586 et
1613 4522 1898 4604 quidem
1951 4521 2224 4585 eximiis
2274 4521 2752 4603 conspirasse,
2817 4531 3083 4584 sectam
3133 4521 3260 4584 Lu-

704 4634 1159 4694 theranorum
1227 4631 1295 4692 vi
1370 4631 1671 4712 quadam
1744 4639 1816 4691 et
1883 4629 2094 4692 armis
2169 4628 2559 4692 defendere
2630 4648 2712 4691 ac
2781 4640 3264 4708 manutenere,

704 4740 895 4821 quod
944 4737 1236 4802 indubie
1284 4758 1439 4802 cum
1490 4737 1797 4801 maximo
1847 4728 2212 4818 religionis
2262 4746 2546 4800 nostrae
2593 4735 2911 4817 periculo
2979 4745 3054 4800 et
3111 4757 3260 4798 san-

706 4845 941 4928 guinis
988 4844 1351 4908 christiani
1398 4844 1804 4926 perditione
1855 4847 2322 4926 conabuntur,
2383 4843 2518 4905 nisi
2567 4843 2653 4905 V.
2723 4842 2845 4906 Β(10
2897 4843 3264 4925 oportunis

705 4951 1035 5018 remediis
1084 4952 1471 5016 eorundam
1522 4953 1674 5035 (sic)
1724 4950 2096 5014 conatibus
2145 4951 2438 5014 obviare
2487 4947 2960 5014 meditabitur.
3065 4951 3260 5013 Haec
