3575 5775
1681 540 2177 600 maala&

649 709 789 750 non
839 708 1232 770 possumus
1329 689 1558 769 Quum
1609 700 1843 754 autem
1893 693 1983 753 de
2014 690 2429 754 Venerabili
2468 690 2761 753 fratrum
2812 699 3211 753 nostrorum

646 794 957 859 Sanctae
1025 797 1400 860 Romanae
1477 798 1843 861 Ecclesiae
1927 797 2404 861 Cardinalium
2482 798 2778 860 consilio
2860 797 3233 860 Nuncium·

647 902 1140 984 Apostolicum
1202 924 1342 965 non
1393 905 1620 967 minus
1669 906 1759 968 ad
1809 915 2031 969 totam
2080 906 2283 969 istam
2321 905 2679 967 nationem
2728 905 2934 967 nobis
2977 906 3234 981 valde‚'

646 1030 727 1071 ac
778 1031 1058 1092 semper
1109 1010 1471 1091 dilectam,
1537 1032 1747 1093 quam
1812 1013 1904 1073 ad
1954 1012 2163 1075 istum
2214 1012 2732 1089 ornatissimum
2782 1022 3213 1074 conventum

647 1117 918 1179 missuri
966 1118 1418 1199 propediem,
1487 1119 1768 1182 interim
1835 1120 2173 1182 dilectum
2233 1118 2452 1181 filium
2500 1119 3015 1201 Hieronymum
3068 1119 3213 1180 Ro-

643 1224 902 1285 rarium
953 1224 1391 1303 familiarem,
1443 1236 1514 1289 et
1563 1225 2045 1289 Camerarium
2092 1236 2409 1290 nostrum
2439 1226 2617 1289 istuc
2648 1225 3027 1304 mittamuS,
3075 1225 3209 1288 ius·

643 1332 1080 1413 serimusque
1131 1352 1288 1394 eum
1337 1332 1535 1395 adire
1585 1342 1799 1414 atque
1830 1333 2098 1414 alloqui
2131 1332 2653 1397 fraternitatem
2685 1343 2899 1409 tuam,
2952 1343 3022 1396 et
3060 1332 3217 1395 eius

644 1438 952 1500 consiliis
1001 1438 1233 1517 inniti,
1284 1448 1566 1521 gratum
1629 1439 1839 1503 nobis
1904 1428 2025 1502 illa
2096 1439 2342 1519 faciet,
2414 1439 2474 1503 si
2540 1460 2739 1501 suam
2808 1438 2882 1501 in
2947 1435 3217 1501 Sedem

645 1544 1136 1625 Apostolicam
1183 1545 1560 1628 pietatem,
1628 1567 1712 1609 ac
1769 1547 2141 1628 pristinam
2208 1566 2385 1629 erga
2444 1566 2575 1608 nos
2631 1544 3217 1608 benevolentiam

644 1654 776 1713 hac
826 1672 1110 1735 quoque
1156 1652 1228 1715 in
1257 1674 1334 1715 re
1370 1654 1782 1734 ostenderit,
1817 1653 2047 1736 ipsum
2082 1654 2615 1736 Hieronymum,
2665 1652 2900 1734 siquid
2935 1653 3023 1715 ad
3061 1652 3216 1715 Nos

645 1768 982 1841 spectans
1032 1759 1392 1837 acciderit,
1442 1760 1754 1842 benigne
1779 1760 2095 1823 fovendo
2128 1770 2199 1823 et
2230 1760 2347 1842 pie
2378 1760 2775 1842 dirigendo,
2858 1759 3211 1841 Quemad-

641 1868 926 1927 modum
975 1865 1129 1949 ipse
1177 1866 1506 1949 pluribus.
1546 1845 1725 1931 haec
1771 1868 2015 1929 verbis
2064 1868 2253 1930 dicet
2302 1887 2516 1950 super
2580 1866 2837 1947 quibus
2902 1866 2971 1929 ei
3018 1866 3213 1946 cupi,-

643 1993 794 2035 mus
841 1973 1052 2035 fidem
1104 1993 1236 2054 per
1263 1972 1803 2037 -fraternitatem
1851 1984 2042 2037 tuam
2092 1974 2440 2038 adhiberi.

821 2100 983 2162 Dat.
1033 2099 1315 2161 Romae
1365 2106 1495 2164 etc.
1547 2098 1836 2162 XXIV.
1887 2098 2307 2161 Decembris
2366 2118 2552 2177 1523.
2648 2100 2863 2161 Anno
2910 2098 3211 2180 prime.-

819 2204 1064 2269 Simile
1115 2205 1684 2287 Archiepiscopo
1735 2205 2163 2269 Coloniensi.

821 2310 1065 2374 Simile
1137 2310 1394 2375 Comiti
1467 2312 1835 2393 Palatin0‚
1922 2324 1993 2377 et
2056 2311 2495 2393 Lantgravio
2566 2311 2822 2375 Assiae
2848 2358 2866 2389 ‚
2937 2318 3215 2373 mutato

649 2416 866 2479 frater
912 2417 982 2479 in
1033 2417 1323 2483 AVobt'lzZsu

1720 2592 1923 2603 svm-‚tsn-
1933 2592 1949 2599 Α
1956 2590 2007 2601 ΑΛ
2015 2591 2133 2601 sm

1851 2769 1999 2835 141.

1267 2884 1580 2968 Joannes
1635 2887 1964 2966 Hanerus
2018 2884 2364 2966 Clementi
2416 2882 2574 2964 m

1517 3025 1716 3099 (Epist.
1750 3025 2071 3102 Prinoipum
2107 3025 2180 3084 11.
2214 3024 2355 3098 130.)

1639 3140 1710 3204 (5.
1750 3139 1993 3205 Januarii
2037 3137 2212 3206 1524.)

820 3263 1282 3326 Conflictatur
1367 3265 1505 3326 iam
1604 3285 1788 3327 nunc
1866 3262 2253 3326 Germania
2323 3270 2568 3323 nostra
2646 3279 2771 3321 sex
2844 3257 3217 3340 perpetuis

644 3371 846 3433 annis
895 3392 1109 3453 super
1159 3371 1470 3452 Christo,
1521 3392 1735 3452 super
1783 3368 2203 3451 EvangeliO,
2255 3375 2327 3430 et
2374 3376 2639 3448 quanto
2689 3365 2860 3428 facit
2906 3368 3044 3427 hoc
3091 3387 3215 3428 an-

646 3479 881 3540 nixius
932 3499 1016 3541 eo
1066 3479 1292 3541 minus
1342 3479 1510 3540 mihi
1561 3489 1632 3540 et
1681 3477 1943 3540 Christi
2015 3485 2086 3538 et
2148 3473 2527 3556 Evangelii
2590 3474 2859 3535 habere
2905 3472 3213 3536 videtur.

645 3585 912 3648 Caussa
963 3596 1070 3648 est
1118 3588 1308 3667 quod
1357 3607 1487 3668 per
1538 3585 1918 3664 invidiam,
1984 3593 2060 3645 ut
2110 3582 2503 3665 Apostolus
2551 3581 2683 3661 ait,
2749 3589 2820 3642 et
2868 3580 3215 3642 contenti-

645 3714 850 3756 onem
900 3715 1014 3756 res
1065 3694 1322 3774 agitur,
1370 3713 1512 3756 non
1564 3713 1732 3756 vere
1801 3691 1962 3754 huic
2026 3691 2273 3753 morbo
2324 3709 2480 3750 cum
2540 3689 2677 3750 iam
2741 3687 2861 3749 diu
2919 3687 3217 3750 circum-

645 3801 940 3882 spicitur
1025 3811 1093 3862 et
1170 3799 1566 3863 differendo
1635 3799 1863 3862 crevit
1944 3807 2017 3859 et
2081 3797 2525 3878 quorundam
2588 3794 2754 3857 item
2817 3795 3215 3857 morosiore

645 3929 862 3990 opere
913 3909 1300 3971 etiamnum
1351 3908 1552 3989 peius
1605 3909 1869 3969 habere
1920 3903 2141 3986 cepit:
2206 3922 2453 3965 verum
2502 3922 2595 3964 ne
2640 3921 2755 3964 res
2801 3903 3091 3964 tandem
3138 3899 3213 3962 in

642 4015 897 4096 ingens
941 4014 1368 4078 christianae
1393 4013 1833 4095 reipublicae
1884 4010 2258 4073 discrimen
2311 4013 2548 4090 abeat,
2582 4009 3003 4071 maturanda
3051 4027 3213 4070 con-

642 4123 798 4184 silia
845 4132 1018 4203 puto
1071 4133 1139 4184 et
1188 4141 1403 4203 super
1457 4131 1863 4204 opportuno
1904 4117 2219 4182 remedio
2256 4117 2737 4199 cogitandum,
2770 4115 2985 4196 idque
3018 4125 3213 4196 post-

643 4229 894 4312 positis
945 4229 1155 4291 etiam
1204 4228 1493 4310 reliquis
1542 4227 1871 4290 omnibus
1918 4236 2063 4288 turn
2127 4224 2311 4288 curis
2372 4234 2517 4287 tum
2584 4222 2922 4306 negociis,
3030 4222 3219 4288 Nam

644 4355 788 4399 non
838 4347 1104 4400 tantum
1161 4335 1546 4398 christiano
1595 4334 1786 4414 orbi,
1850 4353 2011 4396 mea
2056 4331 2441 4410 sententia,
2492 4353 2583 4394 ex
2632 4331 2867 4394 Turca
2910 4329 3217 4411 periculi

645 4443 1002 4521 imminet,
1064 4452 1406 4524 quantum
1471 4461 1561 4504 ex
1625 4444 1758 4504 hac
1816 4461 1958 4503 una
2022 4438 2406 4522 impietatis
2462 4438 2809 4511 factione;
2860 4436 3219 4500 cantilena

647 4549 828 4612 enim
879 4552 1096 4631 vulgo
1151 4550 1444 4630 canitur,
1497 4569 1636 4612 non
1684 4560 1830 4610 tam
1891 4567 2236 4610 novarum
2297 4566 2532 4609 rerum
2589 4565 2800 4626 quam
2857 4543 3217 4608 libertatis

648 4657 931 4738 cupido,
983 4658 1470 4720 accenduntur
1501 4666 1571 4720 et
1616 4655 2018 4739 principum
2064 4654 2505 4736 quorundam
2554 4651 2807 4732 studia,
2855 4653 3048 4731 quod
3094 4651 3217 4714 vel

646 4763 946 4827 nominis
976 4764 1142 4826 inde
1174 4764 1732 4846 perpetuitatem
1760 4761 2128 4825 vindicare
2178 4761 2311 4824 sibi
2358 4759 2673 4842 cupiunt,
2723 4766 2845 4825 aut
2890 4767 3087 4834 certe
3134 4777 3213 4820 se

647 4873 868 4949 ultum
928 4869 1012 4942 iri
1079 4871 1422 4933 adversus
1495 4891 1618 4934 eos
1681 4888 1861 4952 quos
1928 4867 2362 4951 implacabili
2428 4865 2593 4929 odio
2664 4876 3213 4948 prosequuntur.
