3575 5775
1333 581 1448 634 ΨΒ
1527 580 1595 632 87
1675 579 1790 630 &ro

305 747 426 788 non
473 725 877 808 displicebit
927 725 984 789 si
1033 724 1222 788 aliud
1271 723 1426 817 fieri
1475 744 1617 787 non
1667 733 1926 806 potest,
1978 725 2167 806 quod
2218 725 2729 806 consignentur
2774 724 2847 788 in

305 835 601 896 manibus
649 833 1192 911 ordinariorum,
1239 841 1532 914 recepto
1581 833 1650 895 in
1701 833 2095 896 iuramento
2145 841 2215 894 et
2246 831 2685 916 obligatione
2716 833 2848 894 sub

303 939 486 1020 penis
541 939 610 1003 in
669 941 868 1002 bulla
926 937 999 1002 S.
1051 941 1138 1004 D.
1189 939 1274 1002 N.
1338 939 1722 1019 contentis,
1789 948 1861 1000 et
1920 939 2213 1002 ulterius
2276 937 2332 1000 si
2396 959 2575 1020 opus
2637 937 2851 1002 fuerit

301 1046 685 1129 specialiter
733 1047 1206 1126 declarandiS,
1255 1048 1446 1128 quod
1498 1048 1591 1108 ad
1637 1047 2046 1109 mandatum
2074 1045 2145 1108 S.
2180 1047 2269 1110 D.
2310 1045 2394 1109 N.
2446 1066 2603 1108 cum
2649 1065 2848 1110 revo-

301 1173 446 1216 care
504 1154 813 1216 voluerit
866 1154 1026 1217 illos
1089 1153 1374 1235 publice
1434 1157 1887 1234 comburent,
1951 1155 2144 1218 nulla
2202 1153 2495 1218 ulterius
2544 1153 2852 1216 admissa

301 1261 706 1342 exceptione
770 1262 888 1323 vel
951 1261 1446 1340 excusatione,
1516 1272 1586 1323 et
1648 1271 1726 1322 ut
1787 1259 2053 1325 dictum
2102 1269 2209 1323 est
2256 1259 2668 1324 resistentes
2717 1282 2848 1343 pro

300 1367 599 1430 hostibus
661 1377 733 1430 et
795 1367 1183 1430 rebellibus
1232 1367 1545 1430 Romani
1609 1367 1888 1449 imperii
1950 1369 2350 1430 habeantur
2399 1377 2471 1430 et
2517 1369 2607 1430 ab
2658 1368 2850 1432 Sede

301 1473 702 1554 Apostolica
751 1485 823 1538 et
854 1475 1188 1538 Romano
1225 1473 1574 1538 Pontifice
1623 1495 1715 1536 ex
1763 1495 1949 1538 nunc
1982 1482 2192 1555 prout
2232 1483 2492 1538 extunc
2526 1474 2849 1538 omnibus

297 1581 542 1644 iuribus
573 1581 780 1646 bonis
813 1582 1022 1646 terris
1071 1580 1321 1646 castris
1373 1592 1442 1644 et
1490 1581 1819 1644 dominiis
1865 1603 1973 1664 ac,
2021 1583 2259 1663 quoad
2309 1581 2607 1645 clericos
2662 1583 2845 1665 capi-

297 1690 430 1750 tula
473 1700 547 1752 et
607 1699 1022 1770 conventuS‚
1091 1689 1594 1754 ecclesiasticis
1671 1688 2037 1752 beneficiis
2086 1699 2157 1752 et
2224 1689 2619 1772 privilegiis
2666 1711 2849 1771 quae

297 1817 332 1856 a
375 1795 560 1860 Sede
610 1796 1034 1877 Apostolica
1099 1795 1426 1859 obtinent
1473 1817 1559 1860 eo
1608 1798 1764 1878 ipso
1814 1796 2075 1877 privati
2139 1804 2597 1876 censeantur,
2666 1815 2849 1878 quae

298 1903 514 1965 omnia
569 1903 638 1966 in
699 1903 912 1968 bullis
971 1903 1388 1985 apostolicis
1451 1913 1522 1966 et
1587 1903 2075 1986 imperialibus
2138 1902 2447 1966 decretis
2510 1903 2849 1968 latissime

297 2009 572 2074 extendi
621 2009 920 2092 possint.

1353 2152 1762 2166 -5-⁴N-mmv³

1511 2330 1617 2394 35.

295 2435 837 2518 informationes
921 2438 1202 2519 dandae
1275 2437 1447 2518 Rev.
1521 2438 1865 2538 Episcopo
1940 2437 2352 2541 Tergestino
2446 2442 2515 2518 et
2585 2439 2629 2522 J
2631 2440 2849 2520 udoco

297 2559 600 2640 Caesaris
667 2583 714 2641 a.
777 2561 1104 2642 consiliis
1169 2562 1388 2642 ituris
1452 2562 1857 2642 oratoribus
1934 2564 2025 2644 ad
2088 2562 2531 2644 Fridericum
2587 2565 2851 2645 Ducem

583 2685 937 2767 saxoniae
996 2688 1080 2766 ob
1140 2707 1438 2767 causam
1493 2687 1774 2766 Fratris
1833 2686 2136 2768 Martini
2190 2687 2434 2768 Luteri
2446 2685 2515 2788 1).

1171 2834 1338 2902 (Acta
1373 2830 1644 2895 woman.
1681 2831 1772 2895 fol.
1810 2833 1971 2909 100.)·

459 2954 538 3019 Si
601 2954 754 3018 fieri
815 2954 1077 3036 possit,
1146 2956 1496 3019 habeatur
1561 2957 1917 3043 privatum
1983 2958 2412 3040 colloquium
2476 2978 2633 3021 cum
2690 2960 2849 3022 Illu-

297 3060 622 3125 strissimo
669 3062 875 3125 Duce
925 3060 1303 3142 Saxoniae,
1372 3072 1444 3125 et
1488 3075 1636 3127 tum
1686 3065 1901 3128 latine
1950 3073 2095 3127 tum
2145 3064 2560 3129 Alemanice
2610 3064 2851 3151 (prout

299 3168 794 3232 conducibilius
842 3169 1225 3250 videbitur)
1277 3170 1674 3233 commissio
1725 3182 2147 3252 exponatur.
2243 3172 2428 3253 Quia
2484 3173 2719 3236 multis
2767 3173 2848 3236 si-

299 3276 443 3355 gnis
489 3286 560 3339 et
606 3276 1046 3359 argumentis
1094 3277 1307 3340 etiam
1357 3278 1764 3342 certissimis
1815 3281 2177 3360 habemuS,
2226 3278 2377 3342 eius
2408 3280 2850 3345 consiliarios
2954 3287 2965 3296 “

299 3403 440 3447 esse
485 3384 798 3447 Luthero
847 3384 1002 3467 ipso
1053 3385 1279 3466 magis
1327 3386 1805 3465 Lunam-anos,
1855 3405 1898 3447 a
1946 3386 2201 3469 quibus
2249 3386 2512 3451 nemini
2558 3387 2849 3452 dubium

301 3500 396 3551 est
437 3492 703 3554 Ducem
756 3490 1068 3572 alioquin
1118 3491 1220 3575 (ut
1269 3490 1615 3574 audimus)
1665 3493 2004 3575 optimum
2060 3503 2132 3557 et
2178 3493 2640 3576 Catholicum,
2689 3496 2849 3558 hac·

299 3608 490 3661 tenus
537 3598 754 3663 fuisse
803 3599 1195 3663 seductum.

461 3706 668 3787 Quod
717 3705 774 3767 si
823 3705 892 3767 in
942 3704 1170 3787 primo
1220 3726 1611 3787 congressu
1658 3728 1801 3770 non
1851 3708 2079 3789 possit
2118 3708 2371 3771 evitari
2401 3708 2845 3773 Consiliario·

303 3832 436 3873 rum
497 3812 930 3894 praesentia:
997 3822 1184 3894 tunc,
1250 3814 1596 3895 expositis
1644 3814 1844 3877 initio
1895 3814 2321 3895 quibusdam
2368 3817 2849 3899 generalibus,

305 3931 662 3997 quaeratur
697 3918 980 3983 occasio
1010 3918 1342 4001 privatim
1376 3922 1712 4002 loquendi
1747 3932 1819 3985 et
1852 3922 2200 3985 suadendi
2234 3942 2340 4003 ea,
2390 3944 2572 4005 quae
2606 3926 2847 4005 semel,

303 4046 340 4085 a
397 4027 588 4089 Duce
651 4026 946 4091 firmiter
1007 4038 1340 4109 accepta,
1423 4049 1564 4091 non
1636 4030 1914 4110 possint
1974 4040 2227 4112 postea
2290 4050 2331 4091 a
2412 4028 2847 4093 Consiliariis

305 4134 618 4215 subverti,
667 4144 792 4197 aut
837 4134 909 4197 in
957 4135 1252 4197 alteram
1301 4145 1578 4217 partem
1625 4136 2100 4219 interpretari.
2194 4136 2392 4199 Haec
2443 4148 2677 4201 autem
2727 4158 2845 4220 op-

305 4234 460 4303 tima
503 4252 690 4305 esset
737 4242 1218 4323 persuadendi
1267 4241 1402 4305 via.
1484 4243 1566 4305 In
1615 4264 1755 4324 qua
1805 4254 2089 4325 oportet
2122 4244 2505 4327 aliquando
2541 4248 2845 4327 quadam

307 4346 476 4409 civili
533 4349 1114 4431 praesumptione
1176 4349 1275 4412 uti
1339 4358 1408 4411 et
1470 4350 1987 4433 interrumpere
2053 4352 2403 4415 interdum
2452 4352 2625 4415 istas
2675 4354 2845 4417 Ger·

309 4472 643 4519 manorum
677 4454 1092 4538 Principum
1139 4456 1208 4518 in
1259 4456 1632 4519 audiendis
1665 4458 2086 4521 Oratoribus
2130 4458 2571 4540 cerimoniaS,
2621 4463 2849 4525 bonas

309 4557 448 4623 illas
474 4563 776 4643 quidem,
827 4573 898 4626 et
935 4564 1294 4641 honestaS,
1343 4564 1470 4627 sed
1517 4564 1681 4627 huic
1730 4565 2035 4647 negocio
2084 4585 2227 4628 non
2276 4565 2447 4629 satis
2494 4569 2631 4630 hoc
2681 4577 2845 4630 tem-

311 4686 465 4746 pore
511 4671 1024 4735 accommodas,

349 4842 384 4907 ⁸)
435 4848 543 4896 Hoc
581 4856 660 4897 est
699 4850 988 4897 secundum
1029 4850 1400 4899 documentum
1453 4866 1514 4899 ex
1564 4868 1669 4915 quo
1711 4850 2071 4901 Pallavicinus
2109 4853 2401 4902 orationem
2448 4870 2591 4903 suam
2634 4854 2847 4905 Nuncio

439 4930 766 4993 suppositam,
807 4929 1053 4979 confecit.
