3575 5775
1428 555 1886 612 0-{36922ffl

1348 977 1516 1049 (Aeta
1552 863 1825 1036 wffiaao.
1865 977 1972 1049 66.)

851 1095 1100 1160 Oratio
1151 1097 1497 1160 Aleandri
1549 1098 1640 1158 ad
1687 1097 1966 1160 Ducem
2014 1093 2461 1177 Saxoniae1).

554 1225 696 1286 Pro
753 1232 1122 1304 comperto
1187 1242 1472 1304 semper
1526 1221 1773 1285 habuit
1824 1219 1979 1283 S¹¹³¹¹⁸
2027 1219 2114 1285 D.
2164 1221 2249 1286 N.
2298 1221 2461 1284 ΙΙ]ῃιιιδ
2507 1221 2843 1304 princeps
2891 1222 2950 1285 si

366 1353 517 1414 qua
560 1331 632 1394 in
665 1353 743 1394 re
783 1338 1240 1393 sacrosancta
1272 1329 1610 1392 Romana
1639 1327 1965 1392 Ecclesia
2014 1327 2308 1410 alicujus
2343 1327 2723 1392 Christiani
2763 1329 2947 1409 prin-

365 1440 553 1522 cipis
601 1459 812 1521 opem
859 1437 1276 1518 requireret,
1327 1457 1484 1499 eam
1534 1457 1690 1499 esse
1731 1439 1825 1498 ab
1861 1435 2291 1498 excellentia
2323 1435 2478 1500 Tua
2509 1435 2949 1517 potissimum

367 1546 879 1630 expetendam.
975 1544 1225 1626 Neque
1287 1545 1357 1607 id
1427 1543 1755 1626 profecto
1818 1541 2197 1616 immerito;
2263 1541 2418 1622 quis
2468 1542 2653 1604 enim
2702 1541 2951 1605 melius

367 1665 497 1716 aut
546 1651 882 1715 libentius
913 1649 1123 1714 Sedis
1155 1650 1622 1733 Apostolicae
1671 1670 1959 1714 causam
2007 1649 2347 1732 suscipiat
2382 1669 2592 1731 quam
2625 1649 2731 1712 Tu
2766 1649 2950 1732 prin-

369 1781 550 1842 ceps
598 1759 862 1841 optime
912 1757 1032 1840 qui
1079 1756 1256 1837 fide,
1330 1757 1744 1839 prudentia,
1794 1757 2315 1839 generositate,
2381 1755 2732 1838 religione
2780 1755 2952 1819 nihil

367 1888 687 1949 unquam
753 1887 796 1930 a
859 1864 1240 1948 majoribus
1289 1864 1427 1927 tuis
1477 1866 1801 1947 degener
1847 1863 2277 1946 apparuisti;
2344 1882 2642 1945 quorum
2690 1864 2952 1928 sudore

371 1983 448 2037 et
495 1972 842 2054 sanguine
892 1974 986 2034 ob
1036 1971 1528 2036 defensionem
1574 1971 1955 2034 Romanae
1998 1970 2366 2036 Ecclesiae
2416 1970 2655 2052 sepius
2705 1969 2953 2052 effu50‚

369 2081 720 2164 precipue
779 2078 1111 2142 effectum
1167 2088 1277 2142 est
1334 2087 1410 2140 ut
1457 2078 1772 2142 Romani
1822 2077 2107 2162 Imperii
2166 2076 2477 2159 dignitas
2525 2087 2596 2140 et
2644 2077 2951 2160 Impera·

371 2201 570 2252 tores
619 2186 932 2269 eligendi
981 2186 1285 2248 facultas
1335 2185 1505 2248 solis
1537 2184 1913 2250 Germanis
1963 2206 2006 2247 a
2037 2184 2372 2248 Romano
2409 2183 2758 2248 Pontifice
2793 2206 2950 2249 con-

372 2297 774 2360 cederetur.

556 2404 674 2466 Ab
704 2402 841 2465 illis
870 2401 1156 2482 inquam
1187 2399 1570 2482 majoribus
1594 2399 1713 2482 qui
1744 2399 1935 2462 circa
1960 2419 2085 2462 eos
2115 2399 2323 2482 ignes
2366 2399 2624 2482 quibus
2650 2399 2946 2466 Boemo-

373 2531 532 2575 rum
580 2509 1131 2574 haeresiarchae
1181 2509 1292 2587 J0.
1343 2506 1774 2570 Hussitanus
1823 2516 1894 2569 et
1932 2506 2413 2588 Hieronymus
2463 2507 2831 2590 Pragaeus
2881 2509 2953 2571 in

375 2617 766 2682 (iermania
814 2614 1271 2680 condemnati
1303 2613 1554 2677 merito
1588 2613 2091 2696 puniebantur,
2142 2613 2398 2678 erectis
2428 2623 2617 2680 stare
2648 2616 2953 2678 vessillis

375 2726 580 2808 quasi
629 2724 850 2787 oculis
900 2722 1112 2786 etiam
1161 2742 1348 2788 nunc
1398 2729 1803 2786 cernuntur.

555 2832 981 2915 Eapropter,
1045 2849 1260 2912 quum
1308 2829 1654 2893 adversus
1703 2847 1984 2893 errores
2030 2826 2271 2891 fratris
2320 2828 2610 2893 Martini
2638 2829 2952 2912 Lutheri‚

375 2939 682 3005 hominis
727 2940 820 3003 de
869 2958 1009 3020 quo
1058 2937 1326 3001 utinam
1358 2936 1527 3001 mihi
1560 2936 1731 3000 nihil
1764 2936 2143 3023 dicendum
2175 2945 2383 3018 esset,
2434 2948 2627 3000 certe
2658 2937 2743 3000 iis
2774 2959 2953 3020 quos

375 3069 596 3131 supra
665 3046 1053 3111 memoravi
1101 3045 1210 3124 J0.
1261 3044 1652 3109 Hussitano
1717 3054 1788 3107 et
1835 3043 2279 3126 Hieronymo
2329 3045 2695 3125 Pragae0‚
2763 3046 2951 3107 addo

377 3138 588 3201 etiam
625 3136 855 3200 Arriis
913 3145 984 3198 et
1017 3133 1339 3197 Photinis
1383 3136 1602 3216 longe
1653 3134 1722 3196 in
1771 3132 1909 3195 Dei
1958 3132 2351 3196 Ecclesiam
2398 3134 2951 3215 perniciosioriS‚

378 3265 489 3308 me
535 3245 628 3307 ad
677 3242 958 3306 inclitos
993 3241 1418 3305 Germaniae
1466 3240 1832 3323 principes
1864 3240 2200 3303 missurus
2231 3252 2420 3304 esset
2451 3238 2953 3304 Sanctissimus

385 3352 630 3430 Pater,
695 3349 869 3413 nihil
919 3349 1086 3412 mihi
1135 3350 1541 3413 habendum
1593 3347 1949 3429 antiquius
1990 3346 2197 3430 jussit
2243 3367 2454 3429 quam
2502 3357 2578 3409 ut
2626 3368 2767 3411 non
2808 3350 2953 3431 Jam

383 3458 755 3521 Romanae
803 3457 1028 3519 solum
1079 3456 1205 3518 sed
1255 3467 1325 3517 et
1373 3454 1795 3519 universalis
1825 3454 2193 3517 Ecclesiae
2242 3464 2313 3516 et
2346 3454 2743 3518 catholicae
2784 3454 2951 3519 fidei

386 3584 662 3627 causam
712 3562 1188 3627 excellentiae
1237 3573 1402 3625 tuae
1449 3562 1520 3624 in
1569 3561 1816 3644 primis
1864 3564 2457 3625 commendarem.

555 3670 887 3751 Longum
935 3678 1144 3749 esset,
1193 3690 1324 3732 nec
1373 3668 1686 3750 alioquin
1735 3689 1867 3751 per
1907 3669 2315 3732 oborientes
2358 3670 2735 3733 lachrimas
2769 3688 2951 3734 com·

391 3798 775 3841 memorare
839 3776 1124 3856 liceret,
1181 3776 1518 3859 princeps
1582 3776 1882 3859 optime,
1948 3786 2287 3858 quantum
2351 3778 2545 3860 mali,
2613 3788 2951 3859 quantum

395 3885 644 3949 erroris
694 3895 767 3947 et
814 3882 1089 3946 dissidii
1147 3904 1289 3947 non
1355 3882 1843 3947 ecclesiastico
1910 3893 2179 3947 tantum
2247 3884 2506 3965 ordini,
2568 3905 2814 3947 verum
2882 3895 2953 3949 et

391 3993 582 4055 vobis
628 3992 805 4076 ipsis
865 3990 1309 4073 principibus
1372 4001 1443 4054 et
1511 3992 1925 4054 Christianis
1988 3991 2334 4069 omnibuS,
2400 3990 2712 4054 nefanda
2769 3994 2949 4056 haec

393 4096 666 4163 Martini
715 4098 986 4161 semina
1030 4098 1448 4180 parturiant,
1499 4099 1682 4160 adeo
1731 4108 1807 4161 ut
1855 4098 2161 4162 maxime
2210 4098 2599 4161 verendum
2648 4098 2764 4178 sit,
2818 4100 2951 4163 nisi

392 4204 516 4268 ista
560 4226 774 4288 seges
805 4205 1169 4269 radicibus
1198 4206 1549 4268 evellatur
1579 4226 1667 4269 ne
1693 4205 1883 4268 idem
1910 4206 2112 4268 brevi
2147 4205 2407 4269 nostris
2437 4207 2627 4287 quod
2668 4208 2949 4289 graecis

395 4322 458 4374 et
500 4314 807 4377 asiaticis
857 4313 1156 4394 accidat,
1207 4313 1325 4394 qui
1377 4310 1758 4395 superbiae
1807 4313 1997 4376 fastu
2044 4312 2289 4394 infiati,
2339 4314 2503 4375 dum
2544 4334 2587 4375 a
2618 4315 2951 4379 Romano

434 4508 474 4577 ¹)
525 4511 601 4559 Ex
653 4511 756 4559 hoc
809 4510 1129 4558 documento
1182 4516 1234 4557 et
1283 4525 1346 4557 ex
1396 4509 1502 4558 alio
1555 4510 1698 4572 quod
1743 4510 2116 4558 instructiones
2156 4510 2453 4559 oratoribus
2492 4511 2635 4573 apud
2673 4512 2949 4561 Caesarem

523 4592 670 4640 datas
707 4592 970 4649 continet,
1023 4590 1384 4639 pallavicinus
1423 4605 1579 4639 unam
1619 4590 1913 4639 orationem
1953 4590 2201 4650 confecit,
2250 4606 2405 4655 quam
2448 4590 2639 4655 Leplat
2676 4593 2818 4642 velut
2856 4609 2950 4655 ge-

523 4672 732 4721 nuinam
771 4671 1035 4721 Aleandri
1085 4671 1374 4719 orationem
1428 4670 1594 4723 dedit.
1669 4671 1980 4720 Consultum
2032 4671 2274 4721 duximus
2324 4672 2454 4721 haec
2502 4673 2818 4723 documenta
2856 4690 2951 4723 suo

523 4752 640 4799 loco
677 4753 936 4811 inserere,
991 4752 1207 4801 omnino
1247 4750 1510 4799 Aleandri
1561 4751 1835 4815 supposita
1885 4752 2152 4810 oratione,
2202 4768 2379 4801 verum
2432 4752 2749 4805 Pallavicini
2800 4770 2950 4819 opus,

523 4833 897 4895 praetermissa.
959 4832 1129 4881 Huius
1167 4831 1424 4880 orationis
1461 4838 1667 4895 tempus
1705 4832 1981 4883 incertum.
2038 4833 2146 4881 Hic
2186 4833 2429 4896 ponimus
2481 4833 2719 4896 quamvis
2770 4836 2951 4899 primis

527 4913 864 4962 nunciaturae
901 4912 1164 4962 Alcandri
1206 4912 1397 4961 diebus
1437 4912 1708 4965 reseratur.
