3575 5775
1420 577 1536 633 0⁴⁴3}
1613 577 1686 634 53
1763 577 1880 631 Cro

365 729 496 788 che
557 748 634 790 se
699 747 840 788 uno
907 745 1217 788 vescovo
1281 724 1600 807 pigliava
1658 747 1752 787 un
1819 735 2023 807 prete
2078 728 2389 790 volendo
2440 728 2931 790 administrare

361 833 657 914 iustitia,
725 833 961 896 subito
1026 832 1193 896 dicti
1261 832 1427 896 frati
1489 853 1566 895 se
1628 853 2074 914 scoprevano
2140 835 2599 897 monstrando
2665 837 2729 898 le
2778 838 2931 898 loro

361 941 626 1005 faculta
687 951 759 1003 et
825 942 1179 1003 levaveno
1246 939 1436 1002 dicto
1501 949 1706 1022 prete
1775 943 1865 1004 de
1928 961 2138 1004 mano
2188 961 2231 1004 a
2280 962 2440 1004 esso
2500 961 2813 1004 vescovo
2863 953 2934 1004 et

363 1051 579 1112 molte
645 1049 826 1112 altre
893 1067 1096 1128 cose,
1167 1049 1374 1128 quale
1444 1067 1663 1109 erano
1730 1067 1946 1110 causa
2013 1049 2103 1111 de
2166 1048 2321 1112 fare
2382 1050 2691 1112 tolerare
2753 1057 2933 1112 tutte

363 1156 599 1238 quelle
649 1175 816 1236 cose
866 1155 956 1217 de
1003 1155 1316 1218 Martino
1366 1156 1680 1218 anchora
1729 1156 1860 1216 che
1909 1154 1959 1217 li
2007 1175 2567 1236 cognoscessero
2616 1159 2776 1219 chel
2835 1156 2932 1217 di-

361 1287 566 1328 cesse
631 1283 812 1346 gran
878 1263 1107 1344 pacie.
1201 1263 1470 1325 Tamen
1538 1264 1855 1324 secundo
1923 1262 2080 1325 dice
2146 1262 2219 1328 S.
2286 1261 2626 1344 Signoria
2691 1263 2936 1326 Revma

359 1373 462 1452 gli
530 1372 848 1453 dispiace
909 1371 1428 1452 grandemente
1475 1378 1727 1450 queste
1775 1389 1976 1450 cose,
2042 1381 2111 1432 et
2170 1379 2583 1434 veramente
2645 1371 2933 1452 quando

360 1503 402 1541 a
451 1478 574 1557 lui,
623 1481 690 1541 al
736 1498 1050 1540 vescovo
1099 1478 1192 1540 de
1223 1477 1498 1539 Trieste
1549 1485 1618 1538 et
1667 1497 1710 1538 a
1757 1476 2051 1539 Banisio
2101 1477 2135 1538 ὲ
2186 1487 2371 1540 stato
2421 1499 2813 1542 commesso
2866 1481 2935 1541 la

359 1587 828 1670 expeditione
876 1587 992 1648 del
1041 1586 1377 1647 mandato
1403 1583 1781 1666 Imperiale
1833 1594 2082 1648 contra
2126 1584 2435 1648 Martino
2468 1585 2756 1666 Luther,
2808 1586 2861 1648 s'
2897 1587 2931 1648 ὁ

359 1707 650 1778 portato
698 1695 918 1757 molto
965 1696 1170 1772 bene,
1222 1701 1292 1754 et
1339 1691 1602 1773 perche
1637 1690 2015 1772 Gurgense
2064 1693 2165 1774 gli
2212 1694 2493 1756 haveva
2540 1714 2930 1757 commesso

361 1805 495 1865 che
561 1823 700 1864 non
761 1801 1161 1863 vedesseno
1226 1798 1416 1861 dicto
1485 1799 1819 1862 mandato
1882 1818 2094 1862 senza
2145 1799 2267 1862 doi
2314 1801 2474 1864 altri
2524 1800 2933 1883 consiglieri

358 1909 676 1989 barbari,
724 1907 920 1971 dicto
955 1904 1376 1970 Sedunense
1426 1926 1548 1969 era
1592 1906 1778 1968 irato
1829 1908 2089 1987 perche
2142 1908 2225 1970 tri
2279 1908 2512 1990 giorni
2559 1909 2767 1972 furno
2802 1915 2933 1971 che

359 2017 537 2098 ogni
601 2015 864 2079 matina
933 2034 1152 2076 erano
1216 2013 1510 2080 insieme
1575 2013 1740 2076 tutti
1801 2013 1889 2077 tri
1954 2024 2027 2076 et
2092 2017 2481 2079 mandorno
2550 2037 2829 2097 sempre
2894 2039 2935 2080 a

358 2125 802 2188 domandare
864 2123 912 2185 li
980 2122 1142 2184 altri
1207 2120 1326 2184 doi
1375 2130 1446 2184 et
1495 2120 1631 2184 mai
1681 2141 1823 2184 non
1873 2142 1947 2185 se
1999 2130 2373 2204 trovorn0‚
2438 2133 2509 2186 et
2558 2123 2935 2206 Gurg-ense

357 2254 448 2295 ne
503 2253 628 2294 era
675 2250 922 2310 causa,
961 2228 1126 2291 acio
1177 2249 1254 2292 se
1305 2227 1676 2292 differesse
1723 2249 1883 2291 esso
1932 2231 2267 2292 mandato
2316 2251 2446 2312 per
2492 2231 2935 2312 gratificarse

339 2337 426 2402 'el
475 2339 781 2402 Duccha
828 2338 918 2400 de
969 2335 1307 2412 Saxonia‚
1359 2345 1430 2398 et
1477 2337 1660 2399 cossi
1711 2339 1979 2399 anchor
2028 2333 2449 2401 Sedunense
2498 2347 2756 2402 teneva
2806 2359 2938 2420 per

359 2457 562 2510 certo
627 2447 758 2507 che
819 2444 918 2506 lui
980 2443 1259 2506 facesse
1324 2444 1457 2505 che
1522 2443 1692 2506 dicti
1748 2444 2161 2524 consiglieri
2210 2464 2353 2506 non
2400 2464 2479 2508 se
2526 2455 2934 2508 trovassero

357 2555 428 2617 in
481 2575 676 2632 casa,
724 2561 797 2614 et
842 2551 892 2637 il
941 2562 1148 2614 conte
1195 2550 1493 2613 Camillo
1543 2550 1634 2612 de
1666 2549 2029 2614 Gambara
2076 2572 2187 2614 me
2234 2553 2330 2614 ha
2377 2552 2567 2614 dicto
2616 2555 2747 2616 che
2796 2554 2937 2616 alla

357 2663 606 2724 tavola
655 2661 743 2722 de
795 2661 988 2722 dicto
1013 2657 1394 2740 Gurgense
1443 2678 1521 2721 se
1555 2657 1810 2720 diceva
1842 2660 2024 2720 male
2060 2660 2149 2720 de
2175 2657 2259 2720 N.
2290 2656 2598 2740 Signore
2630 2663 2935 2723 essendo

359 2769 456 2831 lui
530 2777 902 2849 presente,
971 2777 1042 2829 et
1102 2785 1244 2828 non
1312 2764 1568 2828 diceva
1632 2767 1844 2828 nulla.
1941 2765 2212 2846 Quatro
2281 2769 2347 2828 di
2413 2766 2487 2828 fa
2537 2769 2602 2829 el
2650 2789 2729 2830 re
2778 2789 2934 2830 curn

361 2888 548 2939 tutto
613 2877 678 2938 el
740 2873 1090 2957 consiglio
1151 2881 1334 2936 stete
1399 2881 1682 2954 quattro
1730 2874 1906 2935 hore
1956 2894 2171 2955 sopra
2220 2873 2289 2937 la
2336 2873 2797 2956 expeditione
2847 2875 2936 2938 de

359 2986 560 3047 dicto
611 2984 976 3060 mandate,
1043 2992 1114 3043 et
1164 2982 1448 3061 quando
1512 2980 1560 3043 li
1610 2981 2039 3061 conseglieri
2087 2990 2491 3043 avotaveno
2540 3002 2698 3044 esso
2747 3003 2935 3045 man-

359 3095 556 3171 dam,
608 3093 676 3153 la
723 3089 841 3171 pisi
892 3100 1096 3170 parte
1145 3090 1537 3170 parlaveno
1584 3087 1656 3150 in
1705 3088 2077 3160 todesch03
2128 3086 2327 3150 finito
2376 3090 2509 3150 che
2556 3090 2838 3153 hebeno
2887 3088 2934 3152 il

360 3200 482 3263 Re
548 3199 768 3261 disse:
837 3196 1108 3259 credeti
1173 3197 1305 3257 che
1360 3178 1502 3257 non
1551 3214 1642 3257 ve
1689 3194 1912 3257 habbi
1959 3194 2233 3258 inteso?
2298 3195 2418 3257 voi
2464 3196 2706 3258 haveti
2756 3194 2935 3259 ditto

361 3309 557 3381 cossi,
613 3316 686 3367 et
748 3307 960 3375 cossi;
1029 3314 1281 3385 questo
1346 3323 1457 3365 me
1523 3302 1859 3383 despiace
1908 3322 2039 3383 per
2086 3302 2183 3365 tal
2231 3302 2533 3384 ragione
2580 3306 2799 3380 cossi,
2868 3313 2937 3366 et

361 3424 623 3494 questo
687 3432 799 3474 me
859 3410 1065 3492 piace
1119 3430 1250 3491 per
1299 3412 1368 3471 la
1415 3409 1588 3483 tale;
1658 3411 1748 3472 de
1799 3419 1991 3473 sorte
2041 3412 2171 3471 che
2222 3409 2538 3491 ogniuno
2587 3432 2664 3473 se
2714 3431 2935 3473 mara-

361 3521 682 3601 vigliava
731 3528 802 3582 et
849 3522 1032 3583 cossi
1081 3518 1156 3579 fu
1206 3517 1544 3599 expedito
1611 3519 1676 3580 el
1741 3518 2077 3579 mandato
2139 3518 2209 3579 in
2274 3520 2463 3579 bona
2528 3518 2793 3597 forma,
2867 3528 2937 3581 et

362 3630 544 3691 hora
605 3628 674 3689 lo
733 3626 1128 3687 traducono
1193 3625 1264 3686 in
1328 3624 1571 3706 lingua
1633 3624 2067 3705 germanica.
2162 3625 2438 3687 Messer
2496 3626 2935 3707 Hieronymo

365 3734 700 3796 Leandro
751 3752 840 3795 ne
887 3730 1042 3793 fara
1091 3742 1449 3813 stampare
1499 3740 1571 3794 et
1619 3732 2013 3794 mandarali
2062 3751 2191 3813 per
2238 3740 2443 3797 tutto,
2538 3733 2594 3795 11
2644 3732 2761 3795 Re
2810 3732 2863 3794 s’
2899 3733 2935 3795 ὲ

367 3852 656 3923 portato
702 3842 922 3902 molto
971 3842 1156 3902 bene
1205 3848 1276 3901 et
1325 3839 1522 3900 molti
1552 3840 1642 3902 de
1677 3838 1908 3919 questi
1942 3838 2198 3921 grandi
2230 3839 2485 3902 dicono
2518 3841 2649 3902 che
2684 3849 2936 3921 questa

368 3968 538 4010 cosa
587 3969 664 4009 se
714 3946 1012 4011 doveria
1056 3947 1322 4009 vedere
1370 3967 1528 4009 cum
1576 3966 1668 4007 un
1719 3945 2043 4026 conciliO,
2094 3956 2165 4009 et
2212 3956 2393 4009 tutta
2423 3948 2492 4008 la
2522 3947 2737 4027 plebe
2774 3947 2935 4009 dice

368 4058 502 4118 che
552 4076 630 4121 se
676 4055 830 4118 fara
882 4054 1070 4117 dicto
1115 4053 1416 4117 concilio
1467 4062 1539 4116 et
1571 4056 1702 4115 che
1736 4074 1879 4116 non
1915 4055 2335 4135 pagharano
2370 4054 2489 4135 pin
2523 4066 2782 4116 annate
2820 4102 2833 4115 .
2869 4102 2881 4117 .
2918 4088 2933 4103 ·

587 4179 666 4242 In
715 4178 1118 4242 Wormatia
1167 4199 1209 4242 a
1257 4182 1323 4241 di
1374 4179 1514 4241 VII
1563 4180 1653 4241 de
1703 4178 2096 4241 Februario
2146 4178 2510 4243 MDXXI.
