<?xml version="1.0" encoding="UTF-8"?>
<!DOCTYPE html PUBLIC "-//W3C//DTD XHTML 1.0 Transitional//EN"
    "http://www.w3.org/TR/xhtml1/DTD/xhtml1-transitional.dtd">
<html xmlns="http://www.w3.org/1999/xhtml" xml:lang="en" lang="en">
 <head>
  <title>
</title>
<meta http-equiv="Content-Type" content="text/html;charset=utf-8" />
  <meta name='ocr-system' content='tesseract 3.04.00' />
  <meta name='ocr-capabilities' content='ocr_page ocr_carea ocr_par ocr_line ocrx_word'/>
</head>
<body>
  <div class='ocr_page' id='page_1' title='image "./monumentareform02vatigoog_0470.png"; bbox 0 0 3575 5775; ppageno 0'>
   <div class='ocr_carea' id='block_1_1' title="bbox 1659 562 2157 621">
    <p class='ocr_par' dir='ltr' id='par_1_1' title="bbox 1659 562 2157 621">
     <span class='ocr_line' id='line_1_1' title="bbox 1659 562 2157 621; baseline 0 -4"><span class='ocrx_word' id='word_1_1' title='bbox 1659 562 2157 621; x_wconf 65' lang='lat' dir='ltr'>0&lt;ss3vsss&gt;&lt;²</span> 
     </span>
    </p>
   </div>
   <div class='ocr_carea' id='block_1_2' title="bbox 621 707 3224 4965">
    <p class='ocr_par' dir='ltr' id='par_1_2' title="bbox 621 707 3224 4965">
     <span class='ocr_line' id='line_1_2' title="bbox 624 707 3189 793; baseline 0.003 -24"><span class='ocrx_word' id='word_1_2' title='bbox 624 707 900 772; x_wconf 90' lang='lat' dir='ltr'>cionem</span> <span class='ocrx_word' id='word_1_3' title='bbox 949 707 1125 772; x_wconf 89' lang='lat' dir='ltr'>fumi</span> <span class='ocrx_word' id='word_1_4' title='bbox 1173 707 1432 771; x_wconf 84' lang='lat' dir='ltr'>referri</span> <span class='ocrx_word' id='word_1_5' title='bbox 1481 707 1879 789; x_wconf 81' lang='lat' dir='ltr'>videantur,</span> <span class='ocrx_word' id='word_1_6' title='bbox 1930 728 2113 772; x_wconf 88' lang='lat' dir='ltr'>neve</span> <span class='ocrx_word' id='word_1_7' title='bbox 2146 710 2547 776; x_wconf 83' lang='lat' dir='ltr'>mercedem</span> <span class='ocrx_word' id='word_1_8' title='bbox 2576 709 2981 792; x_wconf 82' lang='lat' dir='ltr'>imperfecti</span> <span class='ocrx_word' id='word_1_9' title='bbox 3028 732 3189 793; x_wconf 86' lang='lat' dir='ltr'>ope-</span> 
     </span>
     <span class='ocr_line' id='line_1_3' title="bbox 624 814 3193 898; baseline 0.001 -20"><span class='ocrx_word' id='word_1_10' title='bbox 624 814 722 881; x_wconf 90' lang='lat' dir='ltr'>ris</span> <span class='ocrx_word' id='word_1_11' title='bbox 778 824 1263 895; x_wconf 88' lang='lat' dir='ltr'>antevertam,</span> <span class='ocrx_word' id='word_1_12' title='bbox 1338 814 1462 879; x_wconf 89' lang='lat' dir='ltr'>illa</span> <span class='ocrx_word' id='word_1_13' title='bbox 1523 814 1805 877; x_wconf 89' lang='lat' dir='ltr'>silentio</span> <span class='ocrx_word' id='word_1_14' title='bbox 1865 816 2347 896; x_wconf 82' lang='lat' dir='ltr'>pretereunda</span> <span class='ocrx_word' id='word_1_15' title='bbox 2418 836 2577 879; x_wconf 88' lang='lat' dir='ltr'>esse</span> <span class='ocrx_word' id='word_1_16' title='bbox 2640 818 2905 898; x_wconf 89' lang='lat' dir='ltr'>putavi.</span> <span class='ocrx_word' id='word_1_17' title='bbox 3018 820 3193 883; x_wconf 85' lang='lat' dir='ltr'>Tam</span> 
     </span>
     <span class='ocr_line' id='line_1_4' title="bbox 625 921 3191 1006; baseline 0.001 -20"><span class='ocrx_word' id='word_1_18' title='bbox 625 923 983 1006; x_wconf 88' lang='lat' dir='ltr'>profunda</span> <span class='ocrx_word' id='word_1_19' title='bbox 1031 932 1140 985; x_wconf 88' lang='lat' dir='ltr'>est</span> <span class='ocrx_word' id='word_1_20' title='bbox 1187 924 1422 986; x_wconf 90' lang='lat' dir='ltr'>adhuc</span> <span class='ocrx_word' id='word_1_21' title='bbox 1473 942 1715 984; x_wconf 88' lang='lat' dir='ltr'>eorum</span> <span class='ocrx_word' id='word_1_22' title='bbox 1763 921 2073 985; x_wconf 89' lang='lat' dir='ltr'>caecitas</span> <span class='ocrx_word' id='word_1_23' title='bbox 2121 922 2377 1004; x_wconf 91' lang='lat' dir='ltr'>quibus</span> <span class='ocrx_word' id='word_1_24' title='bbox 2442 923 2835 989; x_wconf 89' lang='lat' dir='ltr'>Autoribus</span> <span class='ocrx_word' id='word_1_25' title='bbox 2900 926 3191 989; x_wconf 89' lang='lat' dir='ltr'>odiosis·</span> 
     </span>
     <span class='ocr_line' id='line_1_5' title="bbox 626 1028 3195 1113; baseline 0.001 -20"><span class='ocrx_word' id='word_1_26' title='bbox 626 1032 803 1093; x_wconf 89' lang='lat' dir='ltr'>sime</span> <span class='ocrx_word' id='word_1_27' title='bbox 849 1028 1274 1113; x_wconf 86' lang='lat' dir='ltr'>impetimur,</span> <span class='ocrx_word' id='word_1_28' title='bbox 1323 1037 1402 1091; x_wconf 90' lang='lat' dir='ltr'>ut</span> <span class='ocrx_word' id='word_1_29' title='bbox 1449 1040 1808 1109; x_wconf 84' lang='lat' dir='ltr'>nequeant</span> <span class='ocrx_word' id='word_1_30' title='bbox 1870 1048 2194 1113; x_wconf 85' lang='lat' dir='ltr'>cernere,</span> <span class='ocrx_word' id='word_1_31' title='bbox 2258 1050 2469 1111; x_wconf 88' lang='lat' dir='ltr'>quam</span> <span class='ocrx_word' id='word_1_32' title='bbox 2523 1033 2805 1097; x_wconf 89' lang='lat' dir='ltr'>mallem</span> <span class='ocrx_word' id='word_1_33' title='bbox 2872 1044 3195 1097; x_wconf 87' lang='lat' dir='ltr'>errantes</span> 
     </span>
     <span class='ocr_line' id='line_1_6' title="bbox 626 1133 3197 1221; baseline 0.001 -21"><span class='ocrx_word' id='word_1_34' title='bbox 626 1137 1166 1200; x_wconf 84' lang='lat' dir='ltr'>mansuetudine</span> <span class='ocrx_word' id='word_1_35' title='bbox 1214 1133 1846 1217; x_wconf 87' lang='lat' dir='ltr'>placabilitateque</span> <span class='ocrx_word' id='word_1_36' title='bbox 1911 1136 2004 1197; x_wconf 87' lang='lat' dir='ltr'>ad</span> <span class='ocrx_word' id='word_1_37' title='bbox 2069 1146 2337 1201; x_wconf 88' lang='lat' dir='ltr'>rectam</span> <span class='ocrx_word' id='word_1_38' title='bbox 2395 1138 2643 1201; x_wconf 89' lang='lat' dir='ltr'>reduci</span> <span class='ocrx_word' id='word_1_39' title='bbox 2706 1147 2779 1201; x_wconf 90' lang='lat' dir='ltr'>et</span> <span class='ocrx_word' id='word_1_40' title='bbox 2844 1137 3197 1221; x_wconf 82' lang='lat' dir='ltr'>pudefieri</span> 
     </span>
     <span class='ocr_line' id='line_1_7' title="bbox 627 1241 3197 1327; baseline 0.001 -20"><span class='ocrx_word' id='word_1_41' title='bbox 627 1265 835 1327; x_wconf 88' lang='lat' dir='ltr'>quam</span> <span class='ocrx_word' id='word_1_42' title='bbox 886 1243 1088 1312; x_wconf 85' lang='lat' dir='ltr'>exuri</span> <span class='ocrx_word' id='word_1_43' title='bbox 1138 1242 1526 1324; x_wconf 90' lang='lat' dir='ltr'>ultimoque</span> <span class='ocrx_word' id='word_1_44' title='bbox 1575 1241 1768 1305; x_wconf 89' lang='lat' dir='ltr'>affici</span> <span class='ocrx_word' id='word_1_45' title='bbox 1816 1242 2189 1324; x_wconf 80' lang='lat' dir='ltr'>supplicio.</span> <span class='ocrx_word' id='word_1_46' title='bbox 2292 1243 2561 1309; x_wconf 91' lang='lat' dir='ltr'>Verum</span> <span class='ocrx_word' id='word_1_47' title='bbox 2628 1255 2950 1326; x_wconf 87' lang='lat' dir='ltr'>tempora</span> <span class='ocrx_word' id='word_1_48' title='bbox 3016 1248 3197 1311; x_wconf 86' lang='lat' dir='ltr'>haec</span> 
     </span>
     <span class='ocr_line' id='line_1_8' title="bbox 625 1349 3197 1432; baseline 0.001 -17"><span class='ocrx_word' id='word_1_49' title='bbox 625 1354 808 1416; x_wconf 89' lang='lat' dir='ltr'>adeo</span> <span class='ocrx_word' id='word_1_50' title='bbox 881 1360 1044 1415; x_wconf 86' lang='lat' dir='ltr'>sunt</span> <span class='ocrx_word' id='word_1_51' title='bbox 1115 1350 1398 1429; x_wconf 85' lang='lat' dir='ltr'>viciata,</span> <span class='ocrx_word' id='word_1_52' title='bbox 1469 1352 1654 1416; x_wconf 87' lang='lat' dir='ltr'>adeo</span> <span class='ocrx_word' id='word_1_53' title='bbox 1727 1349 1991 1432; x_wconf 89' lang='lat' dir='ltr'>perditi</span> <span class='ocrx_word' id='word_1_54' title='bbox 2062 1351 2461 1417; x_wconf 85' lang='lat' dir='ltr'>mortalium</span> <span class='ocrx_word' id='word_1_55' title='bbox 2531 1371 2795 1432; x_wconf 79' lang='lat' dir='ltr'>moreS‚</span> <span class='ocrx_word' id='word_1_56' title='bbox 2868 1362 2943 1416; x_wconf 87' lang='lat' dir='ltr'>et</span> <span class='ocrx_word' id='word_1_57' title='bbox 3010 1356 3197 1419; x_wconf 87' lang='lat' dir='ltr'>adeo</span> 
     </span>
     <span class='ocr_line' id='line_1_9' title="bbox 621 1456 3191 1549; baseline 0.001 -28"><span class='ocrx_word' id='word_1_58' title='bbox 621 1467 1092 1549; x_wconf 88' lang='lat' dir='ltr'>praepostera</span> <span class='ocrx_word' id='word_1_59' title='bbox 1151 1456 1451 1535; x_wconf 89' lang='lat' dir='ltr'>iudicia,</span> <span class='ocrx_word' id='word_1_60' title='bbox 1501 1467 1577 1520; x_wconf 90' lang='lat' dir='ltr'>ut</span> <span class='ocrx_word' id='word_1_61' title='bbox 1633 1456 1754 1519; x_wconf 91' lang='lat' dir='ltr'>ubi</span> <span class='ocrx_word' id='word_1_62' title='bbox 1804 1476 2013 1539; x_wconf 88' lang='lat' dir='ltr'>quem</span> <span class='ocrx_word' id='word_1_63' title='bbox 2061 1456 2353 1538; x_wconf 88' lang='lat' dir='ltr'>impium</span> <span class='ocrx_word' id='word_1_64' title='bbox 2400 1478 2635 1521; x_wconf 85' lang='lat' dir='ltr'>noxae</span> <span class='ocrx_word' id='word_1_65' title='bbox 2684 1459 3003 1538; x_wconf 80' lang='lat' dir='ltr'>dederis,</span> <span class='ocrx_word' id='word_1_66' title='bbox 3054 1480 3191 1543; x_wconf 87' lang='lat' dir='ltr'>pro</span> 
     </span>
     <span class='ocr_line' id='line_1_10' title="bbox 625 1563 3201 1648; baseline 0 -19"><span class='ocrx_word' id='word_1_67' title='bbox 625 1567 808 1631; x_wconf 87' lang='lat' dir='ltr'>iusto</span> <span class='ocrx_word' id='word_1_68' title='bbox 855 1564 1090 1629; x_wconf 89' lang='lat' dir='ltr'>iudice</span> <span class='ocrx_word' id='word_1_69' title='bbox 1137 1563 1386 1632; x_wconf 84' lang='lat' dir='ltr'>sitiens</span> <span class='ocrx_word' id='word_1_70' title='bbox 1433 1563 1720 1629; x_wconf 90' lang='lat' dir='ltr'>humani</span> <span class='ocrx_word' id='word_1_71' title='bbox 1768 1563 2041 1627; x_wconf 87' lang='lat' dir='ltr'>cruoris</span> <span class='ocrx_word' id='word_1_72' title='bbox 2100 1564 2435 1627; x_wconf 87' lang='lat' dir='ltr'>habearis</span> <span class='ocrx_word' id='word_1_73' title='bbox 2505 1565 2903 1647; x_wconf 77' lang='lat' dir='ltr'>Tyrannus,</span> <span class='ocrx_word' id='word_1_74' title='bbox 2998 1566 3201 1648; x_wconf 83' lang='lat' dir='ltr'>Quos</span> 
     </span>
     <span class='ocr_line' id='line_1_11' title="bbox 627 1669 3201 1753; baseline 0 -16"><span class='ocrx_word' id='word_1_75' title='bbox 627 1682 862 1740; x_wconf 87' lang='lat' dir='ltr'>autem</span> <span class='ocrx_word' id='word_1_76' title='bbox 911 1672 1251 1735; x_wconf 90' lang='lat' dir='ltr'>tumultus</span> <span class='ocrx_word' id='word_1_77' title='bbox 1301 1670 1649 1752; x_wconf 82' lang='lat' dir='ltr'>pervicax</span> <span class='ocrx_word' id='word_1_78' title='bbox 1697 1669 1821 1737; x_wconf 90' lang='lat' dir='ltr'>illa</span> <span class='ocrx_word' id='word_1_79' title='bbox 1868 1678 2068 1737; x_wconf 87' lang='lat' dir='ltr'>secta</span> <span class='ocrx_word' id='word_1_80' title='bbox 2096 1670 2447 1753; x_wconf 84' lang='lat' dir='ltr'>genuerit,</span> <span class='ocrx_word' id='word_1_81' title='bbox 2493 1690 2629 1753; x_wconf 89' lang='lat' dir='ltr'>pro</span> <span class='ocrx_word' id='word_1_82' title='bbox 2660 1672 2916 1753; x_wconf 91' lang='lat' dir='ltr'>quibus</span> <span class='ocrx_word' id='word_1_83' title='bbox 2947 1674 3201 1737; x_wconf 87' lang='lat' dir='ltr'>sedan·</span> 
     </span>
     <span class='ocr_line' id='line_1_12' title="bbox 629 1775 3201 1859; baseline -0 -15"><span class='ocrx_word' id='word_1_84' title='bbox 629 1781 738 1844; x_wconf 92' lang='lat' dir='ltr'>dis</span> <span class='ocrx_word' id='word_1_85' title='bbox 785 1778 954 1843; x_wconf 88' lang='lat' dir='ltr'>mihi</span> <span class='ocrx_word' id='word_1_86' title='bbox 1000 1776 1243 1859; x_wconf 86' lang='lat' dir='ltr'>magni</span> <span class='ocrx_word' id='word_1_87' title='bbox 1291 1786 1612 1858; x_wconf 86' lang='lat' dir='ltr'>sumptus</span> <span class='ocrx_word' id='word_1_88' title='bbox 1658 1775 1833 1841; x_wconf 86' lang='lat' dir='ltr'>facti</span> <span class='ocrx_word' id='word_1_89' title='bbox 1879 1785 2061 1857; x_wconf 87' lang='lat' dir='ltr'>sunt,</span> <span class='ocrx_word' id='word_1_90' title='bbox 2113 1797 2203 1840; x_wconf 90' lang='lat' dir='ltr'>ne</span> <span class='ocrx_word' id='word_1_91' title='bbox 2248 1776 2541 1842; x_wconf 84' lang='lat' dir='ltr'>fastidio</span> <span class='ocrx_word' id='word_1_92' title='bbox 2590 1778 2721 1842; x_wconf 89' lang='lat' dir='ltr'>sim</span> <span class='ocrx_word' id='word_1_93' title='bbox 2753 1778 3201 1845; x_wconf 87' lang='lat' dir='ltr'>Beatitudini</span> 
     </span>
     <span class='ocr_line' id='line_1_13' title="bbox 630 1883 3203 1969; baseline 0.001 -18"><span class='ocrx_word' id='word_1_94' title='bbox 630 1887 970 1966; x_wconf 84' lang='lat' dir='ltr'>Vestrae,</span> <span class='ocrx_word' id='word_1_95' title='bbox 1039 1904 1171 1949; x_wconf 90' lang='lat' dir='ltr'>ceu</span> <span class='ocrx_word' id='word_1_96' title='bbox 1228 1884 1514 1969; x_wconf 83' lang='lat' dir='ltr'>privata</span> <span class='ocrx_word' id='word_1_97' title='bbox 1558 1904 1718 1947; x_wconf 88' lang='lat' dir='ltr'>mea</span> <span class='ocrx_word' id='word_1_98' title='bbox 1783 1883 2074 1965; x_wconf 89' lang='lat' dir='ltr'>negotia</span> <span class='ocrx_word' id='word_1_99' title='bbox 2144 1884 2577 1967; x_wconf 84' lang='lat' dir='ltr'>ingerendO,</span> <span class='ocrx_word' id='word_1_100' title='bbox 2641 1904 3203 1955; x_wconf 84' lang='lat' dir='ltr'>commemorare</span> 
     </span>
     <span class='ocr_line' id='line_1_14' title="bbox 629 1990 3203 2078; baseline 0.001 -21"><span class='ocrx_word' id='word_1_101' title='bbox 629 1992 1020 2075; x_wconf 78' lang='lat' dir='ltr'>supersedi.</span> <span class='ocrx_word' id='word_1_102' title='bbox 1124 1991 1354 2073; x_wconf 77' lang='lat' dir='ltr'>Quam</span> <span class='ocrx_word' id='word_1_103' title='bbox 1417 2011 1592 2057; x_wconf 87' lang='lat' dir='ltr'>vero</span> <span class='ocrx_word' id='word_1_104' title='bbox 1657 1990 2131 2055; x_wconf 87' lang='lat' dir='ltr'>conveniebat</span> <span class='ocrx_word' id='word_1_105' title='bbox 2198 1992 2545 2057; x_wconf 90' lang='lat' dir='ltr'>eiusmodi</span> <span class='ocrx_word' id='word_1_106' title='bbox 2603 2006 2925 2078; x_wconf 89' lang='lat' dir='ltr'>sumptus</span> <span class='ocrx_word' id='word_1_107' title='bbox 2988 1996 3203 2077; x_wconf 86' lang='lat' dir='ltr'>verti,</span> 
     </span>
     <span class='ocr_line' id='line_1_15' title="bbox 627 2082 3203 2183; baseline 0.001 -19"><span class='ocrx_word' id='word_1_108' title='bbox 627 2122 758 2183; x_wconf 91' lang='lat' dir='ltr'>pro</span> <span class='ocrx_word' id='word_1_109' title='bbox 808 2082 1289 2163; x_wconf 79' lang='lat' dir='ltr'>sustentandis</span> <span class='ocrx_word' id='word_1_110' title='bbox 1337 2098 1584 2181; x_wconf 79' lang='lat' dir='ltr'>copiiS,</span> <span class='ocrx_word' id='word_1_111' title='bbox 1633 2118 1815 2181; x_wconf 85' lang='lat' dir='ltr'>quas</span> <span class='ocrx_word' id='word_1_112' title='bbox 1859 2097 1997 2161; x_wconf 90' lang='lat' dir='ltr'>iam</span> <span class='ocrx_word' id='word_1_113' title='bbox 2032 2120 2232 2180; x_wconf 81' lang='lat' dir='ltr'>parc,</span> <span class='ocrx_word' id='word_1_114' title='bbox 2280 2109 2357 2162; x_wconf 91' lang='lat' dir='ltr'>ut</span> <span class='ocrx_word' id='word_1_115' title='bbox 2402 2101 2734 2182; x_wconf 85' lang='lat' dir='ltr'>proximo</span> <span class='ocrx_word' id='word_1_116' title='bbox 2781 2123 2951 2167; x_wconf 82' lang='lat' dir='ltr'>vere</span> <span class='ocrx_word' id='word_1_117' title='bbox 3000 2102 3203 2169; x_wconf 80' lang='lat' dir='ltr'>Chri-</span> 
     </span>
     <span class='ocr_line' id='line_1_16' title="bbox 629 2204 3205 2290; baseline 0.001 -18"><span class='ocrx_word' id='word_1_118' title='bbox 629 2207 838 2272; x_wconf 86' lang='lat' dir='ltr'>stiani</span> <span class='ocrx_word' id='word_1_119' title='bbox 887 2206 1194 2271; x_wconf 88' lang='lat' dir='ltr'>nominis</span> <span class='ocrx_word' id='word_1_120' title='bbox 1247 2207 1528 2269; x_wconf 88' lang='lat' dir='ltr'>hostem</span> <span class='ocrx_word' id='word_1_121' title='bbox 1575 2204 1879 2269; x_wconf 84' lang='lat' dir='ltr'>Turcam</span> <span class='ocrx_word' id='word_1_122' title='bbox 1940 2226 2223 2269; x_wconf 86' lang='lat' dir='ltr'>arceam</span> <span class='ocrx_word' id='word_1_123' title='bbox 2284 2228 2329 2271; x_wconf 91' lang='lat' dir='ltr'>a</span> <span class='ocrx_word' id='word_1_124' title='bbox 2388 2207 2647 2275; x_wconf 86' lang='lat' dir='ltr'>finibus</span> <span class='ocrx_word' id='word_1_125' title='bbox 2702 2210 2914 2290; x_wconf 74' lang='lat' dir='ltr'>meiS,</span> <span class='ocrx_word' id='word_1_126' title='bbox 2982 2209 3205 2275; x_wconf 87' lang='lat' dir='ltr'>immo</span> 
     </span>
     <span class='ocr_line' id='line_1_17' title="bbox 627 2312 3209 2399; baseline 0 -20"><span class='ocrx_word' id='word_1_127' title='bbox 627 2316 850 2399; x_wconf 91' lang='lat' dir='ltr'>ipsius</span> <span class='ocrx_word' id='word_1_128' title='bbox 907 2312 1338 2379; x_wconf 84' lang='lat' dir='ltr'>Germaniae</span> <span class='ocrx_word' id='word_1_129' title='bbox 1401 2312 1688 2391; x_wconf 52' lang='lat' dir='ltr'>medi0„</span> <span class='ocrx_word' id='word_1_130' title='bbox 1733 2331 1891 2375; x_wconf 90' lang='lat' dir='ltr'>cum</span> <span class='ocrx_word' id='word_1_131' title='bbox 1951 2312 2333 2394; x_wconf 77' lang='lat' dir='ltr'>superatiS‚</span> <span class='ocrx_word' id='word_1_132' title='bbox 2395 2316 2582 2397; x_wconf 92' lang='lat' dir='ltr'>quod</span> <span class='ocrx_word' id='word_1_133' title='bbox 2642 2316 2837 2379; x_wconf 91' lang='lat' dir='ltr'>Deus</span> <span class='ocrx_word' id='word_1_134' title='bbox 2892 2326 3209 2398; x_wconf 87' lang='lat' dir='ltr'>avertat,</span> 
     </span>
     <span class='ocr_line' id='line_1_18' title="bbox 629 2418 3207 2505; baseline 0 -18"><span class='ocrx_word' id='word_1_135' title='bbox 629 2422 888 2487; x_wconf 88' lang='lat' dir='ltr'>finibus</span> <span class='ocrx_word' id='word_1_136' title='bbox 937 2420 1149 2499; x_wconf 81' lang='lat' dir='ltr'>meiS,</span> <span class='ocrx_word' id='word_1_137' title='bbox 1197 2439 1340 2482; x_wconf 88' lang='lat' dir='ltr'>non</span> <span class='ocrx_word' id='word_1_138' title='bbox 1392 2419 1488 2481; x_wconf 85' lang='lat' dir='ltr'>ita</span> <span class='ocrx_word' id='word_1_139' title='bbox 1533 2419 1828 2480; x_wconf 86' lang='lat' dir='ltr'>multum</span> <span class='ocrx_word' id='word_1_140' title='bbox 1874 2418 2365 2501; x_wconf 86' lang='lat' dir='ltr'>impedimenti</span> <span class='ocrx_word' id='word_1_141' title='bbox 2413 2432 2785 2503; x_wconf 90' lang='lat' dir='ltr'>expectet,</span> <span class='ocrx_word' id='word_1_142' title='bbox 2844 2422 3013 2505; x_wconf 92' lang='lat' dir='ltr'>quin</span> <span class='ocrx_word' id='word_1_143' title='bbox 3080 2444 3207 2487; x_wconf 87' lang='lat' dir='ltr'>ex-</span> 
     </span>
     <span class='ocr_line' id='line_1_19' title="bbox 630 2524 3209 2609; baseline 0 -16"><span class='ocrx_word' id='word_1_144' title='bbox 630 2538 870 2593; x_wconf 87' lang='lat' dir='ltr'>currat</span> <span class='ocrx_word' id='word_1_145' title='bbox 913 2527 984 2590; x_wconf 92' lang='lat' dir='ltr'>in</span> <span class='ocrx_word' id='word_1_146' title='bbox 1021 2524 1473 2590; x_wconf 89' lang='lat' dir='ltr'>Vindelicum</span> <span class='ocrx_word' id='word_1_147' title='bbox 1505 2526 1784 2606; x_wconf 86' lang='lat' dir='ltr'>Agrum</span> <span class='ocrx_word' id='word_1_148' title='bbox 1821 2536 1891 2587; x_wconf 89' lang='lat' dir='ltr'>et</span> <span class='ocrx_word' id='word_1_149' title='bbox 1930 2526 2140 2589; x_wconf 87' lang='lat' dir='ltr'>latius</span> <span class='ocrx_word' id='word_1_150' title='bbox 2175 2526 2388 2590; x_wconf 89' lang='lat' dir='ltr'>etiam</span> <span class='ocrx_word' id='word_1_151' title='bbox 2434 2548 2565 2609; x_wconf 85' lang='lat' dir='ltr'>pro</span> <span class='ocrx_word' id='word_1_152' title='bbox 2614 2528 2929 2594; x_wconf 90' lang='lat' dir='ltr'>libidine.</span> <span class='ocrx_word' id='word_1_153' title='bbox 3026 2530 3209 2595; x_wconf 89' lang='lat' dir='ltr'>Pro·</span> 
     </span>
     <span class='ocr_line' id='line_1_20' title="bbox 629 2632 3213 2717; baseline 0.001 -18"><span class='ocrx_word' id='word_1_154' title='bbox 629 2638 797 2699; x_wconf 90' lang='lat' dir='ltr'>inde</span> <span class='ocrx_word' id='word_1_155' title='bbox 845 2654 1003 2699; x_wconf 90' lang='lat' dir='ltr'>cum</span> <span class='ocrx_word' id='word_1_156' title='bbox 1050 2633 1182 2714; x_wconf 89' lang='lat' dir='ltr'>illi,</span> <span class='ocrx_word' id='word_1_157' title='bbox 1245 2653 1544 2714; x_wconf 90' lang='lat' dir='ltr'>quorum</span> <span class='ocrx_word' id='word_1_158' title='bbox 1593 2633 1904 2694; x_wconf 90' lang='lat' dir='ltr'>nondum</span> <span class='ocrx_word' id='word_1_159' title='bbox 1952 2632 2159 2696; x_wconf 88' lang='lat' dir='ltr'>ardet</span> <span class='ocrx_word' id='word_1_160' title='bbox 2202 2633 2472 2715; x_wconf 87' lang='lat' dir='ltr'>paries,</span> <span class='ocrx_word' id='word_1_161' title='bbox 2541 2654 2793 2715; x_wconf 88' lang='lat' dir='ltr'>parum</span> <span class='ocrx_word' id='word_1_162' title='bbox 2840 2636 3077 2717; x_wconf 88' lang='lat' dir='ltr'>cordi,</span> <span class='ocrx_word' id='word_1_163' title='bbox 3131 2647 3213 2701; x_wconf 88' lang='lat' dir='ltr'>ut</span> 
     </span>
     <span class='ocr_line' id='line_1_21' title="bbox 631 2738 3224 2826; baseline 0.002 -21"><span class='ocrx_word' id='word_1_164' title='bbox 631 2743 820 2826; x_wconf 91' lang='lat' dir='ltr'>quod</span> <span class='ocrx_word' id='word_1_165' title='bbox 869 2762 986 2805; x_wconf 91' lang='lat' dir='ltr'>res</span> <span class='ocrx_word' id='word_1_166' title='bbox 1035 2749 1142 2803; x_wconf 91' lang='lat' dir='ltr'>est</span> <span class='ocrx_word' id='word_1_167' title='bbox 1172 2739 1424 2819; x_wconf 89' lang='lat' dir='ltr'>dicam,</span> <span class='ocrx_word' id='word_1_168' title='bbox 1455 2738 1814 2820; x_wconf 89' lang='lat' dir='ltr'>accipiant</span> <span class='ocrx_word' id='word_1_169' title='bbox 1854 2740 2060 2817; x_wconf 88' lang='lat' dir='ltr'>mala,</span> <span class='ocrx_word' id='word_1_170' title='bbox 2111 2759 2295 2821; x_wconf 89' lang='lat' dir='ltr'>quae</span> <span class='ocrx_word' id='word_1_171' title='bbox 2329 2740 2497 2803; x_wconf 86' lang='lat' dir='ltr'>mihi</span> <span class='ocrx_word' id='word_1_172' title='bbox 2529 2742 2973 2825; x_wconf 87' lang='lat' dir='ltr'>subditisque</span> <span class='ocrx_word' id='word_1_173' title='bbox 3020 2744 3224 2809; x_wconf 83' lang='lat' dir='ltr'>meis</span> 
     </span>
     <span class='ocr_line' id='line_1_22' title="bbox 630 2845 3211 2932; baseline 0 -17"><span class='ocrx_word' id='word_1_174' title='bbox 630 2873 673 2916; x_wconf 91' lang='lat' dir='ltr'>a</span> <span class='ocrx_word' id='word_1_175' title='bbox 705 2848 1144 2914; x_wconf 87' lang='lat' dir='ltr'>ferocissima</span> <span class='ocrx_word' id='word_1_176' title='bbox 1172 2846 1288 2910; x_wconf 85' lang='lat' dir='ltr'>illa</span> <span class='ocrx_word' id='word_1_177' title='bbox 1328 2854 1568 2930; x_wconf 85' lang='lat' dir='ltr'>gente,</span> <span class='ocrx_word' id='word_1_178' title='bbox 1619 2848 1709 2910; x_wconf 91' lang='lat' dir='ltr'>de</span> <span class='ocrx_word' id='word_1_179' title='bbox 1743 2845 2001 2928; x_wconf 90' lang='lat' dir='ltr'>quibus</span> <span class='ocrx_word' id='word_1_180' title='bbox 2044 2866 2273 2932; x_wconf 87' lang='lat' dir='ltr'>nuper</span> <span class='ocrx_word' id='word_1_181' title='bbox 2304 2846 2829 2914; x_wconf 89' lang='lat' dir='ltr'>Beatitudinem</span> <span class='ocrx_word' id='word_1_182' title='bbox 2862 2849 3211 2916; x_wconf 87' lang='lat' dir='ltr'>Vestram</span> 
     </span>
     <span class='ocr_line' id='line_1_23' title="bbox 630 2953 3211 3041; baseline 0 -20"><span class='ocrx_word' id='word_1_183' title='bbox 630 2957 1002 3035; x_wconf 87' lang='lat' dir='ltr'>admonui,</span> <span class='ocrx_word' id='word_1_184' title='bbox 1070 2967 1141 3019; x_wconf 89' lang='lat' dir='ltr'>et</span> <span class='ocrx_word' id='word_1_185' title='bbox 1199 2955 1339 3016; x_wconf 83' lang='lat' dir='ltr'>iam</span> <span class='ocrx_word' id='word_1_186' title='bbox 1388 2953 1624 3016; x_wconf 91' lang='lat' dir='ltr'>denuo</span> <span class='ocrx_word' id='word_1_187' title='bbox 1675 2973 1833 3016; x_wconf 90' lang='lat' dir='ltr'>cum</span> <span class='ocrx_word' id='word_1_188' title='bbox 1882 2953 2516 3018; x_wconf 88' lang='lat' dir='ltr'>Reverendissimo</span> <span class='ocrx_word' id='word_1_189' title='bbox 2564 2955 2869 3020; x_wconf 90' lang='lat' dir='ltr'>Domino</span> <span class='ocrx_word' id='word_1_190' title='bbox 2918 2957 3211 3041; x_wconf 89' lang='lat' dir='ltr'>Legato</span> 
     </span>
     <span class='ocr_line' id='line_1_24' title="bbox 629 3060 3215 3147; baseline 0.001 -19"><span class='ocrx_word' id='word_1_191' title='bbox 629 3065 854 3128; x_wconf 89' lang='lat' dir='ltr'>verba</span> <span class='ocrx_word' id='word_1_192' title='bbox 931 3060 1110 3142; x_wconf 89' lang='lat' dir='ltr'>feci,</span> <span class='ocrx_word' id='word_1_193' title='bbox 1205 3070 1550 3144; x_wconf 90' lang='lat' dir='ltr'>percepta</span> <span class='ocrx_word' id='word_1_194' title='bbox 1628 3063 1953 3125; x_wconf 89' lang='lat' dir='ltr'>luctuosa</span> <span class='ocrx_word' id='word_1_195' title='bbox 2040 3061 2460 3125; x_wconf 88' lang='lat' dir='ltr'>Calamitate</span> <span class='ocrx_word' id='word_1_196' title='bbox 2546 3062 2859 3128; x_wconf 87' lang='lat' dir='ltr'>universi</span> <span class='ocrx_word' id='word_1_197' title='bbox 2936 3063 3215 3147; x_wconf 89' lang='lat' dir='ltr'>Populi</span> 
     </span>
     <span class='ocr_line' id='line_1_25' title="bbox 632 3167 3215 3254; baseline 0.001 -20"><span class='ocrx_word' id='word_1_198' title='bbox 632 3169 976 3250; x_wconf 88' lang='lat' dir='ltr'>Croatici‚</span> <span class='ocrx_word' id='word_1_199' title='bbox 1039 3169 1196 3250; x_wconf 92' lang='lat' dir='ltr'>Ego</span> <span class='ocrx_word' id='word_1_200' title='bbox 1261 3188 1434 3231; x_wconf 89' lang='lat' dir='ltr'>vero</span> <span class='ocrx_word' id='word_1_201' title='bbox 1495 3167 1634 3231; x_wconf 90' lang='lat' dir='ltr'>iam</span> <span class='ocrx_word' id='word_1_202' title='bbox 1697 3177 1911 3230; x_wconf 89' lang='lat' dir='ltr'>antea</span> <span class='ocrx_word' id='word_1_203' title='bbox 1981 3167 2153 3230; x_wconf 86' lang='lat' dir='ltr'>satis</span> <span class='ocrx_word' id='word_1_204' title='bbox 2218 3177 2559 3250; x_wconf 88' lang='lat' dir='ltr'>expertus</span> <span class='ocrx_word' id='word_1_205' title='bbox 2620 3168 2788 3252; x_wconf 85' lang='lat' dir='ltr'>sim,</span> <span class='ocrx_word' id='word_1_206' title='bbox 2856 3170 3215 3254; x_wconf 86' lang='lat' dir='ltr'>hisceque</span> 
     </span>
     <span class='ocr_line' id='line_1_26' title="bbox 631 3273 3219 3358; baseline 0.001 -18"><span class='ocrx_word' id='word_1_207' title='bbox 631 3278 855 3340; x_wconf 89' lang='lat' dir='ltr'>oculis</span> <span class='ocrx_word' id='word_1_208' title='bbox 917 3275 1215 3338; x_wconf 88' lang='lat' dir='ltr'>viderim</span> <span class='ocrx_word' id='word_1_209' title='bbox 1279 3295 1488 3356; x_wconf 91' lang='lat' dir='ltr'>quam</span> <span class='ocrx_word' id='word_1_210' title='bbox 1553 3273 1816 3356; x_wconf 85' lang='lat' dir='ltr'>frigide</span> <span class='ocrx_word' id='word_1_211' title='bbox 1871 3273 2238 3356; x_wconf 82' lang='lat' dir='ltr'>expeditio</span> <span class='ocrx_word' id='word_1_212' title='bbox 2300 3273 2423 3338; x_wconf 89' lang='lat' dir='ltr'>illa</span> <span class='ocrx_word' id='word_1_213' title='bbox 2470 3275 2772 3340; x_wconf 86' lang='lat' dir='ltr'>Turcica</span> <span class='ocrx_word' id='word_1_214' title='bbox 2838 3279 3219 3358; x_wconf 86' lang='lat' dir='ltr'>generalis</span> 
     </span>
     <span class='ocr_line' id='line_1_27' title="bbox 630 3381 3218 3467; baseline 0.001 -19"><span class='ocrx_word' id='word_1_215' title='bbox 630 3384 1006 3467; x_wconf 88' lang='lat' dir='ltr'>procedat,</span> <span class='ocrx_word' id='word_1_216' title='bbox 1071 3383 1262 3463; x_wconf 92' lang='lat' dir='ltr'>quod</span> <span class='ocrx_word' id='word_1_217' title='bbox 1310 3382 1835 3446; x_wconf 88' lang='lat' dir='ltr'>transscribunt</span> <span class='ocrx_word' id='word_1_218' title='bbox 1879 3381 2295 3446; x_wconf 87' lang='lat' dir='ltr'>Monarchis</span> <span class='ocrx_word' id='word_1_219' title='bbox 2342 3381 2722 3446; x_wconf 88' lang='lat' dir='ltr'>Christiani</span> <span class='ocrx_word' id='word_1_220' title='bbox 2772 3385 2965 3448; x_wconf 87' lang='lat' dir='ltr'>orbis</span> <span class='ocrx_word' id='word_1_221' title='bbox 3014 3386 3218 3450; x_wconf 89' lang='lat' dir='ltr'>inter</span> 
     </span>
     <span class='ocr_line' id='line_1_28' title="bbox 631 3487 3219 3570; baseline 0.001 -15"><span class='ocrx_word' id='word_1_222' title='bbox 631 3513 708 3556; x_wconf 87' lang='lat' dir='ltr'>se</span> <span class='ocrx_word' id='word_1_223' title='bbox 757 3490 1024 3553; x_wconf 90' lang='lat' dir='ltr'>insanis</span> <span class='ocrx_word' id='word_1_224' title='bbox 1074 3488 1278 3570; x_wconf 82' lang='lat' dir='ltr'>odiis,</span> <span class='ocrx_word' id='word_1_225' title='bbox 1327 3498 1399 3552; x_wconf 91' lang='lat' dir='ltr'>et</span> <span class='ocrx_word' id='word_1_226' title='bbox 1443 3487 1654 3552; x_wconf 89' lang='lat' dir='ltr'>bellis</span> <span class='ocrx_word' id='word_1_227' title='bbox 1701 3488 2325 3569; x_wconf 81' lang='lat' dir='ltr'>tumultuantibuS,</span> <span class='ocrx_word' id='word_1_228' title='bbox 2375 3499 2735 3554; x_wconf 86' lang='lat' dir='ltr'>extremus</span> <span class='ocrx_word' id='word_1_229' title='bbox 2780 3492 2987 3554; x_wconf 88' lang='lat' dir='ltr'>labor</span> <span class='ocrx_word' id='word_1_230' title='bbox 3032 3492 3219 3558; x_wconf 84' lang='lat' dir='ltr'>mihi</span> 
     </span>
     <span class='ocr_line' id='line_1_29' title="bbox 632 3595 3219 3679; baseline 0.002 -18"><span class='ocrx_word' id='word_1_231' title='bbox 632 3598 1016 3664; x_wconf 85' lang='lat' dir='ltr'>tentandus</span> <span class='ocrx_word' id='word_1_232' title='bbox 1064 3605 1172 3658; x_wconf 87' lang='lat' dir='ltr'>est</span> <span class='ocrx_word' id='word_1_233' title='bbox 1238 3597 1332 3658; x_wconf 91' lang='lat' dir='ltr'>ad</span> <span class='ocrx_word' id='word_1_234' title='bbox 1388 3595 1790 3678; x_wconf 85' lang='lat' dir='ltr'>proximum</span> <span class='ocrx_word' id='word_1_235' title='bbox 1854 3616 2011 3677; x_wconf 90' lang='lat' dir='ltr'>ver,</span> <span class='ocrx_word' id='word_1_236' title='bbox 2082 3604 2155 3660; x_wconf 90' lang='lat' dir='ltr'>et</span> <span class='ocrx_word' id='word_1_237' title='bbox 2217 3615 2359 3658; x_wconf 91' lang='lat' dir='ltr'>non</span> <span class='ocrx_word' id='word_1_238' title='bbox 2417 3598 2642 3660; x_wconf 90' lang='lat' dir='ltr'>solum</span> <span class='ocrx_word' id='word_1_239' title='bbox 2705 3598 2963 3679; x_wconf 89' lang='lat' dir='ltr'>opibus</span> <span class='ocrx_word' id='word_1_240' title='bbox 3024 3601 3219 3664; x_wconf 88' lang='lat' dir='ltr'>meis</span> 
     </span>
     <span class='ocr_line' id='line_1_30' title="bbox 631 3701 3221 3789; baseline 0 -18"><span class='ocrx_word' id='word_1_241' title='bbox 631 3725 816 3789; x_wconf 85' lang='lat' dir='ltr'>quae</span> <span class='ocrx_word' id='word_1_242' title='bbox 845 3704 1146 3767; x_wconf 89' lang='lat' dir='ltr'>ferenda</span> <span class='ocrx_word' id='word_1_243' title='bbox 1179 3711 1379 3765; x_wconf 91' lang='lat' dir='ltr'>tanta</span> <span class='ocrx_word' id='word_1_244' title='bbox 1410 3702 1577 3765; x_wconf 90' lang='lat' dir='ltr'>moli</span> <span class='ocrx_word' id='word_1_245' title='bbox 1611 3701 1920 3783; x_wconf 89' lang='lat' dir='ltr'>impares</span> <span class='ocrx_word' id='word_1_246' title='bbox 1954 3703 2173 3766; x_wconf 88' lang='lat' dir='ltr'>multo</span> <span class='ocrx_word' id='word_1_247' title='bbox 2222 3701 2529 3767; x_wconf 88' lang='lat' dir='ltr'>maxime</span> <span class='ocrx_word' id='word_1_248' title='bbox 2576 3712 2761 3782; x_wconf 88' lang='lat' dir='ltr'>sunt,</span> <span class='ocrx_word' id='word_1_249' title='bbox 2810 3705 2937 3766; x_wconf 88' lang='lat' dir='ltr'>sed</span> <span class='ocrx_word' id='word_1_250' title='bbox 2986 3705 3221 3771; x_wconf 87' lang='lat' dir='ltr'>etiam</span> 
     </span>
     <span class='ocr_line' id='line_1_31' title="bbox 631 3808 3220 3896; baseline 0.002 -21"><span class='ocrx_word' id='word_1_251' title='bbox 631 3811 996 3896; x_wconf 87' lang='lat' dir='ltr'>quibusvis</span> <span class='ocrx_word' id='word_1_252' title='bbox 1056 3809 1212 3872; x_wconf 89' lang='lat' dir='ltr'>aliis</span> <span class='ocrx_word' id='word_1_253' title='bbox 1284 3809 1727 3874; x_wconf 88' lang='lat' dir='ltr'>subsidiariis</span> <span class='ocrx_word' id='word_1_254' title='bbox 1798 3808 2103 3891; x_wconf 84' lang='lat' dir='ltr'>viribuS,</span> <span class='ocrx_word' id='word_1_255' title='bbox 2176 3829 2351 3891; x_wconf 90' lang='lat' dir='ltr'>quas</span> <span class='ocrx_word' id='word_1_256' title='bbox 2426 3820 2783 3892; x_wconf 89' lang='lat' dir='ltr'>utcunque</span> <span class='ocrx_word' id='word_1_257' title='bbox 2854 3815 3220 3878; x_wconf 88' lang='lat' dir='ltr'>contraho</span> 
     </span>
     <span class='ocr_line' id='line_1_32' title="bbox 630 3915 3217 3999; baseline 0 -15"><span class='ocrx_word' id='word_1_258' title='bbox 630 3929 829 3984; x_wconf 89' lang='lat' dir='ltr'>tanta</span> <span class='ocrx_word' id='word_1_259' title='bbox 875 3917 1048 3982; x_wconf 91' lang='lat' dir='ltr'>belli</span> <span class='ocrx_word' id='word_1_260' title='bbox 1094 3917 1516 3999; x_wconf 88' lang='lat' dir='ltr'>peragenda</span> <span class='ocrx_word' id='word_1_261' title='bbox 1564 3925 1671 3978; x_wconf 85' lang='lat' dir='ltr'>est</span> <span class='ocrx_word' id='word_1_262' title='bbox 1717 3915 2023 3982; x_wconf 86' lang='lat' dir='ltr'>fortuna.</span> <span class='ocrx_word' id='word_1_263' title='bbox 2121 3916 2329 3998; x_wconf 82' lang='lat' dir='ltr'>Quod</span> <span class='ocrx_word' id='word_1_264' title='bbox 2364 3924 2599 3978; x_wconf 88' lang='lat' dir='ltr'>autem</span> <span class='ocrx_word' id='word_1_265' title='bbox 2634 3915 2993 3981; x_wconf 87' lang='lat' dir='ltr'>Sanctitas</span> <span class='ocrx_word' id='word_1_266' title='bbox 3028 3920 3217 3984; x_wconf 90' lang='lat' dir='ltr'>Ves-</span> 
     </span>
     <span class='ocr_line' id='line_1_33' title="bbox 630 4021 3219 4110; baseline 0.001 -18"><span class='ocrx_word' id='word_1_267' title='bbox 630 4039 740 4092; x_wconf 88' lang='lat' dir='ltr'>tra</span> <span class='ocrx_word' id='word_1_268' title='bbox 784 4047 916 4110; x_wconf 87' lang='lat' dir='ltr'>pro</span> <span class='ocrx_word' id='word_1_269' title='bbox 967 4045 1097 4088; x_wconf 90' lang='lat' dir='ltr'>suo</span> <span class='ocrx_word' id='word_1_270' title='bbox 1129 4033 1432 4106; x_wconf 87' lang='lat' dir='ltr'>paterno</span> <span class='ocrx_word' id='word_1_271' title='bbox 1467 4044 1708 4086; x_wconf 89' lang='lat' dir='ltr'>amore</span> <span class='ocrx_word' id='word_1_272' title='bbox 1742 4024 1913 4087; x_wconf 86' lang='lat' dir='ltr'>mihi</span> <span class='ocrx_word' id='word_1_273' title='bbox 1945 4033 2304 4106; x_wconf 87' lang='lat' dir='ltr'>tamquam</span> <span class='ocrx_word' id='word_1_274' title='bbox 2351 4021 2499 4087; x_wconf 87' lang='lat' dir='ltr'>filio</span> <span class='ocrx_word' id='word_1_275' title='bbox 2548 4023 3219 4094; x_wconf 85' lang='lat' dir='ltr'>incommoditatem</span> 
     </span>
     <span class='ocr_line' id='line_1_34' title="bbox 631 4131 3219 4214; baseline 0 -17"><span class='ocrx_word' id='word_1_276' title='bbox 631 4133 1098 4204; x_wconf 86' lang='lat' dir='ltr'>Pontificatus</span> <span class='ocrx_word' id='word_1_277' title='bbox 1142 4131 1282 4213; x_wconf 88' lang='lat' dir='ltr'>sui,</span> <span class='ocrx_word' id='word_1_278' title='bbox 1333 4151 1587 4212; x_wconf 85' lang='lat' dir='ltr'>meque</span> <span class='ocrx_word' id='word_1_279' title='bbox 1637 4131 1828 4195; x_wconf 90' lang='lat' dir='ltr'>dicta</span> <span class='ocrx_word' id='word_1_280' title='bbox 1876 4151 2003 4194; x_wconf 79' lang='lat' dir='ltr'>sua</span> <span class='ocrx_word' id='word_1_281' title='bbox 2051 4131 2121 4193; x_wconf 89' lang='lat' dir='ltr'>in</span> <span class='ocrx_word' id='word_1_282' title='bbox 2168 4133 2351 4194; x_wconf 88' lang='lat' dir='ltr'>hanc</span> <span class='ocrx_word' id='word_1_283' title='bbox 2398 4141 2675 4213; x_wconf 89' lang='lat' dir='ltr'>partem</span> <span class='ocrx_word' id='word_1_284' title='bbox 2727 4132 2921 4193; x_wconf 86' lang='lat' dir='ltr'>velut</span> <span class='ocrx_word' id='word_1_285' title='bbox 2984 4151 3033 4194; x_wconf 86' lang='lat' dir='ltr'>a</span> <span class='ocrx_word' id='word_1_286' title='bbox 3082 4153 3219 4214; x_wconf 87' lang='lat' dir='ltr'>pa-</span> 
     </span>
     <span class='ocr_line' id='line_1_35' title="bbox 630 4235 3216 4320; baseline 0.001 -16"><span class='ocrx_word' id='word_1_287' title='bbox 630 4249 830 4304; x_wconf 88' lang='lat' dir='ltr'>rente</span> <span class='ocrx_word' id='word_1_288' title='bbox 879 4238 1212 4320; x_wconf 83' lang='lat' dir='ltr'>accipere</span> <span class='ocrx_word' id='word_1_289' title='bbox 1263 4237 1612 4317; x_wconf 89' lang='lat' dir='ltr'>confidat,</span> <span class='ocrx_word' id='word_1_290' title='bbox 1671 4257 1813 4302; x_wconf 90' lang='lat' dir='ltr'>non</span> <span class='ocrx_word' id='word_1_291' title='bbox 1874 4258 2029 4300; x_wconf 88' lang='lat' dir='ltr'>eam</span> <span class='ocrx_word' id='word_1_292' title='bbox 2076 4237 2279 4300; x_wconf 88' lang='lat' dir='ltr'>fallet</span> <span class='ocrx_word' id='word_1_293' title='bbox 2324 4235 2501 4300; x_wconf 91' lang='lat' dir='ltr'>haec</span> <span class='ocrx_word' id='word_1_294' title='bbox 2560 4237 2801 4319; x_wconf 86' lang='lat' dir='ltr'>opinio</span> <span class='ocrx_word' id='word_1_295' title='bbox 2864 4257 3216 4320; x_wconf 87' lang='lat' dir='ltr'>unquam.</span> 
     </span>
     <span class='ocr_line' id='line_1_36' title="bbox 629 4343 3219 4428; baseline 0 -18"><span class='ocrx_word' id='word_1_296' title='bbox 629 4347 906 4428; x_wconf 89' lang='lat' dir='ltr'>Elugeo</span> <span class='ocrx_word' id='word_1_297' title='bbox 976 4344 1296 4428; x_wconf 85' lang='lat' dir='ltr'>graviter</span> <span class='ocrx_word' id='word_1_298' title='bbox 1365 4355 1508 4406; x_wconf 85' lang='lat' dir='ltr'>tam</span> <span class='ocrx_word' id='word_1_299' title='bbox 1579 4343 2027 4408; x_wconf 87' lang='lat' dir='ltr'>incommoda</span> <span class='ocrx_word' id='word_1_300' title='bbox 2088 4343 2475 4426; x_wconf 85' lang='lat' dir='ltr'>vectigalia</span> <span class='ocrx_word' id='word_1_301' title='bbox 2539 4364 2697 4406; x_wconf 89' lang='lat' dir='ltr'>esse</span> <span class='ocrx_word' id='word_1_302' title='bbox 2758 4343 3219 4410; x_wconf 88' lang='lat' dir='ltr'>Beatitudini</span> 
     </span>
     <span class='ocr_line' id='line_1_37' title="bbox 629 4451 3223 4533; baseline 0.002 -18"><span class='ocrx_word' id='word_1_303' title='bbox 629 4453 954 4533; x_wconf 86' lang='lat' dir='ltr'>Vestrae,</span> <span class='ocrx_word' id='word_1_304' title='bbox 1019 4451 1218 4514; x_wconf 90' lang='lat' dir='ltr'>cuius</span> <span class='ocrx_word' id='word_1_305' title='bbox 1290 4451 1555 4533; x_wconf 86' lang='lat' dir='ltr'>alioqui</span> <span class='ocrx_word' id='word_1_306' title='bbox 1625 4451 2123 4516; x_wconf 86' lang='lat' dir='ltr'>Pontificatum</span> <span class='ocrx_word' id='word_1_307' title='bbox 2194 4451 2429 4514; x_wconf 90' lang='lat' dir='ltr'>multis</span> <span class='ocrx_word' id='word_1_308' title='bbox 2496 4452 2805 4514; x_wconf 87' lang='lat' dir='ltr'>evehere</span> <span class='ocrx_word' id='word_1_309' title='bbox 2868 4451 3223 4518; x_wconf 89' lang='lat' dir='ltr'>laudibus</span> 
     </span>
     <span class='ocr_line' id='line_1_38' title="bbox 629 4557 3223 4642; baseline 0.002 -20"><span class='ocrx_word' id='word_1_310' title='bbox 629 4579 910 4642; x_wconf 87' lang='lat' dir='ltr'>possem</span> <span class='ocrx_word' id='word_1_311' title='bbox 960 4578 1170 4640; x_wconf 89' lang='lat' dir='ltr'>quem</span> <span class='ocrx_word' id='word_1_312' title='bbox 1215 4567 1292 4622; x_wconf 86' lang='lat' dir='ltr'>ut</span> <span class='ocrx_word' id='word_1_313' title='bbox 1347 4557 1630 4640; x_wconf 89' lang='lat' dir='ltr'>parcius</span> <span class='ocrx_word' id='word_1_314' title='bbox 1697 4558 1928 4622; x_wconf 87' lang='lat' dir='ltr'>dicam</span> <span class='ocrx_word' id='word_1_315' title='bbox 2000 4557 2403 4622; x_wconf 85' lang='lat' dir='ltr'>Christiano</span> <span class='ocrx_word' id='word_1_316' title='bbox 2466 4557 2621 4621; x_wconf 90' lang='lat' dir='ltr'>orbi</span> <span class='ocrx_word' id='word_1_317' title='bbox 2684 4557 2993 4621; x_wconf 87' lang='lat' dir='ltr'>faustum</span> <span class='ocrx_word' id='word_1_318' title='bbox 3040 4559 3223 4626; x_wconf 82' lang='lat' dir='ltr'>fore</span> 
     </span>
     <span class='ocr_line' id='line_1_39' title="bbox 629 4661 3219 4747; baseline 0.001 -18"><span class='ocrx_word' id='word_1_319' title='bbox 629 4667 874 4746; x_wconf 89' lang='lat' dir='ltr'>vide0,</span> <span class='ocrx_word' id='word_1_320' title='bbox 945 4664 1238 4728; x_wconf 91' lang='lat' dir='ltr'>meliore</span> <span class='ocrx_word' id='word_1_321' title='bbox 1310 4663 1718 4728; x_wconf 86' lang='lat' dir='ltr'>accessione</span> <span class='ocrx_word' id='word_1_322' title='bbox 1782 4665 1853 4728; x_wconf 94' lang='lat' dir='ltr'>in</span> <span class='ocrx_word' id='word_1_323' title='bbox 1918 4665 2071 4728; x_wconf 89' lang='lat' dir='ltr'>dies</span> <span class='ocrx_word' id='word_1_324' title='bbox 2140 4665 2368 4747; x_wconf 86' lang='lat' dir='ltr'>magis</span> <span class='ocrx_word' id='word_1_325' title='bbox 2438 4674 2673 4729; x_wconf 88' lang='lat' dir='ltr'>tantas</span> <span class='ocrx_word' id='word_1_326' title='bbox 2733 4661 3219 4732; x_wconf 86' lang='lat' dir='ltr'>difficultates</span> 
     </span>
     <span class='ocr_line' id='line_1_40' title="bbox 628 4769 3215 4853; baseline 0 -18"><span class='ocrx_word' id='word_1_327' title='bbox 628 4793 794 4836; x_wconf 91' lang='lat' dir='ltr'>suas</span> <span class='ocrx_word' id='word_1_328' title='bbox 839 4781 1284 4853; x_wconf 89' lang='lat' dir='ltr'>superatura.</span> <span class='ocrx_word' id='word_1_329' title='bbox 1377 4772 1490 4834; x_wconf 90' lang='lat' dir='ltr'>De</span> <span class='ocrx_word' id='word_1_330' title='bbox 1546 4771 1850 4834; x_wconf 87' lang='lat' dir='ltr'>fortunis</span> <span class='ocrx_word' id='word_1_331' title='bbox 1910 4770 2084 4834; x_wconf 89' lang='lat' dir='ltr'>meis</span> <span class='ocrx_word' id='word_1_332' title='bbox 2146 4769 2391 4834; x_wconf 89' lang='lat' dir='ltr'>recisis</span> <span class='ocrx_word' id='word_1_333' title='bbox 2454 4791 2596 4836; x_wconf 90' lang='lat' dir='ltr'>non</span> <span class='ocrx_word' id='word_1_334' title='bbox 2662 4781 2769 4836; x_wconf 90' lang='lat' dir='ltr'>est</span> <span class='ocrx_word' id='word_1_335' title='bbox 2829 4769 3001 4853; x_wconf 90' lang='lat' dir='ltr'>quid</span> <span class='ocrx_word' id='word_1_336' title='bbox 3058 4793 3215 4842; x_wconf 84' lang='lat' dir='ltr'>atn-</span> 
     </span>
     <span class='ocr_line' id='line_1_41' title="bbox 628 4876 3221 4965; baseline 0 -18"><span class='ocrx_word' id='word_1_337' title='bbox 628 4879 814 4965; x_wconf 78' lang='lat' dir='ltr'>plius</span> <span class='ocrx_word' id='word_1_338' title='bbox 860 4879 1140 4959; x_wconf 89' lang='lat' dir='ltr'>addam,</span> <span class='ocrx_word' id='word_1_339' title='bbox 1193 4898 1366 4961; x_wconf 85' lang='lat' dir='ltr'>quas</span> <span class='ocrx_word' id='word_1_340' title='bbox 1401 4899 1540 4940; x_wconf 87' lang='lat' dir='ltr'>non</span> <span class='ocrx_word' id='word_1_341' title='bbox 1577 4879 1807 4940; x_wconf 89' lang='lat' dir='ltr'>solum</span> <span class='ocrx_word' id='word_1_342' title='bbox 1855 4898 1989 4960; x_wconf 88' lang='lat' dir='ltr'>par</span> <span class='ocrx_word' id='word_1_343' title='bbox 2036 4877 2424 4942; x_wconf 88' lang='lat' dir='ltr'>necessitas</span> <span class='ocrx_word' id='word_1_344' title='bbox 2455 4876 2847 4963; x_wconf 90' lang='lat' dir='ltr'>quotidiani</span> <span class='ocrx_word' id='word_1_345' title='bbox 2874 4889 3221 4962; x_wconf 85' lang='lat' dir='ltr'>sumptus</span> 
     </span>
    </p>
   </div>
  </div>
 </body>
</html>
