3575 5775
1336 572 1833 630 west—³095*

312 719 739 784 atrocissime
788 721 1220 784 maledicunt
1266 739 1350 783 ac
1380 722 1763 784 traducunt
1784 769 1800 800 ,
1863 728 2137 784 tantum
2199 722 2406 784 abest
2469 729 2546 784 ut
2609 723 2868 786 vellem

314 828 571 892 Erasmi
638 827 869 909 glorie
932 838 1055 898 aut
1116 825 1418 891 nominis
1500 827 1686 892 vehi.
1812 827 2056 890 Meror
2119 823 2228 892 est
2296 827 2463 892 mihi
2530 837 2602 890 et
2660 827 2872 892 timor

312 935 375 998 in
422 935 751 1000 laudibus
800 935 973 1014 mei,
1020 933 1361 1016 gaudium
1422 953 1597 997 vero
1663 945 1734 996 et
1791 934 2136 996 securitas
2206 933 2276 998 in
2339 933 2734 998 maledictis
2799 943 2872 998 et

311 1041 781 1122 blasphemiis.
877 1039 955 1104 Si
1018 1043 1200 1105 haec
1250 1050 1411 1103 sunt
1459 1040 1757 1104 Erasmo
1806 1039 2184 1120 mirabilia,
2250 1040 2422 1105 nihil
2469 1041 2708 1123 mirer,
2771 1042 2866 1106 di-

310 1159 452 1210 scat
498 1147 889 1228 Christum,
940 1159 1013 1211 et
1058 1146 1463 1210 malefaciat
1528 1149 1882 1210 humanae
1948 1147 2412 1229 prudentiae,
2485 1156 2557 1210 et
2621 1169 2870 1212 verum

312 1254 557 1316 sentiet
606 1275 765 1317 esse
812 1256 1004 1337 quod
1054 1255 1237 1320 dico.
1320 1255 1669 1318 Dominus
1702 1255 1900 1318 illum
1942 1257 2170 1320 iuvet:
2221 1276 2380 1319 eum
2411 1255 2622 1320 etiam
2657 1255 2868 1320 alium

310 1361 515 1424 faciat
564 1361 791 1426 virum
840 1383 932 1425 ex
955 1362 1275 1442 Erasmo,
1324 1372 1396 1425 et
1444 1382 1691 1425 omnes
1737 1382 1872 1424 nos
1919 1361 2126 1424 simul
2161 1371 2420 1442 servet,
2471 1371 2543 1426 et
2575 1374 2868 1444 augeat;

312 1470 438 1531 hoc
483 1477 657 1550 opto
707 1489 800 1532 ex
846 1468 1119 1549 animo,
1193 1478 1529 1550 quantum
1580 1469 1886 1532 donatur
1933 1477 2208 1552 optare.
2304 1468 2487 1532 Vale
2549 1469 2644 1532 mi
2691 1468 2868 1533 Con·

310 1577 507 1656 rade,
554 1585 627 1640 et
672 1575 1061 1656 Erasmum,
1110 1575 1171 1638 si
1217 1576 1503 1658 patitur,
1563 1577 1794 1638 saluta
1840 1575 2126 1639 nomine
2176 1596 2364 1650 me03
2414 1575 2592 1640 nihil
2636 1576 2708 1640 in
2755 1597 2869 1640 me

314 1691 413 1744 est
439 1683 696 1764 asperi,
744 1684 873 1746 sed
905 1703 1121 1745 verae
1154 1682 1707 1762 misericordiae,
1756 1702 1967 1764 quam
1997 1682 2057 1745 si
2089 1683 2498 1763 contemnit,
2543 1694 2614 1746 et
2639 1682 2870 1765 magis

314 1787 487 1852 forte
533 1799 797 1873 sperat,
848 1809 1031 1871 quae
1078 1789 1236 1871 ipse
1278 1789 1571 1873 cogitat,
1621 1789 1854 1852 libens
1891 1789 2276 1873 perdidero
2324 1799 2396 1853 et
2437 1791 2574 1852 hoc
2603 1798 2868 1854 votum.

480 1895 1052 1979 Wittembergae
1100 1897 1329 1979 prima
1378 1895 1713 1962 Octobris
1769 1917 1958 1975 15²3·

1811 2027 1967 2091 hun
2005 2027 2284 2104 lartius
2320 2028 2549 2093 nullior.

1382 2191 1650 2202 ww
1656 2191 1797 2201 vsa-ew*

914 2451 1111 2547 card.
1166 2350 1661 2568 Μοςιιῃῒᾰέἰζ
1691 2466 2038 2548 Clementi
2091 2466 2248 2549 VII.

1178 2613 1375 2688 (Epist.
1409 2613 1723 2688 principum
1757 2615 1830 2673 11.
1867 2615 1995 2688 115.)

1235 2731 1309 2801 (9.
1347 2733 1659 2783 Decembris
1706 2734 1878 2797 1523.)

482 2865 699 2933 Orbis
744 2865 1126 2931 Christiani
1174 2866 1650 2931 calamitatem
1697 2877 1862 2950 post
1908 2866 1999 2931 fe.
2049 2888 2148 2931 re.
2197 2867 2499 2931 Adriani
2548 2867 2652 2931 VI
2699 2888 2869 2951 pon-

318 2972 511 3037 tificis
556 2974 845 3037 maximi
892 2973 1041 3037 fata
1089 2995 1173 3038 ac
1212 2974 2004 3038 Reverendissimorum
2063 2976 2504 3038 dominorum
2551 2996 2868 3039 meorum

322 3076 385 3143 S.
430 3081 521 3145 R.
570 3080 649 3143 E.
700 3079 1175 3145 Cardinalium
1220 3080 1293 3143 in
1348 3080 1513 3143 novi
1562 3079 1874 3144 Romani
1911 3081 2275 3145 Pontifieis
2324 3082 2672 3146 electione
2721 3082 2866 3145 diu-

320 3196 581 3251 turnam
628 3208 897 3251 moram
943 3208 1029 3250 ac
1076 3187 1815 3270 procrastinationem,
1864 3190 2191 3251 dolenter
2243 3209 2518 3252 mecum
2566 3189 2868 3253 subinde

322 3294 537 3359 animo
596 3296 1013 3375 revolvenS,
1084 3306 1567 3377 quantumque
1628 3295 1702 3358 in
1748 3316 1979 3378 nuper
2036 3304 2453 3379 expugnata
2514 3304 2867 3377 captaque

321 3398 532 3465 insula
576 3403 798 3466 Rodo
860 3402 1333 3484 perfidissimo
1384 3402 1761 3467 Christiani
1823 3402 2126 3466 nominis
2194 3401 2379 3465 hosti
2429 3403 2868 3467 ‘surcharum

324 3518 611 3588 tyranno
660 3509 911 3573 virium
962 3509 1365 3590 accesserit,
1417 3518 1487 3572 et
1532 3508 1807 3572 miseris
1857 3508 2277 3573 christicolis
2309 3508 2568 3571 mutuis
2603 3510 2676 3572 in
2710 3530 2868 3573 sese

324 3616 528 3679 versis
576 3616 791 3680 armis
853 3628 925 3679 et
970 3615 1256 3698 iugibus
1304 3615 1947 3680 conflictationibus
1994 3616 2263 3680 iacture
2324 3624 2395 3679 et
2441 3616 2869 3680 incommodi

324 3718 575 3787 illatum
622 3724 741 3802 sit,
789 3731 860 3787 et
906 3724 1213 3805 denique
1262 3742 1473 3804 quam
1521 3744 1563 3787 a
1610 3722 1818 3786 nobis
1865 3722 2037 3805 ipsis
2085 3721 2701 3804 perniciosissimis
2749 3744 2866 3786 no-

326 3830 743 3893 novitatibus
808 3830 1384 3911 luthereanisque
1431 3830 1801 3894 heresibus
1867 3850 2008 3893 non
2057 3829 2284 3893 minus
2341 3828 2717 3892 infeliciter
2782 3849 2865 3892 ac

327 3938 689 4001 crudeliter
752 3936 984 3999 anime
1050 3958 1261 4018 quam
1308 3958 1351 3999 a
1397 3935 1675 4018 perfido
1720 3937 1928 4001 hoste
1977 3936 2261 3999 Thurca
2326 3934 2868 3998 christianorum

328 4060 608 4124 corpora
654 4044 1047 4126 perdantur
1093 4044 1644 4125 iugulenturque
1692 4044 2169 4126 perpendenS,
2219 4040 2747 4105 Beatitudinem
2778 4040 2864 4105 V.
2972 4022 2980 4035 ⁸

329 4168 365 4209 a
392 4149 537 4213 Deo
578 4149 847 4231 optimo
884 4150 1191 4213 maximo
1226 4150 1641 4213 mortalibus
1672 4149 2092 4214 Pontificem
2124 4148 2588 4230 prestandum
2619 4150 2865 4211 arden·

327 4253 589 4321 tissimis
636 4257 826 4321 votis
866 4258 1369 4340 postulandum
1400 4257 1601 4337 duxi,
1645 4267 1840 4319 ratus
1884 4258 1983 4320 ita
2015 4258 2452 4337 complorate
2487 4254 2870 4319 christiane

329 4360 697 4445 reipublice
761 4384 806 4428 a
850 4364 1128 4445 superis
1176 4366 1572 4427 consultum
1635 4364 1757 4444 iri,
1830 4364 2124 4446 darique
2185 4384 2318 4445 pro
2381 4362 2870 4445 magnitudine

331 4468 522 4532 animi
578 4470 799 4534 vestri
860 4492 942 4533 ac
992 4470 1393 4535 incredibili
1450 4492 1683 4534 rerum
1748 4472 2224 4551 gerendarum
2293 4470 2722 4535 dexteritate
2785 4490 2869 4533 ac

332 4577 853 4653 prudentissimo
917 4578 1179 4642 iudicio
1227 4577 1507 4641 virtutis
1556 4598 1681 4641 sue
1731 4578 2147 4641 illustrande
2197 4576 2563 4641 materiam
2626 4576 2685 4640 si
2731 4598 2869 4641 ma-

332 4680 538 4748 ximus
584 4706 665 4749 ac
713 4684 1137 4748 fortissimus
1182 4685 1292 4748 vir
1340 4692 1411 4750 et
1456 4684 1874 4767 pontificatu
1924 4683 2379 4765 dignissimus
2426 4683 2869 4765 periculosis-

335 4787 504 4853 simis
550 4802 620 4855 et
666 4790 1109 4873 gravissimis
1140 4795 1354 4855 rebus
1403 4792 1659 4873 quibus
1708 4791 1902 4855 orbis
1931 4791 2304 4853 universus
2352 4801 2462 4854 est
2489 4788 2870 4873 implicitus

337 4895 671 4963 obiiceret.
748 4900 933 4962 Dum
982 4901 1115 4962 hec
1162 4898 1468 4962 meditor
1516 4908 1587 4961 et
1633 4897 1940 4961 iamiam
1990 4918 2186 4960 mora
2232 4898 2390 4979 ipsa
2428 4898 2499 4960 in
2533 4897 2867 4981 eligendo
