3575 5775
1669 572 2127 632 0-43368>-0

611 724 778 803 siae,
831 724 1024 805 cujus
1055 724 1262 787 nobis
1303 744 1394 786 ex
1444 744 1572 786 sua
1618 724 1684 785 in
1741 722 2182 803 Imperatore
2234 717 2583 781 electione
2634 716 2763 780 sibi
2816 736 3175 797 compara-

609 833 730 911 vit,
781 833 850 895 in
888 834 1378 894 mandatorum
1427 840 1827 893 nostrorum
1860 828 2098 891 debita
2150 826 2574 889 executione
2623 825 3047 906 prestisisse,
3096 844 3179 885 ac

602 941 804 1021 juxta
854 960 1052 1020 spem
1104 946 1416 1001 nostram
1464 938 1883 1019 precipuum
1929 934 2097 998 fidei
2146 933 2545 996 catholicae
2594 931 3045 994 defensorem
3102 951 3177 992 se

611 1047 1021 1109 exhibuisse
1072 1055 1142 1108 et
1189 1055 1528 1127 quantum
1578 1045 1648 1106 in
1701 1064 1786 1105 ea
1834 1042 1967 1104 fuit
2014 1041 2081 1103 in
2133 1042 2327 1104 nulla
2376 1060 2453 1101 re
2503 1039 2815 1101 defuisse
2850 1059 2990 1121 quo
3024 1039 3178 1119 ipse

609 1153 958 1215 Martinus
1005 1152 1458 1233 resipisceret
1506 1161 1576 1213 et
1625 1153 1717 1213 ad
1765 1148 1952 1212 viam
2004 1146 2325 1227 veritatis
2367 1145 2654 1225 rediret,
2702 1155 2915 1226 prout
2948 1155 3020 1207 et
3053 1166 3180 1207 nos

610 1262 876 1323 nullum
938 1259 1250 1322 officium
1313 1258 1920 1340 praetermisimus
1982 1265 2057 1317 ut
2130 1257 2278 1337 ejus
2342 1253 2644 1315 animam
2692 1254 2850 1315 Deo
2899 1251 3177 1315 lucrifa-

611 1388 966 1447 ceremuS‚
1033 1388 1116 1429 ac
1178 1368 1275 1448 pii
1341 1386 1534 1429 more
1596 1365 1907 1447 pastoris
1956 1384 2163 1426 ovem
2213 1360 2563 1444 perditam
2612 1362 2703 1423 ad
2752 1361 3026 1422 caulam
3076 1380 3177 1421 re-

610 1478 1027 1538 duceremus
1089 1485 1160 1537 et
1219 1473 1438 1535 filium
1499 1472 1881 1555 prodigum
1930 1470 2239 1553 benigne
2288 1472 2769 1552 reciperemus
2786 1519 2803 1551 ,
2854 1470 2975 1550 qui
3023 1488 3180 1529 cum

609 1582 1028 1653 medicinam
1095 1580 1478 1644 salutarem
1546 1587 1619 1641 et
1679 1588 2051 1660 paternam
2122 1590 2434 1640 nostram
2483 1577 2940 1640 monitionem
2989 1596 3177 1657 spre-

609 1689 820 1767 verit,
872 1700 942 1751 et
976 1709 1117 1750 non
1153 1687 1379 1750 solum
1409 1708 1486 1749 se
1531 1684 2075 1766 emendaverit¹)
2120 1686 2243 1747 sed
2295 1684 2544 1766 peiora
2591 1684 2949 1765 prioribus
2997 1684 3177 1745 fece-

609 1797 698 1859 rit
750 1806 821 1859 et
849 1794 1065 1857 faciet
1097 1795 1344 1874 indieS‚
1381 1806 1453 1857 et
1499 1794 1772 1876 premio
1825 1803 1896 1857 et
1942 1813 2133 1875 pena
2180 1792 2315 1855 sibi
2364 1811 2495 1873 per
2544 1813 2674 1854 nos
2724 1791 3004 1869 oblatiS‚
3061 1810 3175 1873 pe-

611 1924 770 1965 nam
803 1903 1040 1983 potius
1082 1919 1292 1984 quam
1341 1902 1684 1983 premium
1733 1903 2024 1979 habere,
2072 1898 2471 1983 impiusque
2520 1898 2880 1961 hereticus
2916 1918 3074 1960 esse
3110 1906 3183 1958 et

611 2011 1002 2072 membrum
1070 2012 1429 2090 putridum
1489 2006 1642 2071 fieri
1710 2018 1782 2070 et
1849 2028 1890 2069 a
1952 2007 2265 2069 fidelium
2320 2006 2678 2069 consortio
2730 2005 3014 2067 excludi
3061 2024 3179 2065 vo·

611 2116 820 2179 luerit
882 2128 951 2178 et
1017 2118 1258 2197 plures
1329 2116 1506 2179 alios
1579 2116 1670 2178 ad
1740 2114 2085 2177 nefariam
2158 2123 2423 2176 sectam
2495 2132 2691 2175 suam
2764 2111 3183 2193 perduxerit

611 2244 952 2306 suumque
1014 2224 1250 2306 potius
1312 2244 1568 2287 nomen
1636 2244 1768 2304 per
1816 2222 2253 2304 impietatem
2301 2230 2371 2283 et
2418 2219 2951 2301 pervicaciam2)
3002 2221 3177 2281 cele-

611 2331 802 2393 brari
865 2352 1077 2413 quam
1127 2330 1261 2393 Dei
1316 2330 1549 2412 gloria
1605 2330 1722 2411 pie
1775 2338 1846 2391 et
1892 2328 2247 2391 humiliter
2298 2349 2373 2391 se
2422 2329 2744 2410 gerendo
2793 2324 3179 2389 collaudari

612 2438 1178 2520 praeoptaverit;
1253 2438 1401 2500 Nos
1463 2438 1692 2519 ipsum
1752 2437 2073 2517 aliosque
2122 2455 2280 2498 cum
2332 2456 2417 2498 eo
2468 2435 2815 2517 quosdam
2864 2455 2956 2496 ex
3005 2454 3181 2516 quo-

535 2582 546 2591 ·
610 2566 765 2608 rum
833 2546 1114 2627 scriptis
1177 2545 1454 2608 notorie
1519 2545 1726 2607 nobis
1789 2544 2106 2607 constitit
2151 2544 2383 2625 ipsum
2433 2543 2821 2604 Lutherum
2869 2560 2952 2602 ac
2998 2540 3181 2601 falsa

613 2655 762 2735 ejus
810 2653 1076 2735 scripta
1127 2674 1250 2716 eos
1297 2653 1516 2715 fuisse
1566 2652 1900 2731 imitatos,
1952 2660 2024 2713 et
2056 2652 2236 2713 alios
2268 2650 2340 2711 in
2371 2649 2855 2731 publicatione
2886 2648 3181 2710 aliarum

611 2761 1003 2823 litterarum
1054 2760 1520 2823 nominandos
1569 2780 1652 2822 ac
1703 2759 1882 2822 alios
1930 2758 2069 2822 illis
2117 2758 2547 2821 adherentes
2582 2757 3003 2836 illorumque
3032 2754 3179 2815 fau-

611 2878 804 2931 tores
875 2877 946 2930 et
1015 2875 1506 2949 receptatores
1577 2867 1894 2930 notorios
1972 2865 2327 2929 hereticos
2406 2884 2561 2926 esse
2642 2862 3181 2926 declaravimus.

611 2976 814 3038 Nunc
881 2996 1055 3039 vero
1123 2977 1314 3056 quod
1378 2976 1724 3058 reliquum
1789 2985 1927 3054 est,
1995 2975 2450 3037 attendentes
2498 2982 2837 3054 quantum
2885 2971 3183 3053 periculi

613 3084 980 3146 catholicis
1046 3084 1372 3145 omnibus
1434 3082 1801 3146 imminere
1864 3093 2080 3164 atque
2147 3081 2475 3144 accidere
2538 3089 2783 3162 posset
2836 3080 2928 3160 si,
2992 3079 3182 3160 quod

612 3191 820 3270 absit,
871 3191 1112 3251 debita
1160 3189 1552 3252 litterarum
1605 3201 1676 3252 et
1725 3190 2125 3252 sententiae
2174 3188 2692 3250 declaratoriae
2742 3198 3029 3249 nostrae
3061 3188 3181 3248 hu-

606 3297 908 3378 jusmodi
961 3297 1291 3360 executio
1344 3296 1753 3377 diferretur‚
1820 3297 2106 3379 cujusve
2158 3295 2346 3358 modi
2396 3295 2895 3357 detrimentum
2944 3313 3180 3355 succe·

612 3405 814 3465 deret
883 3403 940 3466 si
1001 3424 1199 3466 mora
1262 3403 1584 3484 quamvis
1636 3423 1864 3485 parva
1910 3403 2487 3484 interponeretur
2535 3420 2674 3483 quo
2743 3401 2972 3463 minus
3037 3421 3181 3462 cre-

612 3511 838 3573 scenti
873 3511 1058 3591 pesti
1089 3531 1171 3573 ac
1222 3514 1472 3574 morbo
1513 3511 1982 3574 invalescenti
2016 3521 2513 3574 occurreretur
2542 3529 2697 3572 cum
2733 3509 2924 3591 quod
2960 3507 3181 3569 nostri

611 3618 829 3680 officii
879 3629 1033 3680 erat
1081 3618 1151 3680 id
1202 3619 1649 3682 considerate
1698 3639 1781 3680 ac
1833 3617 2215 3698 diligenter
2257 3638 2389 3698 per
2421 3637 2551 3679 nos
2584 3615 2796 3678 fuerit
2828 3613 3181 3695 effectum,

612 3725 957 3808 siquidem
1008 3745 1256 3788 sacrae
1304 3726 1714 3807 theologiae
1762 3745 1847 3787 ac
1895 3725 2261 3806 utriusque
2300 3725 2477 3806 juris
2526 3723 3057 3806 professoribus
3110 3723 3179 3784 in

613 3833 980 3895 consilium
1031 3834 1304 3895 vocatis
1351 3854 1435 3895 ac
1484 3838 1698 3896 rebus
1748 3833 2075 3894 omnibus
2124 3853 2265 3895 una
2314 3852 2471 3894 cum
2519 3831 2861 3893 fratribus
2922 3829 3182 3893 nostris

613 3940 993 4022 diligenter
1043 3940 1364 4004 excussis
1414 3952 1484 4003 et
1534 3939 1990 4019 examinatiS,
2048 3939 2354 4023 praefati
2402 3938 2691 4001 Martini
2742 3939 3030 4020 ejusque
3080 3957 3180 3999 se-

611 4049 940 4128 quacium
1006 4048 1226 4111 falsos
1289 4069 1372 4110 ac
1438 4048 1879 4111 damnabiles
1930 4067 2209 4109 errores
2259 4045 2749 4108 damnavimus
2799 4065 3183 4126 eorumque

610 4166 940 4217 auctores
1008 4155 1203 4237 ipsos
1271 4165 1606 4237 tanquam
1676 4155 2038 4217 morbidas
2102 4156 2416 4236 pecudes
2466 4175 2554 4216 ne
2612 4163 2835 4215 totum
2885 4173 3183 4234 gregem

613 4273 1151 4343 corrumperent
1199 4263 1630 4325 exclusimus
1694 4283 1776 4324 ac
1847 4282 2185 4324 censuras
2244 4282 2326 4323 ac
2390 4281 2614 4342 penas
2663 4259 3187 4322 ecclesiasticas

613 4369 1195 4432 denunciavimus
1252 4371 1468 4451 priuS,
1529 4371 1790 4432 deinde
1843 4369 2053 4432 etiam
2120 4369 2505 4432 infliximus
2577 4369 2793 4444 ade0,
2865 4376 2943 4429 ut
3013 4366 3185 4428 nihil

613 4496 988 4557 superesse
1048 4477 1375 4540 videatur
1424 4477 1554 4539 nisi
1604 4487 1680 4539 ut
1729 4497 2025 4559 quorum
2076 4487 2184 4540 est
2231 4478 2409 4539 haec
2458 4484 2780 4557 potestas
2828 4477 3185 4552 mandata,

613 4583 683 4644 hi
733 4593 974 4646 nostra
1027 4583 1430 4647 executioni
1483 4584 1770 4647 debitae
1818 4585 2139 4649 mandari
2190 4593 2609 4666 procurent,
2659 4593 2895 4645 mente
2944 4593 3187 4644 nostra

613 4694 1067 4754 revolventes
1117 4693 1466 4754 neminem
1517 4711 1609 4753 ex
1659 4691 1987 4754 omnibus
2034 4691 2331 4770 regibus
2379 4711 2463 4752 ac
2512 4689 2958 4770 principibus
3010 4687 3185 4750 chri·

613 4799 743 4806 *-

659 4840 702 4891 ¹)
759 4837 1004 4882 Fortasse
1043 4851 1133 4894 „se
1173 4851 1277 4884 non
1317 4836 1728 4887 emendaverit“.

652 4911 694 4984 2)
753 4919 814 4963 ln
855 4933 948 4964 msa
987 4915 1182 4978 legitur
1215 4919 1550 4982 provinciam
1589 4917 1680 4964 sed
1721 4931 1957 4964 erronee.
