3575 5775
1511 526 1630 581 o-<3
1710 525 1849 583 VIII
1924 525 2041 581 8>0

515 678 696 740 Acta
733 672 1260 739 Wormacziensia
1296 672 1662 752 Alcandri,
1711 671 1846 735 nisi
1880 671 2064 753 talis,
2112 670 2412 735 inveniri
2441 681 2703 754 posset.
2797 670 3071 735 Etenim

515 784 682 848 dum
729 782 1076 865 epistolae
1108 782 1525 845 lutheranae
1572 800 1703 846 nec
1750 778 2153 863 vestigium,
2203 798 2335 842 nec
2381 778 2669 860 minuta,
2718 799 2849 843 nec
2888 788 3071 841 tran-

515 888 809 973 scriptio
859 890 1046 953 inter
1092 886 1456 972 pontificia
1499 896 1957 970 monumenta
2004 886 2401 969 exhibetur,
2449 886 2655 949 huius
2702 886 3071 949 vaticanae

515 1005 756 1060 textus
804 994 1131 1059 officialis
1178 995 1363 1059 inter
1413 1003 1571 1057 acta
1617 994 1898 1057 sincera
1968 992 2203 1056 dietae
2250 990 2830 1075 Wormatiensis,
2891 994 3075 1057 inter

515 1100 986 1165 sincerissima
1017 1084 1313 1165 Concilii
1344 1098 1739 1164 Tridentini
1771 1109 2225 1164 monumenta
2270 1098 2339 1162 in
2373 1099 2739 1166 secretiori
2770 1098 3074 1168 Sanctae

517 1206 729 1273 Sedis
775 1208 1126 1273 tabulario
1176 1206 1502 1272 omnibus
1548 1212 1767 1289 patet.

695 1315 904 1397 Quod
951 1316 1012 1380 si
1061 1336 1192 1378 nec
1239 1317 1419 1379 haec
1467 1323 1888 1395 argumenta
1934 1312 2327 1395 sufficiunt,
2392 1314 2701 1377 addatur
2762 1324 2834 1378 et
2880 1316 3075 1397 illud,

516 1424 706 1505 quod
754 1426 847 1486 ab
895 1422 1316 1489 auctoritate
1363 1440 1813 1488 romanorum
1860 1421 2283 1503 scriptorum
2330 1420 2614 1485 eruitur.
2726 1421 2820 1485 Iis
2888 1422 3075 1486 enirn

521 1528 808 1593 omnino
854 1529 1105 1611 ignota
1149 1528 1283 1596 fuit
1330 1529 1726 1608 lutherana,
1774 1538 1947 1591 nota
2006 1528 2337 1591 vaticana
2396 1548 2577 1610 quae
2642 1531 2893 1610 procul
2958 1529 3077 1591 du-

517 1636 640 1701 bio
685 1634 982 1700 strictim
1016 1656 1059 1699 a
1091 1654 1362 1699 coaevo
1411 1632 1842 1698 narratiom's
1886 1633 2088 1697 z'm‘bt'z
2123 1635 2627 1721 reformatiom's
2673 1644 2962 1701 auctore
3009 1646 3082 1700 et

517 1746 610 1809 ab
655 1742 815 1825 ipso
864 1742 1226 1810 Cardinali
1273 1741 1718 1809 Pallavicino
1781 1740 2107 1824 refertur,
2156 1762 2367 1825 quum
2435 1764 2563 1808 nec
2626 1744 2780 1827 ipse
2843 1742 3072 1807 Cardi-

519 1850 700 1915 nal-is
747 1842 880 1914 nec
928 1850 1196 1914 Paulus
1241 1848 1456 1933 Sarpi
1507 1850 1925 1913 lutheranae
1974 1850 2387 1914 meminerit.

697 1955 843 2021 Sed
875 1976 1225 2040 quaenam
1273 1976 1490 2021 causa
1531 1954 1687 2037 fuit,
1737 1976 1880 2039 cur,
1934 1956 2236 2039 epistola
2281 1956 2611 2022 vaticana
2650 1956 2834 2023 inter
2862 1978 3081 2041 opera

520 2065 814 2129 Lutheri
861 2062 1148 2144 omissa,
1227 2065 1415 2127 adsit
1491 2064 1632 2127 alia
1699 2082 1833 2127 nec
1900 2064 2178 2127 sincera
2254 2052 2337 2127 et*
2396 2065 2681 2129 omnino
2759 2064 3081 2128 diversa?

521 2170 733 2241 Nulla
779 2180 972 2237 certe
1019 2171 1108 2250 in·
1140 2171 1490 2237 Romanis
1535 2170 2003 2254 scriptoribus
2030 2171 2253 2237 huius·
2266 2170 2784 2237 substitutionis
2828 2172 3082 2237 adesse

522 2287 806 2360 poterat
836 2278 1017 2343 ratio
1047 2302 1064 2356 ς
1115 2279 1308 2360 quod
1329 2277 1550 2343 facile
1599 2278 1856 2359 cuique
1901 2278 2179 2360 patebit
2222 2278 2603 2342 dummodo
2652 2288 2857 2342 tenor
2905 2279 3079 2362 epis-

521 2386 713 2449 tolae
761 2386 1207 2466 lutheranae,
1258 2384 1566 2469 demptis
1633 2384 2315 2449 contradictionibus
2333 2434 2351 2466 ,
2414 2404 2797 2469 parumper
2862 2384 3083 2449 consi-

524 2491 854 2566 deretur;
916 2512 1060 2557 non
1121 2492 1310 2569 enim
1376 2490 1448 2557 in
1512 2492 1669 2574 ipsa
1731 2493 2088 2558 habentur
2151 2512 2333 2574 quae
2381 2513 2424 2556 a
2472 2492 2840 2555 catholicis
2887 2491 3074 2555 reici·

521 2609 764 2671 antur:
813 2619 968 2666 cum
1018 2599 1192 2667 nulli
1239 2620 1464 2681 usque
1510 2601 1648 2662 huc
1696 2597 1966 2665 homini
2009 2598 2361 2663 catholico
2409 2608 2533 2662 aut
2580 2602 2673 2663 ob
2722 2598 3083 2663 doctrinas

525 2704 754 2769 minus
790 2704 1320 2787 convenienteS,
1345 2715 1476 2771 aut
1520 2708 1614 2770 ob
1661 2706 1925 2789 stylum
1970 2706 2319 2772 incertum
2366 2706 2653 2769 dubium
2686 2705 3085 2788 ingesserit,

523 2831 652 2875 nec
710 2812 1079 2892 doctrinae
1139 2812 1471 2877 diversae
1537 2812 1676 2877 sint
1737 2813 1812 2880 in
1871 2812 2245 2877 lutherana
2308 2833 2518 2896 quam
2579 2812 2649 2875 in
2719 2812 3081 2884 vaticana:

521 2920 664 2985 alia
711 2940 886 3006 ergo
935 2932 1006 2984 et
1053 2921 1128 2986 in
1173 2921 1329 2989 aliis
1377 2921 1897 2986 substitutionis
1944 2940 2160 2986 causa
2198 2930 2583 3002 quaeratur
2616 2939 2907 2983 necesse
2955 2930 3081 2984 est.

701 3028 782 3095 In
849 3029 1180 3097 vaticana
1236 3029 1539 3112 epistola
1585 3029 1880 3094 nonulla
1927 3037 2089 3092 sunt
2136 3047 2321 3110 quae
2368 3027 2439 3090 in
2485 3030 2859 3092 lutherana
2905 3027 3082 3090 desi-

524 3137 886 3216 derantur,
935 3157 1258 3220 quaeque
1299 3137 1538 3200 omnia
1569 3135 2009 3202 Fridericum
2056 3133 2418 3198 Saxonem
2462 3155 2797 3218 magnum
2831 3134 3083 3198 Luthe-

524 3242 812 3310 ranismi
890 3254 1272 3325 patronum
1353 3241 1764 3324 respiciunt.
1886 3243 2071 3307 Dum
2137 3243 2511 3306 lutherana
2570 3261 2706 3322 pro
2770 3251 2965 3305 certo
3014 3250 3087 3304 et

525 3327 742 3416 firmo
773 3349 980 3432 ponit
1024 3350 1254 3434 ipsum
1288 3347 1572 3414 omnino
1621 3357 1694 3414 et
1739 3368 2023 3430 semper
2064 3348 2419 3414 infensum
2468 3349 2783 3412 Luthero
2828 3347 3084 3422 fuisse;

527 3455 857 3521 vaticana
904 3476 1062 3520 eum
1117 3465 1520 3538 patronum,
1565 3455 1949 3537 fautorem,
1994 3455 2299 3520 amicum
2342 3454 2637 3519 Lutheri
2684 3455 3089 3527 confirmat:

528 3563 859 3645 quodque
891 3561 1284 3646 ‚plurimum
1332 3562 1576 3642 refert,
1625 3563 1788 3627 dum
1819 3563 2193 3626 lutherana
2226 3582 2358 3626 nec
2390 3563 2771 3644 vestigium
2802 3565 3088 3644 quidem

525 3669 884 3735 minimum
929 3667 1474 3754 promissionum
1505 3669 1726 3734 Ducis
1775 3669 2182 3735 executioni
2231 3681 2303 3734 et
2330 3669 2542 3733 factis
2574 3670 3089 3734 contrariarum

527 3776 756 3857 affert,
789 3776 1120 3842 vaticana
1168 3776 1558 3843 earundem
1577 3775 2125 3860 promissionum
2150 3776 2639 3858 reminiscitur,
2670 3779 2960 3842 easdem
2984 3797 3091 3842 re-

527 3885 688 3964 fert,
722 3893 794 3948 et
818 3882 1182 3970 Friderico
1209 3892 1376 3948 ante
1399 3885 1643 3949 oculos
1667 3903 1801 3948 ceu
1826 3883 2232 3948 testimonia
2256 3883 2569 3947 violatae
2589 3883 2757 3948 fidei
2778 3883 3089 3949 obiicere

527 4011 670 4054 non
701 4003 1008 4055 veretur.
1081 3989 1243 4055 Non
1279 3992 1556 4069 acerbe,
1587 4010 1730 4056 non
1763 3990 2043 4070 acriter,
2076 3990 2202 4054 sed
2235 3989 2579 4054 indirecte
2612 3992 3092 4074 suavibusque

527 4097 756 4161 modis
781 4099 958 4162 haec
990 4096 1204 4170 fiunt;
1255 4096 1354 4163 ita
1385 4106 1622 4160 tamen
1648 4107 1725 4163 ut
1747 4116 1878 4160 nec
1904 4095 1961 4158 F
1966 4095 2251 4162 rideri'ci-
2280 4096 2583 4179 gloriam
2612 4107 2923 4181 augeant
2960 4119 3090 4163 nec

527 4202 748 4286 ipsius
793 4204 1008 4268 animi
1055 4191 1600 4286 germanitatem
1645 4214 1720 4266 et
1766 4203 2215 4269 nobilitatem
2260 4207 2663 4270 ostendant.

707 4309 855 4373 Leo
925 4309 1238 4375 virtutes.
1283 4309 1823 4393 progenitorum
1870 4309 1929 4374 F
1934 4310 2217 4375 riderici
2292 4323 2647 4393 recenset,
2715 4331 2959 4376 eorum
3019 4313 3089 4377 in

531 4415 868 4481 Sanctam
917 4415 1178 4482 Sedem
1227 4416 1680 4482 devotionem
1728 4418 2198 4502 singularem,
2262 4422 2487 4484 zelum
2532 4420 2602 4483 in
2649 4419 2865 4484 variis
2912 4421 3089 4484 Boe-

531 4543 799 4587 morum
849 4523 1422 4588 contentionibus
1471 4511 1893 4597 exhibitum:
1942 4526 2451 4608 promissorum
2497 4525 2786 4609 pietatis
2830 4539 2902 4592 et
2930 4547 3090 4591 con-

529 4630 833 4695 stantiae
880 4626 1426 4695 redun'dantium
1474 4631 1812 4712 meminit,
1862 4652 2044 4714 quae
2093 4633 2456 4698 Cardinali
2505 4632 2845 4697 Caietano
2890 4654 3090 4716 prae-

530 4737 808 4801 stiterat
854 4737 1024 4800 Dux
1073 4757 1426 4818 quaeque,
1477 4737 1740 4802 iamdiu
1787 4741 1882 4802 ab
1929 4739 2087 4821 ipso
2137 4739 2495 4806 Cardinali
2544 4739 2879 4805 Romano
2912 4740 3092 4804 Pon·

531 4843 704 4920 tifici
752 4846 1044 4925 relatae,
1094 4843 1424 4908 ferebant
1473 4845 1745 4908 Ducem
1794 4845 2027 4930 ipsum
2074 4846 2427 4910 hominem
2459 4845 2677 4928 illum,
2708 4847 3091 4913 Martinum
