3575 5775
1285 613 1424 668 *43
1508 615 1606 667 193
1683 611 1802 666 ΕΗ

1512 919 1616 985 74.

945 1038 1366 1117 Aloander
1421 1034 2167 1116 vicecancellariO.

1067 1167 1350 1231 (nunciat.
1387 1165 1640 1226 German.
1677 1165 1737 1222 L.
1775 1163 1868 1223 fol.
1904 1165 2037 1236 192.)

1271 1266 1378 1336 (27.
1419 1269 1624 1332 Aprilis
1673 1267 1848 1332 1521.)

453 1395 922 1458 Scrivessimo
988 1395 1338 1456 communi
1405 1415 1612 1456 manu
1681 1415 1722 1454 a
1771 1393 2035 1455 Vostra
2085 1391 2421 1475 Signoria
2467 1393 2835 1455 Reveren-

293 1501 562 1564 dissima
608 1525 652 1565 a
701 1505 767 1564 dl
805 1502 998 1564 XIX
1050 1502 1120 1563 di
1171 1511 1422 1582 questo
1474 1502 1661 1563 della
1709 1510 1914 1562 santa
1964 1508 2033 1561 et
2082 1499 2639 1562 laudabilissima
2670 1499 2835 1563 deli-

296 1610 644 1672 beratione
695 1609 765 1670 di
817 1609 1071 1688 Cesar,
1139 1611 1209 1672 la
1257 1611 1421 1691 qual
1471 1609 1718 1671 scritta
1765 1609 1833 1669 di
1888 1607 2032 1669 Sua
2084 1628 2289 1670 mano
2338 1609 2569 1670 havea
2615 1607 2835 1689 publi·

294 1727 440 1778 cata
485 1717 601 1778 alli
647 1716 975 1798 principi,
1028 1737 1166 1779 non
1217 1738 1432 1779 senza
1478 1718 1752 1800 grande
1802 1715 2215 1794 anteveder,
2266 1715 2464 1776 accio
2516 1716 2644 1777 che
2686 1717 2837 1776 loro

291 1823 549 1886 fussero
598 1824 972 1906 prevenuti
1015 1824 1084 1886 di
1130 1845 1268 1886 non
1315 1823 1713 1886 deliberare
1745 1825 2167 1885 altramente
2217 1825 2347 1884 che
2383 1820 2528 1884 Sua
2560 1821 2839 1884 Maesta

291 1931 552 1993 haveva
597 1931 798 1994 fatto.
877 1933 936 1993 Il
985 1933 1116 1994 che
1165 1933 1413 1994 invero
1447 1931 1833 1993 benissimo
1868 1929 2215 1993 succedea
2264 1929 2525 2010 perche
2560 1930 2607 1992 11
2641 1930 2834 1990 Prin·

291 2036 422 2118 cipi
469 2041 702 2120 quello
751 2039 1136 2102 medesimo
1187 2038 1440 2119 giorno
1500 2039 1685 2100 intra
1733 2057 1811 2100 se
1860 2037 2065 2098 stessi
2115 2039 2527 2099 conclusero
2576 2037 2645 2098 in
2698 2057 2835 2098 orn·

295 2143 489 2208 nibus
536 2145 736 2227 sequi
786 2147 1223 2208 voluntatem
1273 2145 1584 2222 Cesaris,
1647 2143 1704 2206 si
1754 2165 1953 2205 corne
2004 2146 2069 2204 el
2118 2144 2561 2206 Treverense
2611 2165 2741 2226 per
2787 2143 2836 2206 il

292 2271 410 2311 suo
456 2251 757 2314 officiale
821 2252 884 2314 ci
935 2252 1090 2314 fece
1143 2253 1592 2324 dechiarare;
1667 2273 1779 2313 ma
1830 2271 1920 2312 un
1972 2271 2205 2313 nuovo
2257 2271 2423 2313 caso
2488 2273 2716 2314 messe
2765 2252 2833 2314 in

291 2378 454 2438 gran
517 2359 1010 2442 perturbation
1059 2359 1106 2420 il
1156 2369 1373 2439 tutte,
1449 2359 1710 2441 perche
1762 2359 2000 2439 quella
2046 2358 2428 2420 medesima
2487 2368 2684 2421 notte
2734 2380 2828 2421 se·

292 2476 532 2545 quante
597 2466 644 2528 11
695 2465 1082 2529 Lutherani
1149 2465 1206 2528 si
1275 2487 1402 2547 per
1467 2466 1943 2546 grandissimo
2011 2465 2286 2547 sdegno
2351 2475 2677 2528 concetto
2746 2467 2837 2530 da

291 2583 522 2651 questo
570 2576 775 2636 voler
823 2574 891 2635 di
942 2571 1232 2653 Cesare,
1284 2593 1484 2635 come
1533 2592 1663 2653 per
1711 2581 1967 2634 metter
2016 2593 2238 2654 paura
2287 2574 2405 2636 alli
2455 2575 2836 2637 orthodoxi

291 2681 412 2742 che
471 2703 608 2744 non
673 2682 1197 2763 procedesseno
1261 2682 1403 2742 alla
1463 2679 1885 2742 executione
1949 2688 2358 2743 attaccorno
2423 2683 2565 2744 alla
2628 2691 2837 2763 porta

292 2787 464 2849 della
510 2788 692 2850 Casa
741 2789 1124 2851 Commune
1185 2787 1257 2849 di
1306 2796 1556 2868 questa
1606 2785 1772 2847 citta
1839 2794 1909 2848 et
1956 2786 2025 2848 in
2076 2787 2309 2849 alcuni
2373 2787 2532 2849 altri
2591 2789 2835 2869 luoghi

290 2896 537 2974 publici
587 2905 840 2977 questa
887 2898 1178 2958 scedula
1213 2896 1402 2957 della
1449 2895 1614 2975 qual
1655 2894 2031 2956 mandamo
2081 2895 2148 2956 la
2197 2894 2423 2975 copia,
2476 2898 2605 2959 che
2637 2906 2831 2958 certo

291 3023 360 3063 se
407 3004 698 3067 havesse
747 3006 1015 3066 havuto
1064 3002 1529 3066 fundamento
1577 3022 1772 3080 vem,
1824 3002 2126 3063 sarebbe
2160 3003 2375 3063 molto
2410 3002 2831 3083 pericolosa,

291 3110 536 3188 perche
585 3112 822 3191 quelle
871 3120 978 3173 tre
1030 3108 1308 3172 dittioni
1358 3108 1746 3171 alemanice
1796 3108 2251 3189 sottoscritte,
2302 3110 2433 3171 che
2483 3131 2620 3171 non
2657 3131 2831 3172 sono

289 3217 582 3279 tradutte
631 3218 702 3279 in
753 3218 995 3296 latin0,
1047 3216 1464 3298 significano
1515 3214 2097 3279 acclamationem
2146 3226 2217 3278 et
2265 3220 2662 3299 symbolum
2712 3240 2829 3301 po-
2925 3206 2934 3216 ⁸

288 3324 424 3402 puli
473 3327 560 3387 ad
605 3347 802 3389 arma
855 3334 1104 3387 contra
1151 3323 1475 3386 dominos
1526 3333 1597 3385 et
1641 3323 1979 3385 maiores:
2034 3332 2105 3385 et
2153 3322 2372 3385 dicesi
2422 3324 2552 3386 6116
2596 3327 2833 3405 quella

289 3433 655 3495 medesima
706 3443 902 3495 notte
968 3434 1058 3494 da
1107 3453 1247 3493 uno
1296 3432 1370 3493 fu
1421 3431 1692 3493 cridato
1743 3440 1995 3511 questa
2043 3433 2183 3493 tale
2232 3450 2410 3493 voce
2474 3452 2604 3513 per
2651 3440 2834 3495 tutta

291 3538 350 3598 la
394 3549 610 3620 terra,
686 3542 773 3603 ne
823 3542 997 3621 pero
1055 3540 1130 3602 fu
1180 3538 1361 3601 fatto
1412 3539 1665 3625 alcuno
1727 3548 1916 3601 moto
1934 3587 1951 3619 ,
2025 3538 2259 3601 donde
2325 3540 2381 3603 si
2430 3550 2599 3622 pote
2650 3564 2829 3604 com-

291 3647 623 3723 prendere
693 3649 824 3708 che
873 3649 943 3709 la
990 3646 1482 3709 coniuratione*
1527 3666 1668 3707 non
1734 3648 1831 3707 ha
1884 3654 2081 3707 tanto
2130 3646 2612 3711 fundamento.
2714 3650 2829 3711 Ut-

288 3770 568 3833 cumque
629 3774 772 3816 uno
834 3754 907 3815 di
971 3752 1202 3834 questi
1249 3752 1564 3833 Principi
1626 3772 1668 3814 a
1717 3750 1831 3814 chi
1879 3752 1996 3833 piu
2061 3754 2383 3833 pet-tiene
2444 3756 2831 3819 defendere

287 3868 526 3936 questa
587 3881 832 3939 causa,
911 3870 1116 3942 parte
1167 3881 1296 3942 per
1357 3854 1485 3922 sua
1546 3870 1797 3922 natura
1846 3869 2105 3941 troppo
2171 3862 2525 3941 modesta,
2595 3884 2635 3923 o
2698 3882 2832 3944 pur

289 3962 552 4046 timida,
601 3976 806 4049 parte
852 3987 984 4049 per
1032 3967 1346 4030 conselio
1396 3968 1466 4029 di
1517 3967 1702 4049 suoi,
1767 3966 1815 4029 li
1863 3967 2053 4049 quali
2102 3968 2197 4029 ha
2244 3966 2313 4029 in
2365 3989 2529 4030 casa
2578 3969 2829 4031 Luthe-

291 4072 452 4153 rani,
503 4073 673 4137 velit
721 4074 927 4155 nolit,
987 4083 1059 4137 et
1106 4074 1297 4156 quali
1347 4073 1732 4136 dubitiamo
1782 4075 2005 4135 havet
2055 4073 2191 4135 essi
2244 4075 2603 4137 medesimi
2651 4076 2830 4138 fatto

289 4180 376 4239 tal
421 4182 743 4262 scedula,
802 4180 878 4244 fu
925 4202 1157 4245 messo
1207 4181 1275 4244 in
1326 4182 1426 4243 tal
1473 4202 1698 4263 paura
1761 4181 1891 4243 che
1942 4181 2201 4243 mando
2251 4190 2416 4243 ante
2464 4182 2692 4244 lucem
2740 4183 2831 4244 ad

292 4284 674 4370 Caesarem,
724 4290 816 4351 ad
865 4288 1042 4351 alios
1077 4288 1443 4369 Principes
1493 4297 1564 4351 et
1606 4289 1698 4350 ad
1727 4308 1879 4369 nos,
1932 4297 2002 4350 et
2030 4288 2168 4351 Dio
2203 4290 2401 4350 volse
2451 4290 2581 4351 che
2616 4288 2834 4352 Cesar

293 4413 358 4453 se
403 4415 487 4455 ne
539 4395 673 4457 rise
724 4404 794 4458 et
841 4394 1152 4458 mandoli
1198 4416 1243 4457 a
1290 4395 1400 4456 dir
1447 4396 1603 4457 chel
1654 4415 1776 4457 era
1824 4406 2083 4476 troppo
2133 4394 2400 4476 timido,
2452 4405 2521 4457 et
2568 4398 2829 4476 perche

291 4510 616 4577 pertenea
664 4524 708 4564 a
755 4502 850 4563 lui
901 4522 1304 4584 congregar
1351 4503 1399 4563 li
1448 4500 1799 4583 Principi,
1848 4502 2149 4564 sarebbe
2198 4505 2335 4565 ben
2388 4503 2673 4566 subbito
2722 4504 2832 4567 far

293 4607 576 4687 expedit
621 4608 889 4671 Luther
954 4619 1025 4671 et
1089 4610 1555 4673 remandarIO.
1651 4608 1889 4691 Dopoi
1958 4610 2021 4673 ci
2086 4610 2272 4673 disse
2323 4610 2541 4673 Cesar
2606 4632 2649 4673 a
2714 4612 2832 4675 noi

296 4712 398 4775 doi
441 4714 761 4797 ridendo,
811 4718 943 4778 che
993 4717 1298 4778 sarebbe
1347 4725 1598 4796 questa
1646 4716 2131 4780 coniuratione
2180 4717 2348 4780 delli
2398 4739 2527 4797 400
2571 4718 2833 4800 Nobili,

297 4838 475 4884 come
535 4824 607 4884 la
653 4823 741 4885 de
789 4822 1016 4886 Mutio
1067 4820 1374 4887 Scevola
1441 4824 1571 4885 che
1620 4823 1826 4886 dicea
1892 4845 2086 4887 esser
2133 4846 2297 4903 300,
2371 4827 2674 4888 essendo
2736 4826 2831 4887 lui

297 4928 450 4991 solo.
541 4929 808 4992 Tamen
857 4951 1000 4993 non
1050 4926 1240 4993 resto
1289 4928 1332 4993 l'
1361 4930 1586 4993 amico
1636 4929 1918 5013 timido,
1989 4934 2285 4996 mandat
2345 4934 2407 4995 el
2464 4932 2741 4996 fratello
2791 4955 2833 5001 a

341 5052 490 5105 Balsa,
513 5056 798 5096 Documenta
817 5056 1094 5097 Lutherana.
2447 5040 2513 5095 13
