3575 5775
1713 585 2133 641 <esse—0

641 742 906 799 temere
980 738 1050 794 e‘t
1121 732 1334 814 impie
1405 735 1685 814 prolata
1757 732 2372 815 perturbationum
2452 753 2665 795 causa
2742 736 2811 797 in
2884 736 3207 799 Ecclesia

641 840 944 919 fuerant,
993 842 1314 903 consulte
1349 859 1431 902 ac
1484 842 1875 921 prudenter
1922 850 1998 901 ut
2046 840 2499 903 christianum
2551 842 2759 902 decet
2808 854 3207 921 revocaret,

641 948 952 1028 alioquin
1025 957 1097 1009 ut
1168 948 1570 1011 haereticus
1638 951 1727 1010 ab
1798 948 2121 1010 omnibus
2184 946 2393 1010 vitari
2456 960 2527 1009 et
2586 947 2818 1029 puniri
2883 951 3203 1027 deberet,

639 1066 850 1135 prout
899 1056 968 1117 in
1019 1054 1300 1132 nostris,
1349 1054 1416 1116 in
1470 1054 1725 1135 quibus
1774 1056 2123 1117 voluimus
2171 1055 2363 1135 quod
2410 1054 2687 1117 litterae
2724 1055 2921 1136 ipsae
2953 1057 3024 1120 in
3056 1078 3204 1120 cer·

640 1161 728 1223 tis
795 1162 1110 1224 ecclesiis
1165 1162 1516 1244 publicari
1565 1163 1947 1232 deberent,
2012 1162 2291 1243 plenius
2342 1162 2763 1225 continetur.
2859 1164 3208 1228 Volentes

638 1269 855 1350 igitur
917 1280 992 1331 ut
1053 1269 1331 1332 litterae
1396 1280 1679 1331 nostrae
1746 1270 2159 1350 praedictae
2227 1269 2297 1331 in
2346 1268 2483 1331 illis
2532 1270 2855 1349 partibus
2900 1270 3208 1335 fideliter

638 1376 1088 1458 publicentur
1139 1387 1208 1439 et
1255 1377 1327 1439 in
1377 1376 1479 1438 eis
1527 1387 1865 1441 contenta
1908 1376 2315 1439 executioni
2346 1377 2633 1439 debitae
2668 1379 3205 1460 demandentur,

638 1504 720 1546 ac
770 1495 1128 1548 sumentes
1179 1484 1244 1545 in
1295 1496 1417 1546 tua
1464 1485 1847 1565 prudentia
1899 1485 1969 1545 in
2019 1484 2259 1545 arduis
2295 1488 2761 1565 comprobata
2798 1498 2865 1547 et
2898 1507 3206 1567 persona

638 1602 759 1654 tua
805 1592 1341 1672 quamplurimis
1376 1592 1751 1653 virtutibus
1782 1591 2120 1672 insignita
2152 1590 2469 1653 fidutiam
2504 1591 2573 1653 in
2610 1593 2766 1653 Deo
2804 1594 3207 1674 specialem,

636 1712 706 1762 te
758 1719 915 1761 cum
962 1699 1465 1761 benedictione
1511 1699 1698 1760 illius
1747 1700 1942 1780 cujus
1989 1699 2184 1760 vices
2233 1698 2297 1759 in
2354 1698 2559 1760 terris
2608 1699 2919 1779 gerimus
2968 1712 3039 1763 et
3088 1703 3207 1782 qui

637 1826 876 1869 curam
911 1805 1154 1885 gregis
1188 1805 1292 1867 sui
1330 1805 1533 1868 nobis
1569 1806 2007 1868 committere
2044 1806 2379 1886 dignatus
2414 1814 2540 1885 est,
2590 1807 2681 1869 ad
2722 1807 3205 1871 charissimum

636 1914 703 1978 in
739 1913 1020 1977 Christo
1069 1911 1286 1975 filium
1337 1923 1653 1974 nostrum
1689 1912 2020 1975 Carolum
2056 1913 2545 1975 Romanorum
2596 1922 2665 1974 et
2701 1913 3204 1995 Hispaniarum

636 2040 881 2102 regem
953 2020 1379 2084 catholicum
1443 2020 1512 2082 in
1580 2021 2091 2101 Imperatorem
2162 2022 2463 2081 electum
2530 2033 2599 2081 et
2660 2020 2865 2083 Sacri
2925 2022 3203 2104 Imperii

637 2130 985 2191 electores
1035 2148 1422 2209 omnesque
1459 2128 1889 2191 Germaniae
1938 2130 2209 2190 Bassae
2258 2138 2327 2191 et
2376 2129 2563 2190 altae
2613 2128 3204 2217 episcopos-prin·

639 2235 832 2316 cipes
896 2238 1199 2297 barones
1264 2236 1730 2297 comunitates
1794 2246 1865 2297 et
1927 2236 2297 2297 universos
2360 2236 2721 2316 praelatos
2785 2247 2855 2298 et
2916 2239 3009 2298 ad
3066 2238 3205 2299 alia

637 2346 794 2405 loca
842 2344 929 2403 ad
982 2362 1166 2422 quae
1213 2353 1284 2404 te
1334 2343 1693 2404 declinare
1743 2342 2145 2422 contigerit,
2192 2341 2527 2403 Nuntium
2577 2351 2647 2403 et
2696 2352 3049 2407 oratorem
3088 2364 3203 2405 no·

638 2458 854 2511 strum
902 2449 1271 2527 mittimuS,
1340 2450 1793 2531 injungentes
1842 2449 1965 2511 tibi
2017 2460 2094 2510 ut
2144 2448 2401 2511 Carolo
2450 2450 2605 2530 regi
2656 2461 2725 2511 et
2774 2450 3206 2514 electoribus

637 2576 720 2618 ac
772 2556 926 2619 aliis
975 2555 1416 2637 principibus
1466 2565 1537 2618 et
1585 2556 1926 2637 praelatis
1975 2555 2321 2637 praefatis
2370 2567 2615 2618 nostro
2667 2558 2949 2619 nomine
3007 2578 3201 2639 prae-

638 2664 901 2726 dictum
935 2673 1180 2725 contra
1214 2664 1596 2727 Martinum
1633 2664 1897 2726 editum
1932 2674 2003 2725 et
2036 2664 2211 2726 alias
2242 2665 2715 2727 credentiales
2748 2664 3021 2727 litteras
3054 2686 3204 2729 nos·

642 2787 782 2833 tras
831 2782 1160 2851 patentes
1209 2792 1291 2833 ac
1341 2782 1655 2834 nostram
1705 2781 2013 2833 mentem
2062 2771 2203 2833 illis
2246 2772 2721 2835 communices
2756 2776 3203 2853 quemadmo-

639 2879 801 2940 dum
864 2899 1223 2960 propensa
1287 2891 1395 2942 est
1464 2880 1555 2941 ad
1617 2878 1786 2941 fidei
1864 2879 2255 2942 catholicae
2324 2901 2607 2942 causam
2658 2880 3204 2960 defendendam,

639 3006 1024 3067 eorumque
1092 2986 1358 3050 auxilia
1425 2988 1515 3049 ad
1581 2989 1765 3050 hanc
1816 2986 2003 3068 piam
2074 2999 2145 3048 et
2205 2989 2679 3050 necessariam
2736 2988 2871 3050 Dei
2922 3009 3204 3052 causam

637 3095 972 3175 implores
1034 3096 1649 3176 persuadeasque,
1715 3105 1786 3156 et
1842 3093 2239 3156 rationibus
2303 3094 2431 3156 tibi
2498 3095 2684 3158 notis
2732 3095 3017 3157 indutus
3036 3145 3053 3174 ‚
3120 3117 3203 3159 ac

638 3201 955 3263 cordium
989 3221 1276 3263 suorum
1308 3201 1501 3263 fores
1555 3201 1840 3263 assidue
1872 3203 2159 3282 pulsare
2192 3221 2331 3263 non
2368 3202 2671 3264 desistas
2714 3212 2790 3263 ut
2824 3201 3205 3265 Martinum

637 3307 866 3387 ipsum
933 3307 1204 3370 hortari
1267 3309 1488 3370 velint
1547 3321 1623 3369 ut
1687 3307 1979 3387 cognita
2044 3308 2351 3370 veritate
2413 3310 2503 3370 ad
2562 3319 2831 3372 rectam
2884 3309 3205 3372 semitam

638 3415 924 3477 tandem
975 3415 1224 3476 redeat
1273 3424 1342 3476 et
1391 3415 1593 3494 hujus
1635 3413 1944 3476 Sanctae
1988 3413 2197 3476 Sedis
2247 3416 2599 3478 mandatis
2646 3430 2918 3497 pareat.
2996 3415 3205 3497 Quod

639 3521 696 3582 si
744 3521 1031 3599 fecerit,
1079 3521 1281 3584 verbi
1334 3521 1724 3584 Salvatoris
1775 3522 1997 3583 nostri
2048 3543 2417 3602 memores,
2466 3523 2587 3604 qui
2638 3544 2779 3586 non
2828 3526 2982 3587 vult
3032 3545 3207 3588 mor·

637 3639 779 3690 tem
849 3628 1282 3709 peccatoris,
1351 3629 1477 3690 sed
1543 3636 1616 3689 ut
1672 3638 2131 3691 convertatur
2196 3639 2267 3691 et
2314 3630 2543 3711 vivat,
2614 3640 2684 3692 et
2734 3635 2923 3712 quod
2970 3633 3207 3712 angeli

639 3735 867 3815 magis
930 3736 1250 3816 gaudent
1314 3737 1402 3797 de
1474 3756 1613 3798 uno
1680 3745 2061 3817 peccatore
2128 3737 2219 3798 ad
2285 3737 2801 3817 poenitentiam
2866 3741 3208 3801 redeunte

640 3861 852 3923 quam
913 3842 1002 3903 de
1054 3852 1334 3904 centum
1376 3841 1618 3923 justis,
1687 3842 1807 3925 qui
1858 3853 1928 3904 et
1976 3843 2147 3904 alibi
2196 3855 2436 3908 monet
2484 3847 2867 3908 habentem
2922 3855 3209 3908 centum

641 3969 813 4012 oves
879 3948 936 4011 si
999 3970 1209 4011 unam
1272 3970 1364 4011 ex
1431 3950 1567 4013 illis
1623 3949 2019 4031 perdiderit
2067 3950 2526 4013 dimittendas
2595 3972 2752 4014 esse
2818 3952 3211 4034 nonaginta

643 4076 896 4118 novem
945 4055 1014 4118 in
1067 4057 1351 4118 deserto
1402 4063 1474 4117 et
1521 4055 1623 4118 ire
1673 4060 1764 4119 ad
1816 4057 2006 4120 illam
2056 4077 2239 4138 quae
2290 4058 2601 4138 perierat
2650 4061 2878 4120 donec
2922 4059 3208 4122 invene·

645 4162 730 4225 rit
781 4183 960 4242 eam,
1011 4164 1312 4226 eundem
1363 4162 1742 4225 Martinum
1795 4166 1887 4225 ad
1934 4164 2237 4244 gratiam
2288 4175 2362 4226 ut
2426 4167 2715 4229 charum
2772 4166 2989 4228 filium
3038 4167 3207 4230 reci·

641 4269 938 4350 piemuS‚
969 4268 1339 4351 ipsumque
1373 4270 1763 4333 honoribus
1796 4290 2422 4351 recognoscemus:
2465 4273 2522 4334 si
2553 4293 2747 4352 vero,
2780 4276 2971 4353 quod
3003 4275 3209 4355 absit,

641 4394 884 4436 eorum
949 4385 1021 4436 et
1083 4387 1326 4438 nostra
1393 4377 1662 4438 monita
1729 4376 1989 4457 exequi
2055 4379 2487 4458 neglexerit,
2552 4400 2831 4442 omnem
2881 4401 3089 4462 opem
3140 4393 3211 4444 et

643 4501 936 4564 operam
987 4482 1399 4564 impendere
1449 4493 1520 4545 et
1569 4483 1933 4560 adhibere,
1984 4494 2194 4564 teque
2243 4505 2377 4566 pro
2412 4486 2678 4548 viribus
2706 4487 2956 4568 juvare
2992 4489 3211 4552 velint

645 4600 738 4664 ut,
791 4591 937 4670 ejus
973 4591 1372 4653 temeritate
1407 4593 1770 4674 depressa,
1823 4592 2166 4654 adversus
2199 4605 2339 4655 tam
2390 4593 2804 4674 pestiferum
2854 4596 3210 4657 hominem

645 4699 977 4761 mandata
1029 4707 1270 4759 nostra
1320 4699 1580 4780 exequi
1629 4702 1909 4780 valeas,
1978 4700 2345 4781 cupientes
2396 4711 2467 4763 et
2516 4713 2785 4764 tantam
2833 4704 3067 4764 labem
3119 4723 3203 4764 ex

643 4802 968 4883 partibus
1033 4802 1172 4866 illis
1238 4806 1620 4886 eradicari,
1689 4815 1760 4868 et
1823 4826 1907 4868 ea
1964 4805 2269 4869 infectos
2318 4807 2581 4888 corrigi
2630 4829 2713 4870 ac
2764 4829 3041 4872 errores
3089 4811 3204 4872 hu·

636 4911 942 4991 jusmodi
1009 4911 1375 4992 extirpari,
1447 4920 1516 4974 et
1584 4923 1991 4996 opportuna
2038 4915 2357 4977 remedia
2406 4915 2764 4995 adhiberi,
2832 4929 3209 4998 antequam
