3575 5775
1720 579 2217 636 0-433088>-0

1897 835 2043 900 133.

1432 951 1794 1032 Martinus
1847 951 2116 1032 Luther
2171 949 2502 1032 Conrado.

1577 1098 1781 1170 (Acta
1837 1097 2166 1158 wormac.
2217 1097 2357 1171 193.)

1680 1217 1753 1284 (1.
1795 1219 2047 1268 Octobris
2091 1215 2264 1286 1523.)

867 1360 1123 1426 Gratia
1170 1369 1242 1423 et
1287 1379 1434 1442 pax
1496 1360 1570 1423 in
1618 1360 1949 1424 Domino,
2043 1359 2149 1424 Tu
2181 1361 2419 1443 potius
2453 1359 2718 1443 optime
2745 1359 3076 1428 Conrade
3121 1381 3242 1442 pro

686 1489 800 1532 me
848 1489 995 1549 ora,
1044 1478 1309 1549 quanto
1368 1488 1553 1531 nunc
1621 1477 1694 1529 tu
1762 1469 2032 1532 maiore
2100 1467 2258 1531 ocio
2317 1468 2620 1530 donatus
2683 1489 2787 1548 οε,
2853 1477 2926 1532 et
2985 1468 3240 1551 pietate

684 1597 797 1640 me
846 1595 1177 1657 superas;
1245 1583 1420 1656 opto
1470 1595 1673 1656 sane,
1724 1584 1797 1637 et
1845 1595 1973 1637 oro
2024 1575 2400 1638 Dominum
2449 1575 2712 1655 Jesum,
2760 1585 2838 1636 ut
2884 1575 3016 1638 tibi
3062 1576 3241 1657 quod

682 1682 869 1766 petis
918 1683 1206 1764 linguae
1255 1684 1517 1746 donum
1566 1681 1929 1764 impartiat
1993 1683 2064 1745 in
2130 1683 2412 1745 laudem
2461 1682 2738 1764 gratiae
2793 1703 2983 1746 suae.
3081 1682 3242 1746 Coe-

682 1799 911 1853 terum
960 1791 1153 1871 quod
1200 1789 1451 1853 scribis
1499 1810 1589 1853 ne
1635 1789 1838 1852 iriter
1893 1788 1960 1852 in
1999 1789 2402 1870 Erasmum,
2451 1797 2618 1852 ante
2657 1789 3110 1871 impetratum
3143 1799 3244 1852 est

686 1917 893 1980 quam
941 1897 1235 1980 rogasti.
1312 1896 1659 1979 Equidem
1710 1896 2105 1961 Huttenum
2154 1898 2416 1959 nollem
2464 1898 2984 1979 expostulasse,
3034 1897 3244 1958 multo

684 2003 911 2068 minus
978 2005 1345 2068 Erasmum
1420 2003 1876 2076 abstersisse3
1938 2004 1997 2066 si
2060 2005 2197 2066 hoc
2259 2014 2368 2066 est
2433 2001 2738 2085 spongia
2799 2005 3242 2085 abstergere,

682 2133 863 2195 rogo
910 2111 1080 2193 quid
1130 2119 1238 2174 est
1285 2112 1711 2175 maledicere
1762 2120 1834 2174 et
1883 2111 2304 2174 convitiari?
2362 2130 2652 2193 prorsus
2698 2109 2964 2173 frustra
3013 2121 3244 2194 sperat

682 2219 1015 2283 Erasmus
1064 2238 1193 2281 sua
1238 2218 1599 2282 rhetorica
1647 2218 1744 2282 sic
1798 2218 2127 2281 omnibus
2175 2217 2484 2300 ingeniis
2527 2217 2744 2296 abuti,
2797 2217 2998 2298 quasi
3046 2237 3246 2280 nemo

682 2325 792 2407 sit,
840 2325 980 2389 imo
1030 2325 1239 2408 quasi
1288 2325 1495 2406 pauci
1546 2324 1707 2404 sint,
1758 2325 1878 2407 qui
1929 2324 2260 2406 sentiant,
2309 2324 2483 2405 quid
2531 2325 2675 2387 alat
2707 2323 3064 2387 Erasmus.
3105 2321 3248 2388 'Sic

681 2453 813 2516 pro
876 2453 953 2496 se
1008 2432 1255 2494 scribit
1312 2431 1681 2514 ErasmUS,
1746 2431 2147 2514 optabilius
2205 2441 2314 2496 est
2371 2441 2448 2493 ut
2512 2443 2758 2494 contra
2819 2451 2898 2494 se
2965 2432 3248 2495 scribat.

685 2539 1183 2602 Incredibilem
1233 2538 1371 2601 nisi
1420 2549 1493 2601 et
1540 2538 1878 2618 nominiS,
1943 2548 2015 2601 et
2063 2539 2461 2602 autoritatis
2508 2539 2850 2602 iacturam
2899 2537 3073 2601 fecit
3117 2542 3252 2602 hoc

682 2647 889 2726 libro,
936 2654 1013 2708 ut
1059 2666 1171 2709 me
1220 2647 1432 2728 plane
1480 2647 1783 2708 hominis
1835 2647 2201 2726 misereat,
2253 2644 2373 2734 qui
2420 2647 2512 2708 ad
2560 2665 2844 2709 causam
2891 2667 3252 2729 nunquam

682 2753 989 2834 accedit,
1040 2760 1111 2816 et
1158 2752 1259 2816 sic
1306 2751 1373 2814 in
1424 2752 1599 2814 vitia
1645 2753 2034 2816 amicorum
2085 2753 2224 2816 iam
2272 2755 2588 2816 secundo
2638 2752 2858 2832 sevit,
2920 2774 3130 2835 quum
3175 2753 3253 2817 in

683 2880 928 2924 verum
975 2861 1251 2924 hostem
1300 2858 1513 2923 fuerit
1560 2868 1704 2923 tam
1754 2860 1936 2924 lenis
1986 2870 2058 2923 et
2104 2860 2259 2942 ipse
2307 2861 2486 2923 alias
2535 2879 2778 2923 omnes
2845 2859 2917 2924 in
2967 2861 3256 2925 maledi·

682 2970 911 3031 cendo
1000 2968 1213 3031 etiam
1291 2967 1625 3046 inimicis,
1700 2969 1801 3031 sic
1873 2971 2326 3048 dehortatur,
2398 2988 2482 3031 ac
2547 2969 2759 3032 valde
2835 2970 3256 3033 detestatur.

682 3076 839 3157 Ego
888 3095 1171 3158 semper
1226 3095 1514 3138 causam
1580 3076 1963 3157 expectavi
2024 3096 2149 3139 cur
2213 3084 2485 3158 ageret.
2590 3076 2669 3139 In
2737 3096 2970 3139 mores
3039 3076 3258 3139 facile

684 3193 792 3246 est
836 3182 1277 3246 rhetoricari,
1385 3184 1611 3245 Porro
1675 3183 1866 3245 edita
1933 3192 2040 3245 est
2105 3194 2177 3245 et
2237 3204 2395 3245 mea
2461 3181 2764 3264 epistola
2811 3184 2904 3246 de
2951 3184 3258 3248 Erasmo

679 3290 1015 3371 privatim
1072 3288 1357 3370 scripta.
1452 3289 1731 3351 Deinde
1780 3289 1919 3351 alia
1971 3290 2060 3351 ad
2111 3290 2537 3371 Fabritium,
2605 3291 2796 3371 quod
2859 3310 2976 3374 me
3041 3294 3260 3355 vehe-

680 3408 954 3459 menter
1042 3397 1224 3458 male
1309 3398 1565 3474 habet,
1655 3417 2082 3478 quamquam
2153 3398 2411 3459 nullius
2501 3398 2703 3459 verbi
2771 3418 2885 3461 me
2958 3400 3264 3481 pudeat,

681 3503 740 3565 si
819 3504 1052 3585 palam
1132 3502 1223 3565 sit
1286 3502 1854 3578 defendendum;
1946 3504 2148 3585 piget
2221 3514 2458 3567 tamen
2536 3504 2824 3585 publica
2892 3504 3050 3567 fieri
3129 3526 3268 3588 per

680 3609 1121 3691 importunos
1202 3608 1377 3673 istos
1458 3609 1730 3697 (nescio
1805 3614 2162 3692 quomodo
2251 3612 2526 3691 vocem)
2598 3612 2987 3692 delatoreS,
3069 3632 3267 3694 quae

679 3716 977 3799 privatis
1026 3716 1341 3780 amiculis
1388 3716 1823 3791 scribuntur;
1883 3738 2098 3799 porro
2161 3718 2328 3781 mihi
2376 3717 2649 3781 Erasmi
2714 3717 2996 3799 scriptis
3073 3720 3268 3783 sicut

680 3822 855 3886 nihil
904 3833 1147 3903 nocet,
1196 3823 1256 3886 si
1304 3824 1752 3905 adversetur,
1802 3824 1900 3887 ita
1979 3825 2152 3887 nihil
2227 3825 2456 3907 magis
2531 3823 2913 3903 confidam,
2989 3824 3054 3887 si
3141 3846 3268 3908 pa-

679 3931 1089 3994 trocinetur.
1214 3930 1370 4012 Ego
1456 3932 1690 3994 habeo
1766 3932 1885 4013 qui
1957 3932 2094 3995 iam
2175 3930 2553 4013 defendat,
2631 3932 2844 3997 etiam
2917 3932 2974 3994 si
3061 3942 3272 3997 totus

678 4039 979 4101 mundus
1057 4037 1127 4099 in
1222 4058 1333 4099 me
1412 4039 1637 4101 solum
1716 4038 2051 4112 insaniat;
2133 4038 2206 4100 id
2293 4040 2484 4120 quod
2561 4038 2890 4102 Erasmus
2967 4038 3046 4103 in
3151 4062 3270 4105 me

679 4155 892 4209 vocat
938 4144 1411 4229 pervicaciam
1446 4148 1837 4227 asserendi,
1887 4146 2013 4207 sed
2063 4144 2182 4228 qui
2230 4144 2440 4209 video
2489 4146 2844 4209 hominem
2893 4166 3062 4209 esse
3115 4156 3272 4211 tam

677 4253 893 4333 longe
942 4254 1033 4315 ab
1080 4252 1444 4315 intellectu
1494 4252 2052 4315 Christianarum
2102 4272 2336 4316 rerum
2405 4252 2619 4335 (quod
2692 4254 3044 4317 hactenus
3117 4276 3270 4319 non

678 4366 1041 4439 putaram,
1092 4358 1222 4421 etsi
1280 4359 1663 4439 aliquando
1718 4358 2142 4440 suspicarer)
2188 4358 2402 4421 facile
2449 4359 2717 4440 patiar,
2767 4368 2842 4421 ut
2875 4380 2988 4422 me
3043 4372 3272 4427 vocet

680 4482 1125 4547 quocumque
1172 4468 1367 4527 volet
1414 4466 1718 4547 nomine,
1771 4467 1999 4529 donec
2048 4486 2334 4529 causam
2401 4466 2735 4548 attingat:
2799 4468 3268 4549 propositum

680 4578 789 4633 est
838 4570 1146 4635 omnium
1199 4572 1403 4654 mihi,
1467 4591 1699 4653 neque
1746 4573 2000 4653 vitam,
2049 4592 2281 4655 neque
2331 4592 2569 4637 mores
2616 4573 2803 4635 velle
2850 4574 3079 4655 tueri,
3133 4582 3264 4642 sed

680 4678 901 4741 solam
950 4698 1262 4759 causam,
1311 4681 1629 4743 lacerent
1665 4700 1800 4761 me,
1847 4700 2224 4761 moresque
2255 4700 2479 4761 meos,
2529 4681 2950 4761 quicumque
3003 4684 3271 4765 velint,

679 4782 858 4847 sicut
903 4786 1247 4847 hactenus
1302 4785 1476 4866 feci,
1536 4786 1678 4850 imo
1742 4786 1881 4849 illis
1941 4788 2154 4867 plane
2225 4788 2442 4851 vitam
2510 4786 2737 4869 ipsam
2799 4786 2868 4849 in
2941 4808 3269 4873 corpore

681 4892 913 4957 debeo
928 4940 947 4972 ,
1024 4903 1095 4954 et
1164 4911 1496 4973 magnam
1583 4904 1859 4975 partem
1953 4893 2256 4958 fiduciae
2327 4894 2554 4958 fretus
2620 4894 2790 4973 mei,
2883 4895 3012 4975 qui
3091 4900 3269 4963 mihi
