3575 5775
1384 557 1875 615 0-<32778>-0

313 713 486 774 altro
533 707 872 788 remedio,
920 705 1233 769 secondo
1284 706 1519 788 quello
1568 725 1796 788 pocco
1845 707 1979 770 che
2025 707 2120 769 ho
2168 717 2464 788 possuto
2507 728 2866 791 compren-

312 819 477 881 dere
541 835 676 900 per
736 812 1188 896 experientia
1246 833 1485 876 essere
1552 813 1956 876 necessario
2020 815 2160 877 alla
2208 817 2384 878 total
2434 816 2866 899 extirpation

315 926 381 988 di
430 933 683 1007 questa
725 920 1028 1001 heresia,
1098 921 1287 983 della
1336 921 1499 1002 qual
1551 921 1822 983 anchor
1870 922 2001 984 che
2059 919 2326 984 restino
2374 943 2505 1004 per
2554 923 2721 1004 ogni
2771 925 2865 986 lu-

313 1053 439 1095 oco
487 1031 793 1112 qualche
837 1027 1135 1109 reliquie
1182 1026 1303 1108 pic
1352 1046 1484 1107 per
1530 1027 1575 1090 l'
1602 1027 1767 1088 odio
1819 1025 1892 1089 di
1938 1028 2177 1090 Roma
2224 1036 2295 1091 et
2343 1029 2458 1092 del
2489 1030 2683 1092 clero
2733 1033 2866 1093 che

312 1159 438 1221 per
480 1134 947 1217 favoreggiar
994 1155 1037 1196 a
1082 1134 1371 1214 Luther‚
1422 1132 1853 1196 nondimeno
1903 1133 2074 1214 ogni
2123 1136 2192 1196 dl
2240 1135 2362 1216 pic
2413 1137 2472 1198 si
2522 1137 2865 1220 extingue

310 1265 435 1326 per
495 1245 566 1306 la
624 1241 859 1326 gratia
921 1241 1011 1303 de
1056 1240 1197 1303 Dio
1262 1241 1525 1322 perche
1592 1241 1663 1303 in
1730 1260 1904 1303 vero
1953 1260 2098 1302 non
2145 1241 2182 1304 ὲ
2230 1241 2528 1323 possibil
2575 1245 2866 1308 resister

314 1352 423 1416 all'
474 1349 810 1415 auttorita
858 1347 1255 1430 apostolica
1303 1357 1374 1410 et
1421 1367 1713 1411 cesarea
1771 1347 1971 1410 unite
2031 1346 2322 1412 insieme
2368 1350 2740 1430 presertim
2789 1351 2862 1414 in

312 1478 522 1524 causa
566 1466 711 1521 tam
758 1465 1025 1520 sancta.

485 1563 733 1646 Hoggi
778 1564 873 1626 ho
920 1562 1153 1626 inteso
1184 1577 1382 1624 esser
1429 1560 1739 1623 arrivato
1786 1581 1930 1623 uno
1975 1561 2188 1624 homo
2236 1563 2570 1626 mandato
2620 1565 2736 1626 dal
2783 1587 2862 1628 re

315 1673 378 1736 di
410 1672 833 1754 Portugallo
883 1690 1015 1731 con
1065 1671 1320 1731 lettere
1368 1667 1483 1731 all’
1535 1667 1921 1749 imperator
1970 1676 2040 1730 et
2086 1668 2136 1730 li
2183 1668 2485 1750 principi
2534 1670 2698 1733 dell’
2732 1671 2860 1734 Im-

314 1781 504 1862 perio
554 1787 804 1842 contra
850 1786 1104 1858 questa
1148 1775 1449 1838 heresia.
1541 1775 1621 1837 Io
1653 1776 1881 1856 perho
1930 1795 2070 1838 non
2120 1776 2161 1837 1’
2189 1776 2283 1839 ho
2332 1796 2551 1839 ancor
2597 1777 2861 1840 veduto

314 1887 565 1968 perche
614 1885 733 1968 gia
780 1893 889 1947 tre
938 1881 1009 1945 di
1056 1882 1263 1945 stomi
1308 1881 1383 1944 in
1432 1901 1600 1944 casa
1648 1902 1688 1942 a
1735 1879 1848 1944 far
1879 1881 2284 1963 imprimere
2332 1882 2380 1945 li
2426 1884 2742 1946 mandati
2787 1883 2859 1948 in

312 1993 731 2075 flammengo
794 1999 865 2053 et
933 1988 1258 2052 francese
1308 1997 1380 2050 et
1438 1987 1550 2050 far
1609 1987 1878 2050 scriver
1935 1987 2214 2049 diverse
2262 1989 2742 2052 substitutioni
2790 1991 2862 2054 di

313 2099 521 2181 quelli
570 2100 703 2162 che
748 2098 937 2160 lasso
986 2116 1117 2178 per
1163 2096 1499 2158 absolver
1546 2093 1761 2176 quelli
1811 2096 1942 2156 che
1990 2114 2344 2158 verranno
2390 2116 2433 2157 a
2465 2096 2862 2178 penitentia

312 2227 433 2288 per
478 2207 704 2269 haver
749 2203 905 2266 letti
952 2202 1001 2265 li
1048 2202 1211 2265 libri
1260 2200 1331 2264 di
1378 2201 1647 2264 Luther
1712 2221 1755 2262 ο
1815 2201 2189 2282 prestatoli
2253 2203 2490 2283 favor,
2557 2213 2628 2266 et
2685 2206 2860 2286 pero

313 2334 478 2376 sono
526 2311 777 2376 irretiti
824 2310 897 2374 in
944 2331 1243 2373 censure
1291 2308 1709 2391 gravissime
1746 2319 1816 2371 et
1847 2329 2022 2372 sono
2055 2321 2251 2371 certo
2282 2311 2350 2371 in
2388 2312 2860 2391 grandissimo

314 2440 631 2495 numer03
680 2438 893 2501 spero
943 2418 1195 2481 deman
1249 2437 1442 2480 esser
1491 2437 1622 2479 con
1675 2417 1872 2479 detto
1919 2417 2133 2479 homo
2183 2417 2272 2478 de
2299 2417 2741 2499 PortugaIIO,
2791 2429 2862 2482 et

314 2527 364 2589 si
434 2524 841 2608 besognara
915 2524 1027 2588 far
1102 2526 1358 2588 alcuna
1431 2543 1633 2605 cosa,
1712 2522 1771 2584 si
1840 2521 2016 2586 dara
2078 2523 2320 2585 debita
2382 2524 2860 2606 expeditione.

316 2633 392 2700 A.
438 2633 531 2697 V.
580 2631 655 2696 S.
704 2633 907 2696 Illma
953 2634 1129 2694 baso
1178 2632 1246 2694 le
1294 2631 1505 2693 mani.

1386 2853 1565 2864 snm-svs„
1590 2853 1644 2864 .=·.
1660 2853 1713 2864 Μ
1727 2855 1796 2864 snt.

1504 3103 1651 3167 111.

1030 3218 1683 3302 vicecancellarius
1739 3218 2114 3300 Alcandm.

1171 3366 1456 3437 mundat.
1496 3365 1747 3425 German.
1785 3363 1850 3422 1..
1887 3363 1990 3434 ¹72.)

1318 3482 1427 3553 (27.
1463 3484 1599 3549 Julii
1645 3482 1818 3551 1521.)

479 3612 801 3676 Havemo
849 3613 919 3674 la
966 3618 1209 3673 vostra
1257 3611 1347 3672 de
1394 3608 1507 3671 IX
1558 3608 1672 3670 del
1720 3608 1922 3671 Mese
1971 3609 2083 3669 col
2130 3608 2314 3671 libro
2363 3618 2610 3671 contro
2643 3609 2858 3674 Frate

323 3717 701 3782 Ambrosio.
800 3716 887 3780 N.
938 3712 1010 3779 S.
1078 3715 1495 3778 commenda
1542 3714 1613 3775 in
1681 3723 1863 3776 tutto
1926 3712 1973 3776 il
2023 3714 2286 3794 studio,
2366 3715 2740 3796 diligentia
2788 3727 2859 3779 et

320 3842 527 3905 opera
568 3833 814 3889 vostra
862 3844 1061 3887 come
1108 3826 1202 3886 ha
1247 3824 1429 3886 fatto
1478 3842 1777 3905 sempre.
1873 3820 1965 3883 Vi
2015 3820 2072 3883 si
2106 3823 2460 3885 mandano
2511 3824 2647 3885 due
2696 3822 2853 3887 altri

320 3928 465 3993 libri
511 3933 577 3995 di
626 3932 812 3995 frate
860 3929 1243 3993 Ambrosio
1293 3948 1493 3992 come
1544 3927 1899 4006 chiedete,
1959 3936 2031 3989 et
2078 3930 2314 4009 quello
2360 3929 2620 3991 havete
2668 3949 2854 3991 man·

320 4037 471 4100 dato
518 4039 572 4101 si
621 4039 658 4102 ὲ
710 4040 879 4100 dato
926 4058 969 4099 a
1015 4036 1133 4100 lui.
1229 4036 1700 4099 Perseverate
1734 4032 2134 4098 virilmente
2183 4037 2496 4098 secundo
2545 4036 2614 4097 lo
2662 4035 2853 4097 insti-

322 4150 454 4205 tuto
498 4154 740 4207 vostro
788 4144 881 4207 fin
933 4144 1065 4207 che
1114 4151 1298 4205 state
1348 4141 1416 4203 di
1465 4140 1535 4204 la
1583 4140 1653 4202 di
1703 4140 2024 4221 extirpar
2079 4140 2146 4203 in
2201 4151 2381 4203 tutto
2431 4143 2669 4223 quella
2715 4162 2852 4204 ma-

322 4250 571 4313 ledetta
616 4250 881 4314 zizania
930 4249 1128 4312 accio
1177 4247 1492 4330 possiate
1524 4246 1876 4328 riportare
1907 4244 1977 4308 in
2015 4268 2154 4329 qua
2187 4247 2416 4310 solida
2450 4248 2538 4310 ed
2572 4248 2850 4329 integra

322 4355 602 4423 vittoria.
695 4358 787 4420 Et
850 4358 1036 4420 bene
1098 4358 1355 4419 valete.
1450 4353 1856 4416 Florentiae
1907 4352 2210 4417 XXVII
2265 4354 2430 4434 Julii
2487 4354 2852 4420 MDXXI.

1367 4654 1779 4667 mma-rw
