3575 5775
1710 558 2205 617 0-{338454

679 706 922 773 divina
970 706 1198 773 offitia
1245 730 1326 773 ac
1377 704 1638 773 Sacros
1685 708 1861 771 ritus
1876 756 1892 789 ,
1962 706 2374 791 germanico
2422 705 2785 788 ydiomate
2835 701 3238 769 enunctiant

678 816 932 898 partim
983 828 1051 879 et
1100 819 1588 897 aboleverunt,
1641 815 1853 897 impie
1902 834 2186 898 quoque
2236 813 2751 896 dogmatizant,
2800 813 2871 875 id
2920 812 3237 895 apprime

679 934 1018 987 conantes
1067 943 1206 1004 quo
1255 925 1592 1005 populum
1644 927 1736 985 ab
1786 923 2200 985 obedientia
2230 922 2318 985 V.
2352 920 2424 985 S.
2476 932 2547 984 et
2596 921 2905 1002 denique
2936 921 3235 1001 singulo-

676 1051 828 1093 rum
877 1029 1317 1111 superiorum
1365 1030 1534 1111 iugo
1570 1042 1920 1093 avertant.
1981 1028 2477 1093 Consideranti
2510 1028 2855 1111 siquidem
2884 1028 3050 1091 mihi
3086 1048 3237 1091 eam

677 1138 1126 1199 seductorum
1190 1137 1401 1199 etiam
1465 1136 1536 1199 in
1599 1136 1887 1199 diversa
1945 1136 2387 1200 tendentium
2448 1135 2861 1214 colluviem,
2933 1154 3021 1196 ne
3084 1154 3237 1196 cum

676 1242 833 1305 aliis
893 1242 1176 1305 silentio
1223 1252 1583 1324 torperem
1608 1292 1624 1322 ‚
1699 1243 1963 1305 ambivi
2012 1242 2447 1324 Episcopum
2494 1242 2697 1325 hujus
2744 1242 2882 1305 loci
2944 1250 3017 1304 et
3064 1240 3239 1305 alios

680 1350 1065 1432 dignioreS,
1116 1349 1232 1431 qui
1279 1350 1352 1413 in
1399 1370 1548 1413 rem
1587 1348 1971 1413 necessarii
2008 1349 2455 1425 videbantur,
2506 1348 2919 1431 frequenter
2944 1350 3239 1430 pulsans

676 1478 913 1521 eorum
965 1457 1276 1537 anim05,
1327 1467 1676 1537 quatenus
1721 1455 2135 1537 vigilantius
2182 1455 2559 1519 Dominico
2609 1453 2835 1536 Gregi
2880 1455 3233 1536 prospice·

675 1574 854 1644 rent,
903 1574 976 1626 et
1021 1563 1294 1627 heresis
1339 1561 1782 1627 scismatisve
1817 1562 2181 1626 criminum
2224 1583 2387 1626 reos
2418 1561 2629 1624 etiam
2662 1562 2980 1643 potiores
3012 1561 3239 1642 primo

675 1680 1214 1753 oppugnarent,
1287 1668 1402 1752 qui
1463 1668 1523 1732 si
1571 1669 1959 1733 deficerent
2021 1669 2393 1733 inferiores
2456 1668 2667 1731 facile
2730 1678 3238 1732 everterentur.

674 1777 943 1840 Durum
993 1788 1229 1839 autem
1264 1776 1626 1857 negotium
1675 1776 1999 1859 pluribus
2032 1776 2258 1839 visum
2308 1775 2461 1856 fuit,
2510 1786 2655 1839 tum
2704 1794 2790 1839 eo
2824 1776 3052 1857 magis
3098 1794 3242 1857 quo

674 1883 832 1947 aliis
891 1882 1340 1964 coepiscopis
1399 1882 1921 1945 remorantibus
1984 1883 2191 1964 primi
2248 1903 2379 1945 nos
2424 1882 2815 1963 periculum
2880 1882 3247 1964 experturi

675 1988 1108 2061 videremur;
1160 1990 1446 2053 tandem
1495 1990 1765 2071 placuit
1814 1988 2178 2071 negotium
2224 1989 2553 2071 aggredi.
2648 1988 2898 2070 Itaque
2932 1990 3073 2051 duo
3104 2008 3245 2051 ma·

675 2095 1016 2159 ximarum
1063 2095 1617 2176 parrochialium
1665 2104 2021 2175 rectores,
2069 2095 2416 2177 prepositi
2464 2094 2872 2175 nuncupati,
2920 2105 2993 2157 et
3040 2094 3246 2157 simul

675 2202 872 2283 prior
917 2184 1329 2265 monasterii
1377 2200 1935 2283 Augustinensis
1982 2201 2181 2283 opidi
2210 2202 2680 2283 Nurenberge
2728 2200 2989 2283 prefati
3038 2199 3249 2283 primi

675 2309 953 2373 evocati
1027 2311 1118 2373 ad
1181 2309 1654 2391 personaliter
1720 2312 2281 2391 comparendum
2340 2328 2559 2391 seque
2616 2311 3104 2391 purgandum;
3177 2318 3249 2370 et

676 2418 840 2479 dum
887 2418 977 2479 de
1030 2424 1317 2479 auctore
1367 2416 1485 2497 qui
1531 2414 1684 2479 fisci
1734 2416 2023 2479 nomine
2072 2425 2323 2478 contra
2370 2416 2660 2479 eosdem
2708 2423 3097 2496 exurgeret
3142 2414 3242 2477 in-

677 2524 1106 2605 quireretur,
1177 2522 1334 2585 aliis
1382 2522 1649 2603 dubiis,
1725 2522 2135 2587 timentibus
2183 2522 2341 2585 aliis
2387 2521 2957 2586 adversariorum
3004 2542 3243 2585 versu-

677 2630 842 2691 tiam
907 2638 977 2692 et
1023 2629 1362 2710 loquendi
1411 2630 1585 2709 vim,
1657 2630 2097 2712 singulorum
2156 2637 2545 2691 nostratum
2595 2639 2764 2691 voto
2828 2626 3246 2711 designatus

675 2756 812 2819 ego
880 2736 1019 2811 fui;
1089 2736 1207 2817 qui
1259 2736 1604 2799 eiusmodi
1653 2756 1832 2799 onus
1880 2743 2073 2800 certe
2122 2735 2515 2818 perdificile
2586 2745 2658 2799 et
2719 2736 2912 2817 apud
2958 2737 3245 2818 plebem

677 2843 1167 2908 exosissimum
1214 2863 1348 2926 pro
1378 2843 1648 2926 pietate
1682 2852 1916 2908 autem
1967 2846 2036 2907 in
2068 2845 2300 2908 Deum
2350 2853 2422 2907 et
2453 2851 2769 2908 sanctam
2803 2842 3037 2924 fidem,
3088 2863 3246 2926 pro·

676 2973 814 3034 que
877 2952 1150 3014 honore
1201 2953 1273 3014 5.
1323 2951 1410 3014 V.
1476 2951 1577 3014 uti
1639 2951 1855 3014 fidum
1922 2951 2383 3033 mancipium,
2455 2950 2715 3032 spretis
2776 2952 3245 3034 popularibus

679 3059 859 3123 odiis
907 3068 980 3121 et
1026 3068 1219 3121 certe
1267 3059 1554 3122 summis
1599 3058 1971 3141 periculis,
2021 3059 2205 3120 letus
2252 3058 2555 3142 suscepi.
2652 3059 3246 3141 Comparentibus

673 3165 914 3247 itaque
963 3163 1393 3227 adversariis
1444 3185 1603 3228 cum
1649 3169 1871 3228 multo
1918 3185 2207 3229 suorum
2252 3163 2613 3246 comitatu,
2661 3166 3035 3247 quatriduo
3085 3187 3243 3229 con·

677 3273 896 3351 tinu0,
947 3272 1103 3334 Deo
1135 3270 1325 3334 vires
1369 3271 1835 3354 ministrante,
1887 3269 2149 3335 eisdem
2186 3271 2257 3335 in
2288 3271 2532 3335 fatiem
2562 3273 2813 3355 restiti,
2860 3293 3247 3355 eorumque

675 3377 974 3460 perfidie
1021 3376 1422 3440 testimonia
1468 3381 1560 3441 ab
1605 3379 1707 3442 eis
1753 3378 1929 3460 ipsis
1978 3379 2267 3460 extorsi,
2318 3377 2635 3460 quidum
2683 3379 2825 3444 alio
2858 3379 3249 3444 deficerent

675 3485 745 3548 in
793 3485 1100 3548 furorem
1151 3483 1380 3565 versi,
1441 3484 1713 3549 furioso
1763 3485 2087 3549 mendaci
2135 3485 2379 3550 libello
2438 3505 2549 3548 me
2599 3486 2977 3567 petierunt.
3064 3485 3243 3552 Sub-

675 3589 842 3654 inde
887 3588 1166 3674 prefixo
1232 3591 1374 3654 alio
1421 3590 1540 3656 die
1585 3592 1938 3655 sententie
1988 3591 2376 3673 audiende,
2448 3613 2604 3655 cum
2661 3593 2975 3676 denique
3018 3595 3244 3658 maior

675 3718 844 3780 pars
889 3707 1298 3778 nostratum,
1347 3698 1576 3780 primo
1625 3699 1697 3762 in
1745 3698 2091 3762 leniorem
2122 3709 2399 3781 partem
2432 3700 2774 3763 inclinare
2806 3701 3245 3782 viderentur,

677 3825 820 3888 quo
837 3804 1171 3891 videlicet
1184 3805 1594 3886 adversarii,
1612 3805 2114 3870 Ecclesiastica
2124 3807 2613 3874 excommunic
2620 3807 2857 3872 atione
2870 3810 3245 3872 dumtaxat

675 3912 1090 3992 ferirentur,
1160 3911 1653 3976 vehementius
1697 3913 1920 3976 institi
1980 3924 2058 3977 ut
2105 3914 2395 3976 tandem
2459 3917 2593 3977 sub
2641 3923 2891 3980 tenore
2950 3935 3083 3998 per
3128 3935 3243 3980 me

676 4029 1056 4102 conceptO,
1106 4029 1178 4082 et
1227 4019 1426 4084 euin-s
1475 4019 1756 4101 copiam
1802 4020 2257 4102 presentibus
2304 4018 2382 4084 S.
2427 4020 2517 4085 V.
2566 4022 3003 4104 transmitte,
3061 4023 3239 4088 diffi-

675 4127 900 4190 nitiva
959 4126 1316 4190 sententia
1360 4127 1973 4209 pronuntiaretur,
2045 4149 2088 4190 a
2134 4147 2277 4208 qua
2340 4146 2471 4209 per
2519 4139 2864 4192 assertum
2908 4149 3239 4212 procura-

677 4244 902 4296 torem
949 4232 1520 4296 adversariorum
1571 4245 1642 4296 et
1691 4243 1768 4296 ut
1818 4233 1967 4296 eius
2015 4235 2257 4296 verbis
2302 4245 2485 4316 utar,
2533 4236 2624 4297 ad
2670 4235 2981 4299 futurum
3014 4238 3239 4320 publi-

677 4360 830 4404 cum
881 4340 1221 4422 liberum,
1277 4347 1350 4403 et
1397 4339 1807 4404 cristianum
1854 4341 2227 4404 concil-ium
2290 4343 2685 4423 appellato,
2757 4343 2868 4406 cui
2926 4345 3243 4426 appella-

677 4445 852 4510 tioni
899 4445 1000 4508 uti
1047 4447 1238 4508 nulle
1286 4449 1600 4510 delatum
1647 4467 1790 4510 non
1840 4447 2007 4529 fuit,
2070 4450 2199 4510 sed
2248 4450 2617 4530 apostolos
2664 4450 2937 4531 petenti
2982 4451 3243 4514 refuta-

678 4552 840 4616 torii
889 4552 1056 4615 dati.
1136 4553 1554 4617 Adversarii
1602 4573 1776 4617 vero
1824 4573 1984 4618 cum
2012 4554 2563 4636 Norimbergam
2594 4556 2995 4638 rediissent,
3040 4557 3247 4622 initio

675 4659 942 4724 facturn
991 4679 1233 4723 eorum
1281 4662 1502 4724 multa
1544 4659 1837 4724 fictione
1886 4662 2313 4744 colorarunt,
2362 4671 2435 4725 et
2482 4664 2716 4728 denuo
2764 4683 3001 4728 coram
3042 4675 3242 4729 certo

678 4765 956 4830 notario
1018 4765 1088 4828 in
1137 4765 1418 4848 scriptis
1479 4767 1754 4849 pariter
1816 4768 1905 4831 ad
1954 4767 2265 4832 futurum
2314 4768 2707 4834 Concilium
2769 4773 3243 4856 appellarunt,

681 4893 921 4944 earum
997 4873 1437 4956 subscriptas
1504 4875 1749 4958 copias
1814 4876 1931 4939 hic
2012 4897 2145 4960 per
2208 4878 2550 4941 ecclesias
2612 4887 2885 4942 incerto
2952 4878 3247 4946 nunctio
