3575 5775
1380 575 1872 632 0-434052—»o

1548 723 1696 789 184.

1204 827 1631 932 campegius
1688 827 2036 910 Sadoleto.

1117 957 1459 1030 (Nuntiat.
1499 956 1804 1018 German.
1840 955 1990 1015 ΜΠ.
2027 957 2132 1028 44.)

1282 1059 1387 1124 (29.
1428 1059 1743 1110 Decembris
1788 1059 1966 1126 1524.)

513 1225 527 1240 .
565 1228 575 1239 .
612 1223 627 1237 .
678 1173 947 1238 Bench’
980 1173 1051 1237 io
1100 1173 1285 1237 stimi
1334 1175 1467 1238 che
1499 1175 1543 1237 ’1
1591 1173 1850 1238 noncio
1887 1175 1976 1238 de
2009 1173 2358 1256 Inspruck
2403 1175 2638 1238 scriva
2669 1178 2907 1256 quello

338 1281 467 1344 che
516 1281 585 1344 la
635 1283 815 1344 oltre
864 1281 925 1344 si
969 1281 1043 1344 fa
1092 1292 1164 1345 et
1205 1269 1518 1362 intende,
1569 1282 1810 1346 niente
1860 1282 1933 1345 di
1965 1300 2174 1344 meno
2207 1281 2360 1344 diro
2395 1300 2572 1364 pure
2607 1282 2812 1345 anch'
2837 1283 2907 1345 io

339 1390 497 1470 quel
561 1389 669 1451 ch’
704 1387 773 1452 io
837 1409 927 1452 ne
988 1399 1213 1456 sento,
1308 1389 1395 1452 El
1454 1389 1854 1472 regimento
1904 1387 2272 1471 imperiale
2337 1388 2408 1450 in
2456 1387 2754 1472 Eslinga
2813 1391 2909 1453 ha

339 1491 672 1559 mandato
722 1498 792 1558 al
836 1495 1173 1579 Principe
1238 1497 1307 1559 la
1354 1495 1790 1560 resolutione
1860 1495 1976 1558 del
2023 1516 2237 1577 parer
2285 1516 2413 1559 suo
2461 1495 2533 1558 di
2581 1495 2908 1560 intimare

338 1622 523 1665 nova
580 1601 773 1666 dieta
820 1623 862 1664 a
910 1601 1051 1666 San
1100 1601 1374 1684 Jacopo
1425 1603 1514 1666 de
1563 1601 1822 1685 Luglio
1873 1610 1945 1665 et
1992 1603 2123 1665 che
2173 1602 2230 1665 si
2280 1601 2514 1666 scriva
2560 1623 2603 1665 a
2647 1601 2908 1665 Cesare

341 1709 467 1771 che
518 1705 590 1773 S.
638 1709 734 1771 M.
783 1711 855 1772 la
899 1708 1323 1790 instituisca,
1384 1719 1454 1771 et
1502 1708 1797 1773 intendo
1848 1710 1978 1772 che
2027 1707 2120 1772 ha
2164 1710 2502 1772 mandato
2552 1729 2692 1771 una
2740 1720 2910 1772 nota

342 1815 428 1878 de
476 1817 543 1878 le
584 1837 751 1880 cose
800 1817 931 1878 che
981 1837 1024 1879 a
1071 1818 1225 1879 loro
1268 1837 1538 1900 pareno
1588 1816 1647 1879 si
1680 1815 2017 1879 debbano
2051 1823 2349 1879 trattare
2382 1813 2454 1877 in
2486 1815 2664 1878 ditta
2695 1815 2906 1879 dieta.

341 1921 395 1984 11
442 1921 767 2006 principe
817 1926 911 1986 ha
958 1933 1313 1987 accettato
1362 1923 1429 1986 el
1478 1943 1735 2006 parere
1783 1924 1961 2004 loro,
2011 1944 2125 1986 ma
2166 1921 2350 1986 inter
2382 1923 2524 1986 alia
2553 1924 2908 1986 vorrebbe

342 2029 471 2093 che
533 2029 761 2111 prima
808 2051 885 2092 se
950 2051 1039 2093 ne
1098 2029 1331 2093 scriva
1392 2051 1434 2092 a
1486 2027 1556 2092 C·
1586 2050 1746 2092 sare
1811 2031 1942 2092 che
2005 2031 2074 2092 al
2122 2031 2320 2091 detto
2382 2038 2624 2112 tempo
2672 2028 2910 2092 indica

340 2137 407 2198 la
454 2133 667 2217 dieta,
718 2147 790 2200 et
836 2135 1267 2201 conformasi
1315 2157 1451 2200 con
1500 2135 1639 2200 essi
1687 2136 1973 2200 mutatis
2020 2136 2298 2218 paucis;
2351 2135 2417 2198 el
2465 2136 2734 2218 luogho
2781 2157 2909 2200 soa

342 2241 649 2306 serenita
708 2245 1066 2308 vorrebbe
1130 2246 1261 2307 che
1329 2243 1524 2306 fusse
1574 2245 1907 2324 Augusta
1969 2252 2042 2305 et
2101 2244 2167 2306 el
2215 2241 2612 2324 regimento
2677 2241 2906 2304 scrive

342 2370 476 2412 non
528 2370 685 2412 esse
735 2353 1145 2415 mutandum
1204 2352 1439 2414 locum
1487 2347 1778 2432 Spirae,
1852 2370 1966 2413 ma
2012 2349 2060 2412 il
2109 2347 2432 2433 principe
2493 2347 2583 2411 ad
2632 2359 2907 2430 partem

342 2455 651 2520 scrivera
710 2479 753 2520 a
803 2457 1064 2522 Cesare
1126 2479 1258 2542 per
1318 2460 1662 2521 obtenere
1728 2458 1860 2519 che
1924 2455 1983 2520 si
2041 2453 2273 2519 faccia
2319 2455 2390 2518 in
2442 2455 2773 2536 Augusta
2839 2464 2910 2517 et

341 2565 582 2628 faciasi
632 2585 832 2628 come
883 2565 954 2628 di
1001 2563 1292 2628 volonta
1342 2563 1415 2627 di
1454 2561 1601 2628 Sua
1632 2563 1931 2648 Maesta,
1983 2574 2055 2627 et
2100 2584 2244 2626 non
2293 2551 2432 2644 per
2469 2561 2903 2626 movimento

341 2671 455 2736 del
489 2670 821 2756 Principe
870 2692 1001 2754 per
1051 2691 1193 2735 non
1240 2691 1498 2754 parere
1549 2669 1617 2734 di
1668 2670 2166 2734 contravenire
2215 2672 2356 2733 3113
2405 2668 2741 2751 opinione
2790 2670 2909 2731 del

339 2779 768 2860 regimento:
822 2787 892 2842 et
938 2799 1069 2861 per
1115 2778 1417 2861 rispetto
1466 2779 1557 2840 de
1605 2777 1653 2840 li
1705 2776 2018 2860 Principi
2051 2776 2408 2856 Rhenani,
2458 2777 2576 2839 alli
2626 2775 2819 2857 quali
2868 2773 2908 2837 ὲ

339 2887 457 2968 piu
506 2887 878 2949 commoda
925 2883 1153 2969 Spita,
1204 2896 1275 2949 et
1320 2885 1507 2950 inter
1555 2884 1695 2949 alia
1742 2884 2160 2948 ricerchano
2209 2905 2253 2946 a
2299 2881 2559 2947 Cesare
2609 2883 2741 2947 che
2789 2883 2904 2946 ad·

339 2993 555 3077 iunga
620 2993 737 3056 doi
801 2992 1116 3076 Principi
1179 2988 1643 3057 Germania]
1706 2990 2040 3073 Principe
2103 3012 2234 3072 per
2296 2988 2448 3053 suoi
2511 2980 2774 3052 oratori
2836 2990 2905 3051 in

341 3104 551 3165 rebus
598 3100 990 3164 tractandis
1040 3110 1113 3163 et
1158 3120 1300 3163 non
1351 3100 1547 3164 sieno
1598 3100 1661 3161 d'
1699 3101 1883 3162 altra
1932 3098 2220 3161 natione
2270 3106 2339 3160 et
2389 3096 2489 3179 gli
2523 3096 2905 3159 nominano

338 3228 379 3271 a
426 3205 692 3273 Cesare
738 3208 939 3270 accio
990 3208 1121 3270 che
1172 3207 1405 3289 elegia
1453 3206 1567 3269 chi
1616 3206 1734 3289 piu
1786 3206 1885 3288 gli
1935 3204 2190 3287 parera
2239 3204 2311 3267 in
2359 3202 2765 3285 propositO,
2837 3213 2907 3265 et

339 3336 510 3380 sono
574 3312 808 3397 questi
854 3314 1179 3377 Marchio
1227 3313 1605 3396 Philippus
1652 3312 2038 3392 Badensi5‚
2101 3310 2508 3375 Fridericus
2556 3310 2723 3373 Dux
2775 3308 2906 3373 Ba-

337 3423 577 3486 variae
627 3422 851 3485 frater
882 3422 1251 3495 electoris;
1304 3418 1659 3503 Georgius
1694 3421 1862 3483 Dux
1893 3419 2291 3493 Saxoniae3
2343 3414 2789 3500 Guglielmus
2838 3430 2910 3481 et

338 3528 747 3593 Ludovicus
806 3524 1095 3592 Fratres
1142 3524 1383 3591 Duces
1430 3526 1816 3602 Bavariae;
1890 3526 2269 3591 Casimirus
2315 3518 2639 3589 Marchio
2688 3524 2908 3587 Bran-

340 3634 915 3717 demburgensis,
964 3616 1317 3697 Henricus
1364 3634 1533 3697 Dux
1582 3633 2288 3716 Meckleburgensis,
2339 3630 2692 3695 Henricus
2741 3632 2910 3694 Dux

338 3741 901 3806 BrunsvicensiS.
998 3738 1403 3805 Sollicitaro
1468 3762 1601 3803 con
1649 3743 1842 3804 buon
1891 3722 2102 3804 modo
2165 3741 2390 3802 haver
2435 3738 2506 3801 la
2555 3748 2725 3802 nota
2789 3739 2907 3801 dal

337 3850 781 3933 Regimento
828 3850 1207 3935 Imperiale
1256 3848 1345 3912 de
1394 3850 1610 3911 rebus
1658 3849 1960 3930 agendis
2010 3856 2082 3910 et
2127 3846 2520 3910 tractandis
2568 3844 2636 3908 in
2672 3844 2908 3922 Dicta,

340 3955 605 4040 perche
652 3955 1012 4041 possiamo
1060 3954 1325 4019 vedere
1376 3975 1711 4037 quorsum
1758 3955 2077 4018 tendant.

517 4062 716 4129 Sono
788 4064 1099 4143 avisato,
1172 4064 1303 4126 che
1375 4063 1416 4126 1’
1438 4064 1662 4125 homo
1733 4064 2068 4124 mandato
2134 4080 2267 4142 per
2330 4060 2380 4123 il
2437 4058 2771 4141 Principe
2838 4057 2910 4119 al

338 4170 767 4254 Moguntino
829 4170 1097 4233 ritorno
1159 4170 1251 4231 ad
1313 4168 1663 4251 Inspruck
1736 4179 1807 4231 et
1866 4188 2000 4251 per
2059 4169 2196 4231 doe
2259 4168 2433 4230 hore
2495 4167 2690 4229 solus
2751 4184 2907 4228 cum

340 4279 492 4341 solo
540 4276 869 4361 principe
914 4278 1117 4359 pario
1166 4278 1253 4340 ne
1310 4276 1372 4339 si
1418 4296 1513 4358 po
1560 4276 1935 4339 intendere
1986 4275 2220 4357 quello
2269 4272 2490 4336 habbi
2537 4270 2908 4353 riportatO,

342 4386 602 4448 dicono
664 4386 797 4448 che
856 4382 1057 4447 finito
1104 4384 1464 4465 cotquuio
1514 4381 1862 4464 Princeps
1923 4390 2210 4465 praeter
2267 4398 2500 4443 mores
2561 4378 2753 4441 visus
2803 4388 2911 4441 est

341 4502 657 4555 moestus
720 4492 1113 4575 perplexus
1172 4488 1695 4571 cogitabundus
1760 4499 1832 4552 et
1880 4498 2071 4551 totus
2119 4487 2443 4569 stupidus
2506 4494 2578 4549 et
2638 4484 2750 4548 chi
2797 4505 2910 4548 me

340 4620 431 4663 ne
480 4597 718 4680 avisa,
783 4598 939 4662 dice
988 4599 1148 4661 chel
1197 4606 1542 4679 seguente
1590 4597 1845 4679 giorno
1894 4596 2121 4658 intese
2168 4594 2363 4657 illum
2423 4612 2674 4675 parum
2719 4593 2910 4655 laeta

339 4703 826 4769 renunciasse.
901 4704 982 4767 In
1032 4703 1272 4787 specie
1320 4722 1463 4765 non
1512 4702 1570 4765 si
1617 4714 1884 4786 poteva
1929 4702 2303 4764 intendere
2339 4701 2550 4774 altro;
2599 4701 2670 4761 la
2697 4698 2910 4780 fama,

341 4814 475 4876 che
539 4810 728 4875 ando
774 4810 818 4874 1²
853 4813 1036 4875 altro
1084 4809 1337 4893 giorno
1388 4819 1660 4872 mentre
1723 4828 1963 4871 eramo
2025 4808 2098 4870 in
2151 4804 2466 4887 Vienna,
2529 4805 2618 4868 de
2681 4806 2910 4867 salute

346 4918 650 5001 CesariS,
697 4920 1051 5002 potrebbe
1099 4916 1315 4980 tirare
1364 4917 1435 4979 13
1480 4916 1858 4998 phantasia
1907 4935 1982 4979 se
2023 4933 2166 4977 non
2215 4916 2346 4977 che
2396 4933 2537 4977 non
2585 4931 2760 4997 pare
2792 4930 2907 4975 ve·
