3575 5775
1648 533 1765 586 0-<B
1842 532 1949 586 228
2026 531 2142 584 Εἷ>-<>

614 676 1093 739 maledictioni
1141 679 1512 740 lutherane
1561 677 1678 740 del
1707 697 1927 758 paese
1978 680 2069 739 de
2096 679 2313 741 bassa
2342 679 2724 760 alemagna
2771 686 2844 740 et
2870 676 3179 751 flandra;

615 803 755 846 non
805 785 1157 846 demando
1207 785 1381 866 pero
1431 804 1600 846 cosa
1629 793 1880 846 contra
1926 783 2192 846 iustitia
2240 805 2353 846 ma
2385 805 2515 868 per
2561 786 2631 848 la
2664 783 2949 867 aequita
2997 804 3180 867 quae

614 900 723 954 est
766 890 937 952 iuris
985 890 1338 971 interpres
1387 898 1458 951 et
1505 891 1757 953 anima.

789 997 874 1058 El
937 997 1305 1059 confessor
1367 1017 1661 1060 cesareo
1725 997 1764 1060 ὲ
1828 998 2046 1060 1110110
2113 1005 2449 1060 0011161110
2512 1007 2585 1060 61
2645 997 2925 1080 allegro
2991 998 3183 1060 delle

612 1105 862 1166 lettere
925 1105 1056 1166 che
1108 1103 1194 1165 V.
1247 1101 1319 1166 S.
1371 1103 1563 1166 Rma
1625 1124 1702 1166 se
1750 1103 1845 1166 ha
1893 1104 2208 1185 degnato
2257 1103 2577 1167 scriverli
2639 1106 2729 1167 de
2794 1125 2921 1168 sua
2970 1124 3181 1167 mano

614 1222 682 1274 et
731 1209 877 1273 cosi
926 1213 994 1273 16
1041 1211 1404 1292 responde
1452 1229 1582 1291 per
1632 1213 1698 1273 16
1747 1211 2003 1274 lettere
2046 1212 2328 1274 adnexe
2358 1213 2497 1273 alle
2535 1211 2690 1274 mie.
2768 1211 2990 1274 Detto
3022 1231 3182 1274 con·

611 1319 842 1380 fessor
887 1338 930 1378 a
980 1317 1207 1398 quest'
1235 1318 1413 1380 hora
1460 1337 1571 1384 me
1619 1318 1712 1379 ha
1760 1317 1960 1380 detto
2009 1316 2215 1380 venir
2262 1319 2352 1380 de
2400 1337 2684 1380 camera
2730 1318 2821 1380 de
2864 1317 3185 1380 Chevres

612 1427 676 1487 61
727 1426 895 1506 qual
944 1424 1102 1487 dice
1151 1434 1297 1487 star
1346 1424 1555 1486 melio
1607 1445 1719 1487 ma
1767 1445 1910 1486 non
1962 1425 2187 1506 perho
2236 1444 2450 1486 senza
2496 1424 2721 1488 febre.

789 1533 946 1596 Non
1010 1535 1104 1595 ho
1152 1541 1446 1613 possuto
1497 1530 1608 1593 far
1671 1534 1803 1594 che
1852 1552 1996 1593 non
2045 1530 2286 1594 mandi
2333 1540 2587 1612 questa
2635 1529 2935 1610 letania,
2993 1532 3185 1594 dove

609 1639 842 1721 questi
872 1638 1053 1726 ladri
1093 1640 1390 1721 parlano
1424 1635 1608 1699 cossi
1640 1637 2098 1718 impiamente
2132 1639 2247 1699 del
2278 1635 2408 1700 8¹⁰⁰
2449 1647 2519 1701 et
2553 1636 2668 1700 un’
2697 1639 2879 1701 altra
2906 1642 3185 1721 paccia.

609 1746 696 1812 V.
750 1743 822 1808 S.
872 1746 1064 1808 Rma
1124 1745 1244 1827 poi
1293 1766 1368 1807 se
1418 1745 1738 1826 degnara
1785 1745 1969 1807 farle
2020 1746 2314 1806 mandar
2362 1765 2404 1806 a
2452 1745 2693 1808 Roma
2750 1765 2883 1826 per
2929 1765 3189 1826 passar

609 1864 871 1934 tempo.
977 1851 1106 1915 Chi
1183 1853 1464 1914 volesse
1545 1851 1843 1913 mandar
1916 1850 2089 1933 ogni
2159 1871 2329 1914 cosa
2406 1853 2958 1932 besognarebbe
3039 1871 3189 1916 uno

610 1959 1000 2040 cariaggiO.

791 2063 1114 2128 Sarebbe
1178 2084 1312 2146 pur
1361 2067 1551 2126 bono
1615 2064 1748 2126 che
1796 2063 1846 2125 11
1892 2065 2117 2126 nostri
2166 2065 2598 2128 accademici
2662 2075 2732 2128 et
2789 2065 2949 2128 altri
2999 2065 3191 2128 dotti

611 2173 912 2235 d’Italia
971 2182 1042 2235 et
1088 2171 1464 2254 presertim
1515 2172 1604 2234 de
1653 2171 1896 2234 Roma
1944 2171 2491 2234 cominciassero
2558 2174 2896 2254 alquanto
2944 2193 3188 2236 resen-

609 2280 782 2343 tirse
849 2288 918 2342 et
965 2279 1200 2342 alcuni
1271 2278 1384 2341 chi
1431 2297 1568 2360 pur
1635 2297 1860 2340 sanno
1911 2290 2403 2342 severamente
2470 2281 2865 2360 respondet
2931 2291 3195 2343 contra

612 2396 864 2468 questa
895 2385 1197 2448 heresia.
1270 2385 1457 2448 Altri
1491 2384 1761 2448 scriver
1794 2387 2095 2466 qualche
2126 2405 2296 2449 cosa
2327 2387 2417 2447 ad
2448 2387 2677 2449 honor
2708 2386 2798 2448 de
2828 2386 2898 2448 16
2927 2387 3195 2468 patria,

611 2495 701 2555 de
732 2495 802 2555 16
832 2495 999 2574 qual
1030 2491 1259 2573 questi
1291 2490 1630 2556 Germani
1661 2504 1750 2554 ne
1779 2491 2000 2554 fanno
2032 2501 2230 2555 tanto
2265 2512 2451 2574 poco
2482 2491 2709 2556 stima.
2772 2491 3005 2574 Spero
3040 2496 3195 2557 ben

611 2602 744 2664 che
791 2620 868 2662 se
916 2598 963 2661 li
1014 2598 1236 2661 nostri
1281 2618 1604 2661 voranno
1653 2598 1764 2661 far
1812 2599 2115 2680 qualche
2164 2598 2525 2681 apologia,
2573 2600 2643 2660 la
2691 2597 2995 2663 faranno
3046 2620 3195 2664 con

611 2708 732 2790 piu
782 2706 1044 2770 iudicio
1093 2715 1164 2769 et
1211 2727 1351 2768 non
1403 2727 1562 2768 cum
1611 2708 1849 2786 quella
1896 2704 2189 2788 impieta
2236 2706 2368 2767 che
2418 2705 2635 2768 fanno
2683 2705 2733 2768 11
2781 2705 3005 2768 nostri
3056 2706 3199 2770 cri-

610 2814 961 2878 minatori.
1055 2814 1134 2876 Io
1197 2833 1328 2895 per
1389 2834 1539 2891 me,
1611 2833 1688 2875 se
1751 2833 1890 2876 una
1952 2814 2149 2874 volta
2197 2811 2336 2875 Dio
2400 2832 2512 2875 me
2578 2813 2669 2874 da
2730 2811 2963 2893 gratia
3027 2814 3199 2895 che,

610 2922 934 3005 quaesito
1001 2921 1170 2984 mihi
1217 2942 1405 3003 pane
1478 2922 1570 2983 ad
1619 2919 2006 2983 senectutis
2054 2920 2429 2999 viaticum,
2499 2919 2693 2982 habii
2752 2920 2793 2982 l'
2822 2920 3059 2983 animo
3116 2920 3197 2985 in

611 3031 852 3113 quieta
899 3031 1110 3093 domo
1125 3077 1144 3110 ,
1216 3027 1333 3110 gia
1396 3030 1528 3090 che
1577 3048 1704 3090 son
1763 3027 2028 3089 intrato
2093 3026 2164 3089 in
2216 3029 2743 3108 questa-dauza
2805 3028 3201 3091 lutherana

612 3134 1092 3200 sforzarommi
1141 3134 1254 3197 far
1298 3136 1369 3198 10
1419 3154 1579 3197 111611
1630 3135 1770 3197 11161
1840 3136 1971 3197 che
2021 3134 2231 3216 potro
2294 3144 2544 3195 contra
2592 3136 2821 3214 questi
2870 3154 3012 3196 non
3062 3135 3198 3217 gia

611 3243 876 3307 fratelli
925 3241 1144 3305 nostri
1196 3242 1283 3304 116
1333 3242 1632 3304 membri
1682 3242 1772 3305 de
1822 3241 2105 3305 Christo
2154 3261 2269 3305 ma
2313 3240 2584 3322 peggio
2634 3242 2765 3304 che
2814 3241 2994 3303 cani.
3096 3242 3199 3307 Et

610 3359 792 3412 tutto
841 3351 911 3411 al
957 3350 1187 3411 honor
1236 3349 1324 3410 de
1353 3348 1493 3410 Dio
1543 3357 1615 3411 et
1664 3349 1781 3411 del
1830 3368 1957 3411 suo
2005 3348 2273 3411 vicario
2324 3358 2396 3411 et
2443 3349 2535 3410 de
2578 3345 2842 3411 Sancta
2876 3347 3193 3415 Chiesia.

613 3457 682 3519 A
728 3457 817 3519 V.
867 3454 940 3518 S.
989 3456 1184 3519 illma
1238 3463 1408 3519 baso
1457 3457 1524 3518 le
1573 3454 1782 3519 mani.

1755 3673 1763 3679 ,.
1771 3669 1781 3676 ³
1793 3669 1928 3681 ⁶*wa
1957 3668 1999 3680 2·ae
2009 3669 2093 3679 ‘Na

1848 3901 1954 3966 90.

1121 4018 1480 4097 Aleander
1533 4038 1801 4121 magno
1858 4016 2303 4097 Cancellario
2359 4017 2665 4118 imperii.

1469 4164 1750 4233 (Nuntiat.
1791 4165 2043 4224 German.
2080 4164 2124 4222 1.
2181 4164 2313 4227 204.)

1373 4284 1530 4350 (Post
1567 4286 1796 4333 medium
1838 4284 2029 4333 mensis
2070 4284 2199 4333 Maii
2246 4282 2421 4351 1521.)

791 4425 1000 4487 Mitto
1051 4425 1357 4489 edictum
1405 4425 1698 4489 latinum
1748 4436 1821 4489 et
1866 4424 2333 4488 alemanicum
2383 4446 2598 4508 super
2636 4446 2713 4487 re
2747 4424 3197 4493 Lutherana.

615 4534 810 4595 Deus
857 4531 1157 4613 inspiret
1206 4544 1279 4594 ut
1325 4532 1396 4593 id
1447 4532 1891 4613 potissimum
1961 4532 2087 4595 fiat
2156 4534 2347 4613 quod
2418 4533 2513 4594 acl
2580 4552 2833 4613 pacem
2896 4542 2966 4595 et
3017 4554 3198 4600 con·

614 4639 1089 4702 servationem
1139 4639 1546 4723 Religionis
1596 4652 1880 4703 nostrae
1928 4639 2169 4703 facere
2240 4638 2587 4703 videatur.
2682 4639 2893 4703 Certe
2962 4661 3201 4722 super

613 4766 693 4809 re
739 4746 1028 4809 Martini
1077 4746 1246 4808 nihil
1295 4755 1536 4828 potest
1584 4768 1742 4810 esse
1791 4746 2028 4809 sanius
2076 4745 2326 4809 iustius
2374 4758 2496 4809 aut
2544 4747 2767 4810 maius
2815 4745 2965 4810 iure
3017 4769 3199 4815 con—

609 4852 961 4919 firmatum
1012 4874 1220 4938 quam
1271 4854 1463 4939 quod
1519 4853 1588 4915 in
1652 4853 1880 4939 prima
1946 4852 2158 4919 edicti
2218 4864 2424 4939 parte
2488 4852 2923 4938 continetur,
2990 4856 3198 4926 adeo
