3575 5775
1701 527 2197 592 0⁴34OEspae

1881 827 2028 892 181.

1331 941 1651 1024 Clemens
1706 941 1864 1022 VII.
1924 941 2118 1022 card.
2177 940 2570 1044 Campegio.

944 1093 1131 1162 (olem.
1169 1091 1291 1150 vn.
1328 1091 1505 1164 Epist.
1545 1091 1619 1148 ad.
1652 1090 1938 1164 Principe·
1973 1105 2076 1164 pu·
2111 1089 2438 1149 &deletum
2475 1091 2671 1162 script.
2708 1087 2798 1148 fol.
2838 1089 2948 1159 85.)

1628 1209 1697 1262 (1.
1740 1202 2052 1250 Decembris
2097 1200 2270 1268 1524.)

850 1327 1070 1392 Venit
1118 1328 1209 1390 ad
1258 1345 1507 1390 manus
1554 1337 1837 1388 nostras
1885 1328 2291 1408 exemplum
2331 1324 2739 1406 diplomatis
2786 1345 2916 1406 per
2947 1324 3252 1406 Episco-

672 1457 839 1520 pum
890 1433 1495 1513 Sambianensem,
1544 1442 1623 1496 ut
1667 1433 1914 1496 titulus
1965 1435 2424 1512 demonstrat,
2473 1431 2666 1510 facti,
2715 1433 2784 1496 in
2835 1451 2975 1514 quo
3019 1435 3254 1498 multa

672 1544 969 1625 indigna
1016 1542 1137 1604 illo
1187 1543 1458 1604 honore
1506 1561 1714 1622 quem
1764 1541 1958 1622 gerit
2005 1550 2076 1603 et
2123 1539 2244 1603 illa
2290 1539 2601 1622 pastoris
2659 1557 2970 1620 persona
3027 1559 3252 1620 quam

673 1651 995 1728 sustinet,
1044 1650 1313 1712 inserta
1360 1657 1542 1728 sunt,
1606 1647 1806 1710 cuius
1869 1649 1958 1710 ad
2009 1649 2367 1712 sedandos
2414 1647 2752 1710 tumultus
2803 1647 3248 1712 Lutherana·

672 1778 827 1840 rum
874 1755 1265 1818 factionum
1300 1775 1443 1818 non
1474 1756 1566 1817 ad
1599 1756 1972 1836 augendos
2021 1766 2093 1817 et
2141 1754 2608 1818 concitandos
2657 1773 3016 1836 propensa
3085 1775 3254 1816 esse

676 1867 987 1928 debebat
1036 1863 1468 1942 authoritaS‚
1536 1872 1614 1926 ut
1668 1861 1840 1925 fidei
1899 1861 2001 1924 illi
2067 1860 2370 1925 serviret
2427 1869 2624 1924 recte
2691 1870 2762 1926 et
2822 1861 3103 1924 sincere
3153 1861 3254 1922 ad

677 1993 885 2054 quam
958 1981 1253 2034 vocatus
1317 1981 1461 2049 est,
1518 1989 1672 2058 ‘non
1752 1979 1832 2031 ut
1894 1969 2042 2032 dux
2099 1979 2290 2032 esset
2354 1967 2873 2032 haereticorum
2941 1987 3254 2049 quorum

677 2099 1065 2162 oppressor
1116 2099 1272 2140 esse
1323 2077 1655 2140 debebat.
1748 2076 1945 2159 Ergo
1993 2075 2062 2140 in
2112 2077 2236 2140 illo
2287 2076 2676 2157 diplomate
2741 2077 2958 2142 multa
3003 2075 3258 2138 insunt

678 2186 941 2249 iudicia
1019 2186 1507 2266 arrogantiae,
1598 2165 2024 2248 testimonia·
2071 2180 2483 2264 impietatis;
2554 2203 2716 2246 nam
2793 2191 2862 2244 et
2931 2179 3256 2244 Sanctae

677 2291 849 2356 Sedi
905 2292 1365 2373 Apostolicae
1424 2290 1638 2372 impie
1702 2288 2012 2354 detrahit
2075 2299 2146 2352 et
2208 2291 2551 2371 pleraque
2614 2309 2882 2352 summo
2943 2288 3258 2352 consilio

676 2421 719 2462 a
768 2399 1051 2462 Sanctis
1100 2398 1433 2461 Patribus
1480 2397 1802 2461 instituta
1868 2399 1958 2460 ad
2015 2395 2488 2460 temeritatem
2547 2395 2652 2460 sui
2719 2395 2992 2460 arbitrii
3055 2415 3256 2462 arro-

676 2515 935 2587 ganter
985 2514 1391 2585 commutat,
1442 2524 1625 2586 quae
1674 2505 1870 2566 nullo
1919 2505 2132 2566 modo
2173 2503 2380 2566 nobis
2427 2523 2640 2584 posse
2684 2501 2856 2566 ferri
2889 2502 3256 2566 videntur.

682 2613 1023 2675 Dolemus
1070 2631 1203 2674 nos
1252 2611 1536 2693 quidem
1586 2614 1766 2674 tales
1815 2611 2020 2674 nobis
2070 2609 2382 2674 incidere
2433 2611 2926 2684 necessitateS,
2993 2617 3074 2671 ut
3147 2631 3254 2672 se-

681 2717 981 2781 veritate
1032 2719 1367 2780 utendum
1416 2717 1507 2779 sit
1554 2719 1839 2799 quando
1889 2716 2128 2798 potius
2175 2716 2640 2780 humilitatem
2691 2727 2761 2780 et
2796 2717 3258 2780 clementiam

682 2845 1027 2889 exercere
1075 2826 1451 2899 vellemus;
1528 2824 1655 2888 sed
1705 2823 1994 2888 nimium
2057 2823 2261 2906 gravi
2329 2843 2498 2888 cura
2552 2824 2937 2907 premimur
2998 2823 3260 2907 gregis

678 2932 903 2997 nostri
952 2932 1214 3012 dilecti,
1267 2952 1471 3015 quem
1523 2952 1566 2994 a
1612 2934 1776 2994 labe
1829 2942 1900 2993 et
1949 2932 2381 3013 contagione
2429 2942 2570 2993 tam
2623 2932 2970 2995 exitiosae
3019 2933 3259 3015 pestis

676 3040 1056 3103 immunem
1104 3049 1319 3121 atque
1367 3040 1722 3121 integrum
1784 3038 2108 3121 cupimus
2170 3058 2619 3101 conservare.
2725 3039 2968 3120 Auget
3029 3039 3258 3101 etiam

670 3149 999 3209 dolorem
1048 3156 1121 3209 et
1168 3146 1714 3209 sollicitudinem
1762 3155 2078 3208 nostram
2137 3144 2394 3227 ingens
2461 3146 2812 3227 quaedam
2870 3145 3258 3209 admiratio

680 3256 767 3317 de
842 3254 1102 3316 dilecto
1174 3252 1318 3315 filio
1396 3254 1701 3315 Alberto
1771 3251 2181 3315 marchione
2257 3250 2892 3333 Brandeburgensi
2955 3250 3262 3317 Ordinis

677 3361 951 3423 Beatae
996 3360 1269 3422 Mariae
1317 3359 1922 3422 ‘l'heutonicorum
1988 3378 2250 3440 magno
2299 3358 2639 3439 magistro
2690 3358 2988 3421 Prusiae
3033 3378 3260 3440 quem

680 3488 811 3531 nos
858 3467 1169 3549 amplexi
1220 3486 1502 3547 semper
1550 3466 1898 3549 singulari
1949 3467 2255 3549 quodam
2303 3486 2544 3529 amore
2593 3474 2665 3529 et
2689 3474 2991 3547 paterna
3021 3468 3258 3531 chari·

679 3586 827 3637 tate
844 3594 1103 3654 511111115,
1122 3574 1322 3635 cuius
1348 3572 1791 3655 dignitatem,
1821 3582 2102 3652 statum,
2129 3572 2712 3654 tranquillitatem
2737 3592 2946 3653 quam
2965 3592 3264 3656 semper

682 3682 875 3745 cordi
928 3680 1383 3745 habuerimus
1441 3680 1652 3743 etiam
1710 3689 1878 3743 ante
1939 3700 2098 3743 cum
2161 3700 2291 3742 nos
2347 3680 2417 3743 in
2483 3678 2873 3743 minoribus
2933 3699 3262 3743 essemus

679 3788 1040 3853 constituti
1108 3798 1177 3851 et
1244 3787 1673 3869 protectioni
1739 3786 1848 3849 sui
1915 3785 2184 3849 ordinis
2255 3797 2534 3867 gratam
2602 3787 2930 3851 omnibus
2991 3785 3262 3850 officiis

676 3898 865 3961 illam
917 3896 1355 3959 servavimus
1404 3905 1477 3958 et
1524 3914 1699 3977 quos
1748 3896 2068 3973 laboreS,
2132 3913 2308 3975 quas
2373 3912 2504 3974 pro
2571 3914 2656 3955 eo
2723 3894 3260 3975 susceperimus

683 4025 887 4067 curas
936 4004 1089 4065 Tua
1139 4000 1695 4083 Circumspectio
1758 4002 2066 4083 optimus
2129 4010 2238 4065 est
2292 3999 2516 4064 testis,
2621 3999 2807 4081 Quid
2859 3999 3044 4063 enim
3099 4015 3262 4069 erat

682 4112 869 4193 quod
938 4111 1028 4172 de
1102 4130 1185 4171 eo
1258 4108 1465 4171 nobis
1536 4110 1879 4171 audacter
1959 4108 2573 4190 promitteremuS‚
2637 4108 2826 4188 quod
2893 4107 3260 4172 vinculum

681 4217 969 4297 amoriS,
1041 4236 1226 4298 quae
1289 4216 1541 4278 deerat
1603 4216 2058 4277 coniunctio?
2121 4217 2235 4277 vel
2303 4214 2488 4277 enim
2555 4224 2852 4296 propter
2897 4224 3260 4279 vetustam

684 4323 1144 4386 Nobilitatem
1214 4321 1524 4385 familiae
1556 4342 1748 4401 suae,
1797 4325 1912 4385 vel
1946 4332 2243 4404 propter
2281 4321 2510 4405 {psius
2553 4321 2880 4403 proprias
2931 4322 3260 4390 eximias—

681 4451 818 4513 que
868 4430 1185 4509 virtutes,
1232 4429 1350 4491 vel
1400 4449 1583 4510 quae
1630 4440 2030 4493 nostrarum
2079 4430 2412 4491 domuum
2460 4428 2645 4492 inter
2693 4448 2770 4491 se
2803 4437 3044 4493 mutua
3077 4451 3260 4495 sem-

680 4556 810 4619 per
872 4535 1272 4598 intercessit
1333 4534 1874 4615 benevolentia,
1939 4535 2125 4597 illius
2186 4555 2303 4597 res
2364 4543 2444 4597 ut
2507 4535 2652 4597 cari
2719 4546 2790 4597 et
2837 4534 3080 4598 dilecti
3129 4536 3262 4599 filii

681 4654 1017 4726 tanquam
1067 4650 1346 4705 nostras
1395 4640 1761 4721 duximuS,
1827 4642 2317 4723 habemusque
2379 4640 2448 4704 in
2512 4643 2785 4705 honore
2847 4662 3074 4723 penes
3123 4664 3262 4707 nos

682 4752 861 4813 duos
909 4748 1131 4831 ipsius
1178 4748 1436 4811 fratres
1486 4758 1555 4811 et
1604 4747 1888 4829 quidem
1936 4747 2144 4811 nobis
2210 4760 2460 4831 gratos
2525 4758 2670 4813 tum
2735 4768 2864 4813 sua
2933 4748 3257 4831 ipsorum

684 4858 941 4923 virtute
1004 4867 1146 4919 tum
1209 4856 1424 4919 totius
1482 4854 1791 4917 familiae
1858 4854 2228 4937 dignitate.
2353 4855 2556 4939 Quae
2619 4866 2812 4920 certe
2874 4855 3117 4921 officia
3189 4869 3266 4923 et
