<?xml version="1.0" encoding="UTF-8"?>
<!DOCTYPE html PUBLIC "-//W3C//DTD XHTML 1.0 Transitional//EN"
    "http://www.w3.org/TR/xhtml1/DTD/xhtml1-transitional.dtd">
<html xmlns="http://www.w3.org/1999/xhtml" xml:lang="en" lang="en">
 <head>
  <title>
</title>
<meta http-equiv="Content-Type" content="text/html;charset=utf-8" />
  <meta name='ocr-system' content='tesseract 3.04.00' />
  <meta name='ocr-capabilities' content='ocr_page ocr_carea ocr_par ocr_line ocrx_word'/>
</head>
<body>
  <div class='ocr_page' id='page_1' title='image "./monumentareform02vatigoog_0451.png"; bbox 0 0 3575 5775; ppageno 0'>
   <div class='ocr_carea' id='block_1_1' title="bbox 1303 572 1799 638">
    <p class='ocr_par' dir='ltr' id='par_1_1' title="bbox 1303 572 1799 638">
     <span class='ocr_line' id='line_1_1' title="bbox 1303 572 1799 638; baseline 0 -1"><span class='ocrx_word' id='word_1_1' title='bbox 1303 572 1799 638; x_wconf 51' lang='lat'><strong>0-43355&amp;</strong></span> 
     </span>
    </p>
   </div>
   <div class='ocr_carea' id='block_1_2' title="bbox 287 722 2833 3912">
    <p class='ocr_par' dir='ltr' id='par_1_2' title="bbox 287 722 2833 3912">
     <span class='ocr_line' id='line_1_2' title="bbox 295 722 2833 810; baseline 0.002 -25"><span class='ocrx_word' id='word_1_2' title='bbox 295 724 516 789; x_wconf 85' lang='lat' dir='ltr'><strong>cidere</strong></span> <span class='ocrx_word' id='word_1_3' title='bbox 592 734 938 807; x_wconf 81' lang='lat' dir='ltr'>nequeat,</span> <span class='ocrx_word' id='word_1_4' title='bbox 1015 725 1325 789; x_wconf 88' lang='lat' dir='ltr'><strong>offerens</strong></span> <span class='ocrx_word' id='word_1_5' title='bbox 1389 747 1502 791; x_wconf 91' lang='lat' dir='ltr'><strong>me</strong></span> <span class='ocrx_word' id='word_1_6' title='bbox 1564 748 1646 790; x_wconf 88' lang='lat' dir='ltr'><strong>ac</strong></span> <span class='ocrx_word' id='word_1_7' title='bbox 1713 747 1959 790; x_wconf 90' lang='lat' dir='ltr'><strong>omnes</strong></span> <span class='ocrx_word' id='word_1_8' title='bbox 2027 724 2219 790; x_wconf 88' lang='lat' dir='ltr'><strong>vires</strong></span> <span class='ocrx_word' id='word_1_9' title='bbox 2295 734 2367 789; x_wconf 93' lang='lat' dir='ltr'><strong>et</strong></span> <span class='ocrx_word' id='word_1_10' title='bbox 2426 722 2699 810; x_wconf 88' lang='lat' dir='ltr'><strong>ingenii</strong></span> <span class='ocrx_word' id='word_1_11' title='bbox 2760 730 2833 791; x_wconf 88' lang='lat' dir='ltr'><strong>et</strong></span> 
     </span>
     <span class='ocr_line' id='line_1_3' title="bbox 287 832 2829 915; baseline 0.001 -21"><span class='ocrx_word' id='word_1_12' title='bbox 287 832 554 895; x_wconf 84' lang='lat' dir='ltr'><strong>fortune</strong></span> <span class='ocrx_word' id='word_1_13' title='bbox 627 832 1146 915; x_wconf 85' lang='lat' dir='ltr'><strong>impensurum,</strong></span> <span class='ocrx_word' id='word_1_14' title='bbox 1226 833 1294 897; x_wconf 91' lang='lat' dir='ltr'><strong>in</strong></span> <span class='ocrx_word' id='word_1_15' title='bbox 1374 834 1509 897; x_wconf 90' lang='lat' dir='ltr'><strong>hiis</strong></span> <span class='ocrx_word' id='word_1_16' title='bbox 1584 852 1723 915; x_wconf 92' lang='lat' dir='ltr'><strong>que</strong></span> <span class='ocrx_word' id='word_1_17' title='bbox 1798 834 1889 896; x_wconf 91' lang='lat' dir='ltr'><strong>ad</strong></span> <span class='ocrx_word' id='word_1_18' title='bbox 1967 836 2533 898; x_wconf 82' lang='lat' dir='ltr'><strong>conservandam</strong></span> <span class='ocrx_word' id='word_1_19' title='bbox 2611 834 2829 897; x_wconf 90' lang='lat' dir='ltr'><strong>cristi-</strong></span> 
     </span>
     <span class='ocr_line' id='line_1_4' title="bbox 287 939 2831 1023; baseline 0.001 -22"><span class='ocrx_word' id='word_1_20' title='bbox 287 960 512 1020; x_wconf 86' lang='lat' dir='ltr'>anam,</span> <span class='ocrx_word' id='word_1_21' title='bbox 587 950 660 1003; x_wconf 89' lang='lat' dir='ltr'><strong>et</strong></span> <span class='ocrx_word' id='word_1_22' title='bbox 721 939 936 1003; x_wconf 89' lang='lat' dir='ltr'><strong>fidem</strong></span> <span class='ocrx_word' id='word_1_23' title='bbox 1007 950 1079 1002; x_wconf 91' lang='lat' dir='ltr'><strong>et</strong></span> <span class='ocrx_word' id='word_1_24' title='bbox 1138 940 1558 1023; x_wconf 83' lang='lat' dir='ltr'>religionem</span> <span class='ocrx_word' id='word_1_25' title='bbox 1620 942 2059 1012; x_wconf 87' lang='lat' dir='ltr'><strong>conducunt;</strong></span> <span class='ocrx_word' id='word_1_26' title='bbox 2122 948 2434 1003; x_wconf 82' lang='lat' dir='ltr'><strong>attamen</strong></span> <span class='ocrx_word' id='word_1_27' title='bbox 2496 940 2831 1004; x_wconf 82' lang='lat' dir='ltr'><strong>Vestram</strong></span> 
     </span>
     <span class='ocr_line' id='line_1_5' title="bbox 287 1045 2831 1130; baseline 0 -21"><span class='ocrx_word' id='word_1_28' title='bbox 287 1045 736 1109; x_wconf 84' lang='lat' dir='ltr'><strong>Sanctitatem</strong></span> <span class='ocrx_word' id='word_1_29' title='bbox 799 1047 1022 1109; x_wconf 93' lang='lat' dir='ltr'><strong>latere</strong></span> <span class='ocrx_word' id='word_1_30' title='bbox 1097 1048 1264 1110; x_wconf 93' lang='lat' dir='ltr'><strong>nolo</strong></span> <span class='ocrx_word' id='word_1_31' title='bbox 1330 1068 1373 1110; x_wconf 98' lang='lat' dir='ltr'><strong>a</strong></span> <span class='ocrx_word' id='word_1_32' title='bbox 1443 1047 1805 1129; x_wconf 90' lang='lat' dir='ltr'><strong>plerisque</strong></span> <span class='ocrx_word' id='word_1_33' title='bbox 1882 1047 2311 1110; x_wconf 86' lang='lat' dir='ltr'><strong>adversariis</strong></span> <span class='ocrx_word' id='word_1_34' title='bbox 2368 1046 2545 1110; x_wconf 88' lang='lat' dir='ltr'><strong>meis</strong></span> <span class='ocrx_word' id='word_1_35' title='bbox 2614 1067 2831 1130; x_wconf 87' lang='lat' dir='ltr'><strong>super</strong></span> 
     </span>
     <span class='ocr_line' id='line_1_6' title="bbox 287 1152 2828 1235; baseline 0 -19"><span class='ocrx_word' id='word_1_36' title='bbox 287 1174 412 1231; x_wconf 90' lang='lat' dir='ltr'><strong>me,</strong></span> <span class='ocrx_word' id='word_1_37' title='bbox 467 1154 675 1217; x_wconf 91' lang='lat' dir='ltr'><strong>etiam</strong></span> <span class='ocrx_word' id='word_1_38' title='bbox 723 1162 1344 1235; x_wconf 82' lang='lat' dir='ltr'><strong>quantumcunque</strong></span> <span class='ocrx_word' id='word_1_39' title='bbox 1389 1153 1592 1217; x_wconf 91' lang='lat' dir='ltr'><strong>iustis</strong></span> <span class='ocrx_word' id='word_1_40' title='bbox 1640 1154 1872 1217; x_wconf 84' lang='lat' dir='ltr'><strong>causis</strong></span> <span class='ocrx_word' id='word_1_41' title='bbox 1918 1152 2277 1234; x_wconf 85' lang='lat' dir='ltr'><strong>fulcitum,</strong></span> <span class='ocrx_word' id='word_1_42' title='bbox 2324 1156 2547 1218; x_wconf 92' lang='lat' dir='ltr'><strong>multa</strong></span> <span class='ocrx_word' id='word_1_43' title='bbox 2592 1154 2828 1217; x_wconf 89' lang='lat' dir='ltr'><strong>coniu-</strong></span> 
     </span>
     <span class='ocr_line' id='line_1_7' title="bbox 287 1260 2828 1343; baseline 0.001 -20"><span class='ocrx_word' id='word_1_44' title='bbox 287 1261 438 1341; x_wconf 89' lang='lat' dir='ltr'><strong>rari,</strong></span> <span class='ocrx_word' id='word_1_45' title='bbox 486 1281 626 1343; x_wconf 92' lang='lat' dir='ltr'><strong>quo</strong></span> <span class='ocrx_word' id='word_1_46' title='bbox 675 1261 750 1324; x_wconf 90' lang='lat' dir='ltr'><strong>in</strong></span> <span class='ocrx_word' id='word_1_47' title='bbox 783 1260 1260 1325; x_wconf 85' lang='lat' dir='ltr'><strong>vetustissimo</strong></span> <span class='ocrx_word' id='word_1_48' title='bbox 1307 1262 1741 1325; x_wconf 89' lang='lat' dir='ltr'><strong>hereditario</strong></span> <span class='ocrx_word' id='word_1_49' title='bbox 1789 1260 1941 1323; x_wconf 88' lang='lat' dir='ltr'><strong>iure</strong></span> <span class='ocrx_word' id='word_1_50' title='bbox 1990 1281 2171 1341; x_wconf 89' lang='lat' dir='ltr'><strong>me0,</strong></span> <span class='ocrx_word' id='word_1_51' title='bbox 2221 1262 2525 1343; x_wconf 89' lang='lat' dir='ltr'><strong>quadam</strong></span> <span class='ocrx_word' id='word_1_52' title='bbox 2587 1261 2828 1325; x_wconf 84' lang='lat' dir='ltr'><strong>nescio</strong></span> 
     </span>
     <span class='ocr_line' id='line_1_8' title="bbox 287 1368 2833 1451; baseline 0 -20"><span class='ocrx_word' id='word_1_53' title='bbox 287 1370 510 1431; x_wconf 81' lang='lat' dir='ltr'><strong>velata</strong></span> <span class='ocrx_word' id='word_1_54' title='bbox 577 1368 968 1432; x_wconf 91' lang='lat' dir='ltr'><strong>adhesione</strong></span> <span class='ocrx_word' id='word_1_55' title='bbox 1016 1370 1476 1433; x_wconf 89' lang='lat' dir='ltr'><strong>vehementer</strong></span> <span class='ocrx_word' id='word_1_56' title='bbox 1521 1372 1849 1449; x_wconf 87' lang='lat' dir='ltr'><strong>turbare,</strong></span> <span class='ocrx_word' id='word_1_57' title='bbox 1922 1378 1995 1431; x_wconf 92' lang='lat' dir='ltr'><strong>et</strong></span> <span class='ocrx_word' id='word_1_58' title='bbox 2062 1378 2449 1451; x_wconf 87' lang='lat' dir='ltr'><strong>propterea</strong></span> <span class='ocrx_word' id='word_1_59' title='bbox 2498 1368 2833 1433; x_wconf 86' lang='lat' dir='ltr'><strong>Vestram</strong></span> 
     </span>
     <span class='ocr_line' id='line_1_9' title="bbox 289 1473 2827 1557; baseline 0 -19"><span class='ocrx_word' id='word_1_60' title='bbox 289 1473 771 1557; x_wconf 84' lang='lat' dir='ltr'><strong>Sanctitatem,</strong></span> <span class='ocrx_word' id='word_1_61' title='bbox 847 1496 1055 1557; x_wconf 90' lang='lat' dir='ltr'><strong>quam</strong></span> <span class='ocrx_word' id='word_1_62' title='bbox 1105 1475 1240 1539; x_wconf 85' lang='lat' dir='ltr'>sibi</span> <span class='ocrx_word' id='word_1_63' title='bbox 1289 1476 1764 1539; x_wconf 84' lang='lat' dir='ltr'><strong>turbationem</strong></span> <span class='ocrx_word' id='word_1_64' title='bbox 1815 1485 1886 1538; x_wconf 91' lang='lat' dir='ltr'><strong>et</strong></span> <span class='ocrx_word' id='word_1_65' title='bbox 1934 1473 2257 1538; x_wconf 91' lang='lat' dir='ltr'><strong>iniuriam</strong></span> <span class='ocrx_word' id='word_1_66' title='bbox 2305 1496 2561 1557; x_wconf 90' lang='lat' dir='ltr'><strong>meam,</strong></span> <span class='ocrx_word' id='word_1_67' title='bbox 2635 1476 2827 1539; x_wconf 91' lang='lat' dir='ltr'><strong>haud</strong></span> 
     </span>
     <span class='ocr_line' id='line_1_10' title="bbox 290 1582 2829 1667; baseline 0 -21"><span class='ocrx_word' id='word_1_68' title='bbox 290 1604 498 1665; x_wconf 89' lang='lat' dir='ltr'><strong>secus,</strong></span> <span class='ocrx_word' id='word_1_69' title='bbox 548 1604 760 1665; x_wconf 90' lang='lat' dir='ltr'><strong>quam</strong></span> <span class='ocrx_word' id='word_1_70' title='bbox 808 1604 1004 1647; x_wconf 90' lang='lat' dir='ltr'><strong>suam</strong></span> <span class='ocrx_word' id='word_1_71' title='bbox 1051 1584 1418 1667; x_wconf 89' lang='lat' dir='ltr'><strong>propriam</strong></span> <span class='ocrx_word' id='word_1_72' title='bbox 1467 1584 1879 1648; x_wconf 86' lang='lat' dir='ltr'><strong>existimare</strong></span> <span class='ocrx_word' id='word_1_73' title='bbox 1927 1603 2069 1645; x_wconf 92' lang='lat' dir='ltr'><strong>non</strong></span> <span class='ocrx_word' id='word_1_74' title='bbox 2120 1582 2398 1663; x_wconf 83' lang='lat' dir='ltr'><strong>diffido,</strong></span> <span class='ocrx_word' id='word_1_75' title='bbox 2444 1583 2829 1647; x_wconf 87' lang='lat' dir='ltr'><strong>humillime</strong></span> 
     </span>
     <span class='ocr_line' id='line_1_11' title="bbox 288 1688 2829 1773; baseline 0 -20"><span class='ocrx_word' id='word_1_76' title='bbox 288 1711 489 1773; x_wconf 88' lang='lat' dir='ltr'><strong>rog0,</strong></span> <span class='ocrx_word' id='word_1_77' title='bbox 559 1710 691 1773; x_wconf 93' lang='lat' dir='ltr'><strong>pro</strong></span> <span class='ocrx_word' id='word_1_78' title='bbox 753 1690 1044 1763; x_wconf 85' lang='lat' dir='ltr'><strong>Vestre</strong></span> <span class='ocrx_word' id='word_1_79' title='bbox 1090 1688 1507 1754; x_wconf 88' lang='lat' dir='ltr'><strong>Sanctitatis</strong></span> <span class='ocrx_word' id='word_1_80' title='bbox 1575 1690 1648 1753; x_wconf 88' lang='lat' dir='ltr'><strong>in</strong></span> <span class='ocrx_word' id='word_1_81' title='bbox 1717 1711 1830 1754; x_wconf 90' lang='lat' dir='ltr'><strong>me</strong></span> <span class='ocrx_word' id='word_1_82' title='bbox 1900 1692 2367 1773; x_wconf 90' lang='lat' dir='ltr'><strong>comprobata</strong></span> <span class='ocrx_word' id='word_1_83' title='bbox 2453 1689 2829 1753; x_wconf 88' lang='lat' dir='ltr'><strong>affectione</strong></span> 
     </span>
     <span class='ocr_line' id='line_1_12' title="bbox 291 1795 2830 1881; baseline 0 -20"><span class='ocrx_word' id='word_1_84' title='bbox 291 1798 659 1861; x_wconf 89' lang='lat' dir='ltr'><strong>comodiori</strong></span> <span class='ocrx_word' id='word_1_85' title='bbox 729 1819 870 1880; x_wconf 91' lang='lat' dir='ltr'><strong>qua</strong></span> <span class='ocrx_word' id='word_1_86' title='bbox 932 1797 1444 1861; x_wconf 80' lang='lat' dir='ltr'><strong>studiosissime</strong></span> <span class='ocrx_word' id='word_1_87' title='bbox 1502 1797 1803 1881; x_wconf 87' lang='lat' dir='ltr'><strong>poterit,</strong></span> <span class='ocrx_word' id='word_1_88' title='bbox 1870 1798 1987 1860; x_wconf 89' lang='lat' dir='ltr'><strong>via</strong></span> <span class='ocrx_word' id='word_1_89' title='bbox 2050 1796 2125 1859; x_wconf 92' lang='lat' dir='ltr'><strong>in</strong></span> <span class='ocrx_word' id='word_1_90' title='bbox 2186 1795 2430 1878; x_wconf 88' lang='lat' dir='ltr'><strong>primis</strong></span> <span class='ocrx_word' id='word_1_91' title='bbox 2498 1796 2830 1879; x_wconf 90' lang='lat' dir='ltr'><strong>precibus</strong></span> 
     </span>
     <span class='ocr_line' id='line_1_13' title="bbox 289 1901 2829 1988; baseline 0 -21"><span class='ocrx_word' id='word_1_92' title='bbox 289 1905 416 1969; x_wconf 89' lang='lat' dir='ltr'><strong>suis</strong></span> <span class='ocrx_word' id='word_1_93' title='bbox 460 1908 650 1988; x_wconf 92' lang='lat' dir='ltr'><strong>apud</strong></span> <span class='ocrx_word' id='word_1_94' title='bbox 701 1904 1081 1969; x_wconf 91' lang='lat' dir='ltr'><strong>Cesaream</strong></span> <span class='ocrx_word' id='word_1_95' title='bbox 1126 1904 1598 1985; x_wconf 83' lang='lat' dir='ltr'><strong>Maiestatem,</strong></span> <span class='ocrx_word' id='word_1_96' title='bbox 1645 1901 1858 1968; x_wconf 88' lang='lat' dir='ltr'><strong>michi</strong></span> <span class='ocrx_word' id='word_1_97' title='bbox 1918 1904 2019 1967; x_wconf 91' lang='lat' dir='ltr'><strong>ita</strong></span> <span class='ocrx_word' id='word_1_98' title='bbox 2081 1904 2427 1986; x_wconf 89' lang='lat' dir='ltr'><strong>prodesse</strong></span> <span class='ocrx_word' id='word_1_99' title='bbox 2476 1904 2829 1985; x_wconf 83' lang='lat' dir='ltr'><strong>dignetur,</strong></span> 
     </span>
     <span class='ocr_line' id='line_1_14' title="bbox 289 2008 2831 2096; baseline 0 -22"><span class='ocrx_word' id='word_1_100' title='bbox 289 2022 350 2074; x_wconf 89' lang='lat' dir='ltr'><strong>et</strong></span> <span class='ocrx_word' id='word_1_101' title='bbox 391 2013 672 2076; x_wconf 90' lang='lat' dir='ltr'><strong>tandem</strong></span> <span class='ocrx_word' id='word_1_102' title='bbox 724 2010 1044 2094; x_wconf 87' lang='lat' dir='ltr'><strong>efficere,</strong></span> <span class='ocrx_word' id='word_1_103' title='bbox 1107 2022 1186 2074; x_wconf 87' lang='lat' dir='ltr'><strong>ut</strong></span> <span class='ocrx_word' id='word_1_104' title='bbox 1241 2011 1476 2095; x_wconf 88' lang='lat' dir='ltr'><strong>gratia</strong></span> <span class='ocrx_word' id='word_1_105' title='bbox 1523 2020 1596 2074; x_wconf 92' lang='lat' dir='ltr'><strong>et</strong></span> <span class='ocrx_word' id='word_1_106' title='bbox 1642 2008 1956 2096; x_wconf 89' lang='lat' dir='ltr'><strong>presidio</strong></span> <span class='ocrx_word' id='word_1_107' title='bbox 2004 2010 2476 2075; x_wconf 88' lang='lat' dir='ltr'><strong>sacratissime</strong></span> <span class='ocrx_word' id='word_1_108' title='bbox 2527 2009 2831 2075; x_wconf 90' lang='lat' dir='ltr'><strong>Cesaree</strong></span> 
     </span>
     <span class='ocr_line' id='line_1_15' title="bbox 287 2116 2831 2200; baseline 0 -19"><span class='ocrx_word' id='word_1_109' title='bbox 287 2118 662 2183; x_wconf 88' lang='lat' dir='ltr'><strong>Maiestatis</strong></span> <span class='ocrx_word' id='word_1_110' title='bbox 711 2118 1002 2182; x_wconf 87' lang='lat' dir='ltr'><strong>Domini</strong></span> <span class='ocrx_word' id='word_1_111' title='bbox 1045 2118 1185 2183; x_wconf 91' lang='lat' dir='ltr'><strong>mei</strong></span> <span class='ocrx_word' id='word_1_112' title='bbox 1232 2118 1757 2200; x_wconf 87' lang='lat' dir='ltr'><strong>gratiosissimi,</strong></span> <span class='ocrx_word' id='word_1_113' title='bbox 1806 2120 1998 2200; x_wconf 90' lang='lat' dir='ltr'><strong>apud</strong></span> <span class='ocrx_word' id='word_1_114' title='bbox 2047 2137 2257 2199; x_wconf 90' lang='lat' dir='ltr'><strong>quam</strong></span> <span class='ocrx_word' id='word_1_115' title='bbox 2306 2116 2566 2180; x_wconf 90' lang='lat' dir='ltr'><strong>Vestra</strong></span> <span class='ocrx_word' id='word_1_116' title='bbox 2614 2116 2831 2182; x_wconf 90' lang='lat' dir='ltr'><strong>Sanc-</strong></span> 
     </span>
     <span class='ocr_line' id='line_1_16' title="bbox 289 2223 2831 2308; baseline 0 -21"><span class='ocrx_word' id='word_1_117' title='bbox 289 2225 433 2289; x_wconf 86' lang='lat' dir='ltr'><strong>titas</strong></span> <span class='ocrx_word' id='word_1_118' title='bbox 498 2226 921 2289; x_wconf 87' lang='lat' dir='ltr'><strong>auctoritate</strong></span> <span class='ocrx_word' id='word_1_119' title='bbox 1002 2226 1310 2289; x_wconf 80' lang='lat' dir='ltr'><strong>maxima</strong></span> <span class='ocrx_word' id='word_1_120' title='bbox 1377 2226 1640 2308; x_wconf 88' lang='lat' dir='ltr'><strong>pollet,</strong></span> <span class='ocrx_word' id='word_1_121' title='bbox 1710 2227 1841 2288; x_wconf 90' lang='lat' dir='ltr'><strong>sub</strong></span> <span class='ocrx_word' id='word_1_122' title='bbox 1901 2223 2178 2288; x_wconf 88' lang='lat' dir='ltr'><strong>iusticie</strong></span> <span class='ocrx_word' id='word_1_123' title='bbox 2240 2223 2471 2305; x_wconf 92' lang='lat' dir='ltr'><strong>clipeo</strong></span> <span class='ocrx_word' id='word_1_124' title='bbox 2497 2273 2516 2305; x_wconf 98' lang='lat'><strong>,</strong></span> <span class='ocrx_word' id='word_1_125' title='bbox 2586 2224 2689 2287; x_wconf 92' lang='lat' dir='ltr'><strong>uti</strong></span> <span class='ocrx_word' id='word_1_126' title='bbox 2759 2236 2831 2290; x_wconf 94' lang='lat' dir='ltr'><strong>et</strong></span> 
     </span>
     <span class='ocr_line' id='line_1_17' title="bbox 289 2328 2829 2415; baseline 0 -21"><span class='ocrx_word' id='word_1_127' title='bbox 289 2330 418 2395; x_wconf 86' lang='lat' dir='ltr'><strong>Sua</strong></span> <span class='ocrx_word' id='word_1_128' title='bbox 477 2332 820 2397; x_wconf 90' lang='lat' dir='ltr'><strong>Maiestas</strong></span> <span class='ocrx_word' id='word_1_129' title='bbox 869 2328 1284 2415; x_wconf 56' lang='lat' dir='ltr'><strong>⁴spontanea</strong></span> <span class='ocrx_word' id='word_1_130' title='bbox 1343 2331 1791 2414; x_wconf 88' lang='lat' dir='ltr'><strong>benignitate</strong></span> <span class='ocrx_word' id='word_1_131' title='bbox 1852 2352 1964 2394; x_wconf 92' lang='lat' dir='ltr'><strong>me</strong></span> <span class='ocrx_word' id='word_1_132' title='bbox 2030 2351 2313 2414; x_wconf 88' lang='lat' dir='ltr'><strong>semper</strong></span> <span class='ocrx_word' id='word_1_133' title='bbox 2358 2333 2829 2414; x_wconf 89' lang='lat' dir='ltr'><strong>amplectitur,</strong></span> 
     </span>
     <span class='ocr_line' id='line_1_18' title="bbox 287 2436 2829 2521; baseline 0 -20"><span class='ocrx_word' id='word_1_134' title='bbox 287 2438 346 2501; x_wconf 89' lang='lat' dir='ltr'><strong>in</strong></span> <span class='ocrx_word' id='word_1_135' title='bbox 406 2440 568 2503; x_wconf 87' lang='lat' dir='ltr'><strong>iuris</strong></span> <span class='ocrx_word' id='word_1_136' title='bbox 633 2448 706 2503; x_wconf 92' lang='lat' dir='ltr'><strong>et</strong></span> <span class='ocrx_word' id='word_1_137' title='bbox 767 2439 1202 2521; x_wconf 91' lang='lat' dir='ltr'><strong>possesionis</strong></span> <span class='ocrx_word' id='word_1_138' title='bbox 1265 2459 1421 2501; x_wconf 91' lang='lat' dir='ltr'><strong>mee</strong></span> <span class='ocrx_word' id='word_1_139' title='bbox 1481 2436 2026 2502; x_wconf 86' lang='lat' dir='ltr'><strong>conservatione</strong></span> <span class='ocrx_word' id='word_1_140' title='bbox 2076 2447 2279 2501; x_wconf 90' lang='lat' dir='ltr'><strong>tuear</strong></span> <span class='ocrx_word' id='word_1_141' title='bbox 2326 2446 2539 2519; x_wconf 89' lang='lat' dir='ltr'><strong>atque</strong></span> <span class='ocrx_word' id='word_1_142' title='bbox 2589 2437 2829 2502; x_wconf 91' lang='lat' dir='ltr'><strong>defen-</strong></span> 
     </span>
     <span class='ocr_line' id='line_1_19' title="bbox 289 2544 2832 2630; baseline 0.002 -23"><span class='ocrx_word' id='word_1_143' title='bbox 289 2548 430 2621; x_wconf 79' lang='lat' dir='ltr'><strong>dar3</strong></span> <span class='ocrx_word' id='word_1_144' title='bbox 476 2547 666 2629; x_wconf 91' lang='lat' dir='ltr'><strong>quod</strong></span> <span class='ocrx_word' id='word_1_145' title='bbox 717 2544 776 2609; x_wconf 90' lang='lat' dir='ltr'><strong>si</strong></span> <span class='ocrx_word' id='word_1_146' title='bbox 814 2545 1074 2609; x_wconf 89' lang='lat' dir='ltr'><strong>Vestre</strong></span> <span class='ocrx_word' id='word_1_147' title='bbox 1101 2544 1519 2609; x_wconf 91' lang='lat' dir='ltr'><strong>Sanctitatis</strong></span> <span class='ocrx_word' id='word_1_148' title='bbox 1554 2566 1847 2629; x_wconf 89' lang='lat' dir='ltr'><strong>operam</strong></span> <span class='ocrx_word' id='word_1_149' title='bbox 1877 2546 2088 2609; x_wconf 88' lang='lat' dir='ltr'><strong>michi</strong></span> <span class='ocrx_word' id='word_1_150' title='bbox 2122 2545 2483 2630; x_wconf 89' lang='lat' dir='ltr'><strong>profuisse</strong></span> <span class='ocrx_word' id='word_1_151' title='bbox 2531 2547 2832 2612; x_wconf 88' lang='lat' dir='ltr'><strong>sentiam</strong></span> 
     </span>
     <span class='ocr_line' id='line_1_20' title="bbox 287 2650 2831 2735; baseline 0 -19"><span class='ocrx_word' id='word_1_152' title='bbox 287 2650 383 2716; x_wconf 83' lang='lat' dir='ltr'><strong>me</strong></span> <span class='ocrx_word' id='word_1_153' title='bbox 427 2650 560 2715; x_wconf 89' lang='lat' dir='ltr'><strong>sibi</strong></span> <span class='ocrx_word' id='word_1_154' title='bbox 609 2662 680 2715; x_wconf 92' lang='lat' dir='ltr'><strong>et</strong></span> <span class='ocrx_word' id='word_1_155' title='bbox 731 2652 1151 2735; x_wconf 85' lang='lat' dir='ltr'><strong>Apostolice</strong></span> <span class='ocrx_word' id='word_1_156' title='bbox 1219 2650 1390 2715; x_wconf 89' lang='lat' dir='ltr'><strong>Sedi</strong></span> <span class='ocrx_word' id='word_1_157' title='bbox 1461 2652 1748 2716; x_wconf 84' lang='lat' dir='ltr'><strong>arctiori</strong></span> <span class='ocrx_word' id='word_1_158' title='bbox 1804 2652 2483 2735; x_wconf 87' lang='lat' dir='ltr'><strong>recompensationis</strong></span> <span class='ocrx_word' id='word_1_159' title='bbox 2548 2652 2831 2717; x_wconf 89' lang='lat' dir='ltr'><strong>vinculo</strong></span> 
     </span>
     <span class='ocr_line' id='line_1_21' title="bbox 292 2756 2831 2844; baseline 0.001 -23"><span class='ocrx_word' id='word_1_160' title='bbox 292 2760 626 2823; x_wconf 86' lang='lat' dir='ltr'><strong>divinciet.</strong></span> <span class='ocrx_word' id='word_1_161' title='bbox 679 2756 756 2822; x_wconf 89' lang='lat' dir='ltr'><strong>Si</strong></span> <span class='ocrx_word' id='word_1_162' title='bbox 791 2758 961 2842; x_wconf 86' lang='lat' dir='ltr'><strong>quid</strong></span> <span class='ocrx_word' id='word_1_163' title='bbox 993 2760 1204 2823; x_wconf 89' lang='lat' dir='ltr'><strong>etiam</strong></span> <span class='ocrx_word' id='word_1_164' title='bbox 1239 2760 1558 2841; x_wconf 90' lang='lat' dir='ltr'><strong>prefatus</strong></span> <span class='ocrx_word' id='word_1_165' title='bbox 1578 2758 1786 2823; x_wconf 91' lang='lat' dir='ltr'><strong>Sedis</strong></span> <span class='ocrx_word' id='word_1_166' title='bbox 1818 2760 2238 2842; x_wconf 90' lang='lat' dir='ltr'><strong>Apostolice</strong></span> <span class='ocrx_word' id='word_1_167' title='bbox 2267 2762 2549 2842; x_wconf 86' lang='lat' dir='ltr'><strong>legatus</strong></span> <span class='ocrx_word' id='word_1_168' title='bbox 2566 2760 2831 2844; x_wconf 86' lang='lat' dir='ltr'><strong>Vestre</strong></span> 
     </span>
     <span class='ocr_line' id='line_1_22' title="bbox 293 2864 2831 2950; baseline 0 -20"><span class='ocrx_word' id='word_1_169' title='bbox 293 2864 682 2931; x_wconf 88' lang='lat' dir='ltr'><strong>Sanctitatis</strong></span> <span class='ocrx_word' id='word_1_170' title='bbox 729 2868 1045 2948; x_wconf 89' lang='lat' dir='ltr'><strong>nomine,</strong></span> <span class='ocrx_word' id='word_1_171' title='bbox 1095 2868 1329 2931; x_wconf 89' lang='lat' dir='ltr'><strong>denuo</strong></span> <span class='ocrx_word' id='word_1_172' title='bbox 1395 2866 1606 2930; x_wconf 89' lang='lat' dir='ltr'><strong>michi</strong></span> <span class='ocrx_word' id='word_1_173' title='bbox 1672 2888 1805 2950; x_wconf 92' lang='lat' dir='ltr'><strong>per</strong></span> <span class='ocrx_word' id='word_1_174' title='bbox 1862 2889 1939 2930; x_wconf 89' lang='lat' dir='ltr'><strong>se</strong></span> <span class='ocrx_word' id='word_1_175' title='bbox 1987 2868 2104 2930; x_wconf 89' lang='lat' dir='ltr'><strong>vel</strong></span> <span class='ocrx_word' id='word_1_176' title='bbox 2160 2887 2361 2930; x_wconf 92' lang='lat' dir='ltr'><strong>suum</strong></span> <span class='ocrx_word' id='word_1_177' title='bbox 2410 2887 2831 2949; x_wconf 85' lang='lat' dir='ltr'><strong>quemquam</strong></span> 
     </span>
     <span class='ocr_line' id='line_1_23' title="bbox 291 2973 2831 3056; baseline 0.001 -21"><span class='ocrx_word' id='word_1_178' title='bbox 291 2973 546 3039; x_wconf 85' lang='lat' dir='ltr'><strong>fidelem</strong></span> <span class='ocrx_word' id='word_1_179' title='bbox 593 2975 944 3055; x_wconf 88' lang='lat' dir='ltr'><strong>retulerit,</strong></span> <span class='ocrx_word' id='word_1_180' title='bbox 993 2975 1310 3056; x_wconf 90' lang='lat' dir='ltr'><strong>benigna</strong></span> <span class='ocrx_word' id='word_1_181' title='bbox 1366 2975 1728 3038; x_wconf 90' lang='lat' dir='ltr'><strong>audientia</strong></span> <span class='ocrx_word' id='word_1_182' title='bbox 1786 2975 2081 3038; x_wconf 87' lang='lat' dir='ltr'><strong>consilio</strong></span> <span class='ocrx_word' id='word_1_183' title='bbox 2153 2984 2225 3037; x_wconf 92' lang='lat' dir='ltr'><strong>et</strong></span> <span class='ocrx_word' id='word_1_184' title='bbox 2282 2995 2529 3056; x_wconf 91' lang='lat' dir='ltr'><strong>opera,</strong></span> <span class='ocrx_word' id='word_1_185' title='bbox 2597 2974 2831 3038; x_wconf 91' lang='lat' dir='ltr'><strong>eidem</strong></span> 
     </span>
     <span class='ocr_line' id='line_1_24' title="bbox 293 3080 2831 3163; baseline 0 -20"><span class='ocrx_word' id='word_1_186' title='bbox 293 3101 412 3144; x_wconf 92' lang='lat' dir='ltr'><strong>non</strong></span> <span class='ocrx_word' id='word_1_187' title='bbox 477 3083 710 3146; x_wconf 82' lang='lat' dir='ltr'><strong>deero,</strong></span> <span class='ocrx_word' id='word_1_188' title='bbox 841 3081 1172 3146; x_wconf 92' lang='lat' dir='ltr'><strong>Ceterum</strong></span> <span class='ocrx_word' id='word_1_189' title='bbox 1239 3081 1571 3145; x_wconf 86' lang='lat' dir='ltr'><strong>Vestram</strong></span> <span class='ocrx_word' id='word_1_190' title='bbox 1658 3080 2127 3144; x_wconf 88' lang='lat' dir='ltr'><strong>Sanctitatem</strong></span> <span class='ocrx_word' id='word_1_191' title='bbox 2214 3080 2587 3163; x_wconf 85' lang='lat' dir='ltr'><strong>plurimum</strong></span> <span class='ocrx_word' id='word_1_192' title='bbox 2659 3091 2831 3163; x_wconf 90' lang='lat' dir='ltr'><strong>peto</strong></span> 
     </span>
     <span class='ocr_line' id='line_1_25' title="bbox 297 3184 2829 3271; baseline 0 -21"><span class='ocrx_word' id='word_1_193' title='bbox 297 3209 415 3268; x_wconf 92' lang='lat' dir='ltr'><strong>quo</strong></span> <span class='ocrx_word' id='word_1_194' title='bbox 443 3187 920 3252; x_wconf 84' lang='lat' dir='ltr'><strong>Reverendus</strong></span> <span class='ocrx_word' id='word_1_195' title='bbox 966 3187 1038 3250; x_wconf 92' lang='lat' dir='ltr'><strong>in</strong></span> <span class='ocrx_word' id='word_1_196' title='bbox 1073 3187 1352 3253; x_wconf 84' lang='lat' dir='ltr'><strong>Christo</strong></span> <span class='ocrx_word' id='word_1_197' title='bbox 1405 3189 1752 3252; x_wconf 88' lang='lat' dir='ltr'><strong>Dominus</strong></span> <span class='ocrx_word' id='word_1_198' title='bbox 1800 3189 2165 3270; x_wconf 77' lang='lat' dir='ltr'><strong>johannes</strong></span> <span class='ocrx_word' id='word_1_199' title='bbox 2212 3184 2611 3270; x_wconf 85' lang='lat' dir='ltr'><strong>Episcopus</strong></span> <span class='ocrx_word' id='word_1_200' title='bbox 2659 3187 2829 3271; x_wconf 87' lang='lat' dir='ltr'><strong>Hyl-</strong></span> 
     </span>
     <span class='ocr_line' id='line_1_26' title="bbox 299 3293 2833 3379; baseline 0 -23"><span class='ocrx_word' id='word_1_201' title='bbox 299 3295 871 3379; x_wconf 88' lang='lat' dir='ltr'><strong>demsheymensis</strong></span> <span class='ocrx_word' id='word_1_202' title='bbox 940 3295 1174 3358; x_wconf 80' lang='lat' dir='ltr'><strong>affinis</strong></span> <span class='ocrx_word' id='word_1_203' title='bbox 1236 3317 1435 3359; x_wconf 90' lang='lat' dir='ltr'><strong>meus</strong></span> <span class='ocrx_word' id='word_1_204' title='bbox 1483 3295 1935 3359; x_wconf 85' lang='lat' dir='ltr'><strong>charissimus</strong></span> <span class='ocrx_word' id='word_1_205' title='bbox 1982 3304 2129 3358; x_wconf 87' lang='lat' dir='ltr'><strong>tum</strong></span> <span class='ocrx_word' id='word_1_206' title='bbox 2194 3295 2286 3357; x_wconf 90' lang='lat' dir='ltr'><strong>ab</strong></span> <span class='ocrx_word' id='word_1_207' title='bbox 2332 3293 2657 3357; x_wconf 88' lang='lat' dir='ltr'><strong>Ecclesia</strong></span> <span class='ocrx_word' id='word_1_208' title='bbox 2704 3315 2833 3356; x_wconf 93' lang='lat' dir='ltr'><strong>sua</strong></span> 
     </span>
     <span class='ocr_line' id='line_1_27' title="bbox 297 3401 2831 3485; baseline 0 -22"><span class='ocrx_word' id='word_1_209' title='bbox 297 3403 487 3465; x_wconf 82' lang='lat' dir='ltr'><strong>veluti</strong></span> <span class='ocrx_word' id='word_1_210' title='bbox 556 3405 722 3466; x_wconf 82' lang='lat' dir='ltr'><strong>exul</strong></span> <span class='ocrx_word' id='word_1_211' title='bbox 797 3423 880 3466; x_wconf 90' lang='lat' dir='ltr'><strong>ac</strong></span> <span class='ocrx_word' id='word_1_212' title='bbox 943 3401 1364 3485; x_wconf 90' lang='lat' dir='ltr'><strong>profligatus</strong></span> <span class='ocrx_word' id='word_1_213' title='bbox 1439 3403 1512 3465; x_wconf 93' lang='lat' dir='ltr'><strong>in</strong></span> <span class='ocrx_word' id='word_1_214' title='bbox 1591 3402 1971 3466; x_wconf 90' lang='lat' dir='ltr'><strong>iustissima</strong></span> <span class='ocrx_word' id='word_1_215' title='bbox 2062 3423 2192 3465; x_wconf 90' lang='lat' dir='ltr'><strong>sua</strong></span> <span class='ocrx_word' id='word_1_216' title='bbox 2279 3421 2494 3464; x_wconf 90' lang='lat' dir='ltr'><strong>causa</strong></span> <span class='ocrx_word' id='word_1_217' title='bbox 2572 3401 2831 3464; x_wconf 91' lang='lat' dir='ltr'><strong>Vestre</strong></span> 
     </span>
     <span class='ocr_line' id='line_1_28' title="bbox 301 3504 2829 3591; baseline 0.002 -25"><span class='ocrx_word' id='word_1_218' title='bbox 301 3504 606 3572; x_wconf 79' lang='lat' dir='ltr'><strong>Sanctitis</strong></span> <span class='ocrx_word' id='word_1_219' title='bbox 653 3509 890 3590; x_wconf 87' lang='lat' dir='ltr'><strong>gratia</strong></span> <span class='ocrx_word' id='word_1_220' title='bbox 937 3517 1010 3572; x_wconf 93' lang='lat' dir='ltr'><strong>et</strong></span> <span class='ocrx_word' id='word_1_221' title='bbox 1040 3507 1445 3572; x_wconf 87' lang='lat' dir='ltr'><strong>assistentia</strong></span> <span class='ocrx_word' id='word_1_222' title='bbox 1474 3509 1839 3584; x_wconf 82' lang='lat' dir='ltr'><strong>foveatur3</strong></span> <span class='ocrx_word' id='word_1_223' title='bbox 1891 3512 2041 3591; x_wconf 90' lang='lat' dir='ltr'><strong>agit</strong></span> <span class='ocrx_word' id='word_1_224' title='bbox 2086 3511 2157 3572; x_wconf 92' lang='lat' dir='ltr'><strong>in</strong></span> <span class='ocrx_word' id='word_1_225' title='bbox 2202 3530 2287 3573; x_wconf 92' lang='lat' dir='ltr'><strong>eo</strong></span> <span class='ocrx_word' id='word_1_226' title='bbox 2319 3529 2622 3590; x_wconf 91' lang='lat' dir='ltr'><strong>namque</strong></span> <span class='ocrx_word' id='word_1_227' title='bbox 2656 3507 2829 3572; x_wconf 92' lang='lat' dir='ltr'><strong>Ves-</strong></span> 
     </span>
     <span class='ocr_line' id='line_1_29' title="bbox 299 3595 2829 3699; baseline 0.002 -26"><span class='ocrx_word' id='word_1_228' title='bbox 299 3621 390 3676; x_wconf 87' lang='lat' dir='ltr'><strong>tra</strong></span> <span class='ocrx_word' id='word_1_229' title='bbox 431 3613 780 3679; x_wconf 88' lang='lat' dir='ltr'><strong>Sanctitas</strong></span> <span class='ocrx_word' id='word_1_230' title='bbox 829 3637 977 3678; x_wconf 90' lang='lat' dir='ltr'><strong>rem</strong></span> <span class='ocrx_word' id='word_1_231' title='bbox 1024 3636 1148 3678; x_wconf 91' lang='lat' dir='ltr'><strong>sue</strong></span> <span class='ocrx_word' id='word_1_232' title='bbox 1182 3615 1468 3698; x_wconf 89' lang='lat' dir='ltr'><strong>pietatis</strong></span> <span class='ocrx_word' id='word_1_233' title='bbox 1520 3616 1829 3699; x_wconf 86' lang='lat' dir='ltr'><strong>dignam,</strong></span> <span class='ocrx_word' id='word_1_234' title='bbox 1881 3628 1953 3680; x_wconf 88' lang='lat' dir='ltr'><strong>et</strong></span> <span class='ocrx_word' id='word_1_235' title='bbox 2000 3615 2209 3680; x_wconf 91' lang='lat' dir='ltr'><strong>michi</strong></span> <span class='ocrx_word' id='word_1_236' title='bbox 2257 3618 2472 3698; x_wconf 88' lang='lat' dir='ltr'><strong>longe</strong></span> <span class='ocrx_word' id='word_1_237' title='bbox 2519 3595 2829 3698; x_wconf 80' lang='lat' dir='ltr'><strong>gratissi-</strong></span> 
     </span>
     <span class='ocr_line' id='line_1_30' title="bbox 301 3719 2828 3806; baseline 0.001 -25"><span class='ocrx_word' id='word_1_238' title='bbox 301 3739 457 3784; x_wconf 88' lang='lat' dir='ltr'><strong>mam</strong></span> <span class='ocrx_word' id='word_1_239' title='bbox 489 3743 660 3806; x_wconf 91' lang='lat' dir='ltr'><strong>erga</strong></span> <span class='ocrx_word' id='word_1_240' title='bbox 693 3721 1026 3785; x_wconf 87' lang='lat' dir='ltr'><strong>Vestram</strong></span> <span class='ocrx_word' id='word_1_241' title='bbox 1061 3719 1526 3785; x_wconf 87' lang='lat' dir='ltr'><strong>Sanctitatem</strong></span> <span class='ocrx_word' id='word_1_242' title='bbox 1555 3743 1766 3805; x_wconf 87' lang='lat' dir='ltr'><strong>quam</strong></span> <span class='ocrx_word' id='word_1_243' title='bbox 1796 3723 2025 3786; x_wconf 92' lang='lat' dir='ltr'><strong>Deum</strong></span> <span class='ocrx_word' id='word_1_244' title='bbox 2058 3723 2398 3805; x_wconf 88' lang='lat' dir='ltr'><strong>optimum</strong></span> <span class='ocrx_word' id='word_1_245' title='bbox 2446 3722 2828 3802; x_wconf 85' lang='lat' dir='ltr'><strong>maximum</strong></span> 
     </span>
     <span class='ocr_line' id='line_1_31' title="bbox 305 3825 2528 3912; baseline 0.002 -25"><span class='ocrx_word' id='word_1_246' title='bbox 305 3825 676 3893; x_wconf 88' lang='lat' dir='ltr'><strong>felicissime</strong></span> <span class='ocrx_word' id='word_1_247' title='bbox 723 3829 796 3891; x_wconf 92' lang='lat' dir='ltr'><strong>in</strong></span> <span class='ocrx_word' id='word_1_248' title='bbox 847 3849 1057 3892; x_wconf 90' lang='lat' dir='ltr'><strong>evum</strong></span> <span class='ocrx_word' id='word_1_249' title='bbox 1102 3838 1479 3892; x_wconf 88' lang='lat' dir='ltr'><strong>conservet</strong></span> <span class='ocrx_word' id='word_1_250' title='bbox 1525 3849 1657 3912; x_wconf 92' lang='lat' dir='ltr'><strong>pro</strong></span> <span class='ocrx_word' id='word_1_251' title='bbox 1707 3829 1976 3893; x_wconf 88' lang='lat' dir='ltr'><strong>viribus</strong></span> <span class='ocrx_word' id='word_1_252' title='bbox 2022 3832 2528 3893; x_wconf 89' lang='lat' dir='ltr'><strong>remerendam.</strong></span> 
     </span>
    </p>
   </div>
   <div class='ocr_carea' id='block_1_3' title="bbox 305 3953 2828 4142">
    <p class='ocr_par' dir='ltr' id='par_1_3' title="bbox 305 3953 2828 4142">
     <span class='ocr_line' id='line_1_32' title="bbox 450 3953 2828 4018; baseline -0 -1"><span class='ocrx_word' id='word_1_253' title='bbox 450 3954 630 4018; x_wconf 91' lang='lat' dir='ltr'><strong>Date</strong></span> <span class='ocrx_word' id='word_1_254' title='bbox 680 3974 774 4017; x_wconf 87' lang='lat' dir='ltr'><strong>ex</strong></span> <span class='ocrx_word' id='word_1_255' title='bbox 835 3963 1069 4016; x_wconf 87' lang='lat' dir='ltr'><strong>castro</strong></span> <span class='ocrx_word' id='word_1_256' title='bbox 1131 3974 1292 4018; x_wconf 90' lang='lat' dir='ltr'><strong>meo</strong></span> <span class='ocrx_word' id='word_1_257' title='bbox 1343 3953 1750 4017; x_wconf 90' lang='lat' dir='ltr'><strong>Coloniensi</strong></span> <span class='ocrx_word' id='word_1_258' title='bbox 1799 3955 2160 4018; x_wconf 89' lang='lat' dir='ltr'><strong>Vicesima</strong></span> <span class='ocrx_word' id='word_1_259' title='bbox 2208 3955 2322 4017; x_wconf 88' lang='lat' dir='ltr'><strong>die</strong></span> <span class='ocrx_word' id='word_1_260' title='bbox 2370 3954 2633 4018; x_wconf 87' lang='lat' dir='ltr'><strong>mensis</strong></span> <span class='ocrx_word' id='word_1_261' title='bbox 2658 3954 2828 4017; x_wconf 88' lang='lat' dir='ltr'><strong>Maii</strong></span> 
     </span>
     <span class='ocr_line' id='line_1_33' title="bbox 305 4059 1556 4142; baseline 0.006 -23"><span class='ocrx_word' id='word_1_262' title='bbox 305 4059 488 4123; x_wconf 86' lang='lat' dir='ltr'><strong>Anno</strong></span> <span class='ocrx_word' id='word_1_263' title='bbox 531 4059 821 4124; x_wconf 92' lang='lat' dir='ltr'><strong>Domini</strong></span> <span class='ocrx_word' id='word_1_264' title='bbox 872 4059 1231 4123; x_wconf 90' lang='lat' dir='ltr'><strong>Vicesimo</strong></span> <span class='ocrx_word' id='word_1_265' title='bbox 1281 4069 1556 4142; x_wconf 89' lang='lat' dir='ltr'><strong>quart0.</strong></span> 
     </span>
    </p>
   </div>
   <div class='ocr_carea' id='block_1_4' title="bbox 453 4185 2127 4252">
    <p class='ocr_par' dir='ltr' id='par_1_4' title="bbox 453 4185 2127 4252">
     <span class='ocr_line' id='line_1_34' title="bbox 453 4185 2127 4252; baseline -0.002 -4"><span class='ocrx_word' id='word_1_266' title='bbox 453 4185 783 4250; x_wconf 88' lang='lat' dir='ltr'><strong>Eiusdem</strong></span> <span class='ocrx_word' id='word_1_267' title='bbox 831 4185 1092 4250; x_wconf 87' lang='lat' dir='ltr'><strong>Vestre</strong></span> <span class='ocrx_word' id='word_1_268' title='bbox 1141 4185 1575 4252; x_wconf 73' lang='lat' dir='ltr'><strong>Sanctitatis</strong></span> <span class='ocrx_word' id='word_1_269' title='bbox 2033 4198 2127 4228; x_wconf 45' lang='lat'><strong>⁸*-</strong></span> 
     </span>
    </p>
   </div>
   <div class='ocr_carea' id='block_1_5' title="bbox 2239 4252 2312 4272">
    <p class='ocr_par' dir='ltr' id='par_1_5' title="bbox 2239 4252 2312 4272">
     <span class='ocr_line' id='line_1_35' title="bbox 2239 4252 2312 4272; baseline 0 0"><span class='ocrx_word' id='word_1_270' title='bbox 2239 4252 2312 4272; x_wconf 42' lang='lat'><strong>½·=</strong></span> 
     </span>
    </p>
   </div>
   <div class='ocr_carea' id='block_1_6' title="bbox 301 4296 2825 4591">
    <p class='ocr_par' dir='ltr' id='par_1_6' title="bbox 301 4296 2825 4591">
     <span class='ocr_line' id='line_1_36' title="bbox 451 4296 2823 4395; baseline 0 -21"><span class='ocrx_word' id='word_1_271' title='bbox 451 4309 830 4390; x_wconf 90' lang='lat' dir='ltr'><strong>Joachinus</strong></span> <span class='ocrx_word' id='word_1_272' title='bbox 877 4311 1200 4374; x_wconf 91' lang='lat' dir='ltr'><strong>Marchio</strong></span> <span class='ocrx_word' id='word_1_273' title='bbox 1259 4313 1999 4395; x_wconf 85' lang='lat' dir='ltr'><strong>Brandemburgensis</strong></span> <span class='ocrx_word' id='word_1_274' title='bbox 2060 4311 2260 4375; x_wconf 88' lang='lat' dir='ltr'><strong>Sacri</strong></span> <span class='ocrx_word' id='word_1_275' title='bbox 2319 4296 2633 4375; x_wconf 80' lang='lat' dir='ltr'><strong>Romani</strong></span> <span class='ocrx_word' id='word_1_276' title='bbox 2699 4311 2823 4374; x_wconf 88' lang='lat' dir='ltr'><strong>Im-</strong></span> 
     </span>
     <span class='ocr_line' id='line_1_37' title="bbox 301 4417 2825 4506; baseline 0.001 -28"><span class='ocrx_word' id='word_1_277' title='bbox 301 4417 453 4506; x_wconf 83' lang='lat' dir='ltr'><strong>perii</strong></span> <span class='ocrx_word' id='word_1_278' title='bbox 517 4418 1170 4482; x_wconf 88' lang='lat' dir='ltr'><strong>Archicamerarius</strong></span> <span class='ocrx_word' id='word_1_279' title='bbox 1241 4420 1728 4502; x_wconf 90' lang='lat' dir='ltr'><strong>Princepsque</strong></span> <span class='ocrx_word' id='word_1_280' title='bbox 1777 4419 2065 4483; x_wconf 90' lang='lat' dir='ltr'><strong>Elector</strong></span> <span class='ocrx_word' id='word_1_281' title='bbox 2122 4418 2577 4482; x_wconf 89' lang='lat' dir='ltr'><strong>Stettinensis</strong></span> <span class='ocrx_word' id='word_1_282' title='bbox 2635 4439 2825 4501; x_wconf 90' lang='lat' dir='ltr'><strong>pom-</strong></span> 
     </span>
     <span class='ocr_line' id='line_1_38' title="bbox 305 4525 1138 4591; baseline 0.011 -9"><span class='ocrx_word' id='word_1_283' title='bbox 305 4525 577 4588; x_wconf 90' lang='lat' dir='ltr'><strong>meranie</strong></span> <span class='ocrx_word' id='word_1_284' title='bbox 625 4536 758 4590; x_wconf 87' lang='lat' dir='ltr'><strong>ete.</strong></span> <span class='ocrx_word' id='word_1_285' title='bbox 807 4527 956 4589; x_wconf 87' lang='lat' dir='ltr'><strong>dux</strong></span> <span class='ocrx_word' id='word_1_286' title='bbox 1005 4535 1138 4591; x_wconf 92' lang='lat' dir='ltr'><strong>etc.</strong></span> 
     </span>
    </p>
   </div>
   <div class='ocr_carea' id='block_1_7' title="bbox 583 4651 983 4714">
    <p class='ocr_par' dir='ltr' id='par_1_7' title="bbox 583 4651 983 4714">
     <span class='ocr_line' id='line_1_39' title="bbox 583 4651 983 4714; baseline 0 0"><span class='ocrx_word' id='word_1_287' title='bbox 583 4651 802 4714; x_wconf 89' lang='lat' dir='ltr'><strong>Manu</strong></span> <span class='ocrx_word' id='word_1_288' title='bbox 851 4661 983 4714; x_wconf 87' lang='lat' dir='ltr'><strong>etc.</strong></span> 
     </span>
    </p>
   </div>
   <div class='ocr_carea' id='block_1_8' title="bbox 2402 4999 2472 5058">
    <p class='ocr_par' dir='ltr' id='par_1_8' title="bbox 2402 4999 2472 5058">
     <span class='ocr_line' id='line_1_40' title="bbox 2402 4999 2472 5058; baseline -0.029 0"><span class='ocrx_word' id='word_1_289' title='bbox 2402 4999 2472 5058; x_wconf 76' lang='lat'><strong>23</strong></span> 
     </span>
    </p>
   </div>
  </div>
 </body>
</html>
