3575 5775
1296 573 1412 632 0-{3
1490 575 1594 632 215
1673 572 1788 629 ΞΗ)

304 721 453 782 simo
498 722 632 783 alla
680 720 1098 784 defensione
1148 743 1364 803 sopra
1413 723 1575 784 tutti
1625 731 1695 783 et
1742 730 2155 785 veramente
2188 722 2521 784 mandato
2572 723 2664 784 da
2692 721 2829 784 Dio

302 826 674 890 abenefitio
709 827 1110 892 universale
1158 829 1266 891 de’
1298 829 1682 892 christiani.
1782 829 1939 890 Non
1990 828 2061 890 vi
2108 831 2553 909 potres’semo
2603 829 2831 910 expri-

303 955 466 996 mere
509 935 556 996 il
605 945 940 998 contento
992 937 1124 999 che
1174 935 1256 998 N.
1325 935 1397 998 S.
1465 937 1559 998 ha
1625 936 1927 1017 pigliato
1998 935 2291 996 insieme
2351 937 2463 996 col
2526 935 2831 1016 collegio

303 1049 361 1102 et
401 1042 462 1102 le
505 1042 732 1124 gratie
783 1053 854 1104 et
901 1043 1359 1106 beneditione
1411 1045 1541 1105 cho
1591 1043 1648 1104 si
1696 1046 1936 1105 hanno
2002 1052 2072 1103 et
2133 1041 2571 1104 referiscono
2638 1065 2679 1104 a
2750 1063 2829 1105 su

301 1147 432 1210 Ces,
477 1149 770 1212 Maesta.
867 1150 1102 1211 Furno
1163 1150 1280 1231 poi
1332 1151 1502 1212 lette
1566 1153 1633 1212 le
1697 1152 1949 1211 lettere
2020 1149 2298 1214 comuni
2360 1151 2475 1212 del
2534 1151 2829 1213 Protho-

301 1256 545 1318 notario
595 1266 666 1320 et
713 1265 956 1318 vostre
1007 1260 1096 1318 de
1146 1255 1340 1318 XIX
1411 1266 1482 1319 et
1545 1257 1847 1318 XXVII
1916 1257 2031 1319 del
2096 1267 2387 1339 passato
2453 1279 2584 1319 con
2649 1279 2827 1340 gran

301 1364 882 1426 commendatione
933 1365 1020 1426 de
1070 1363 1113 1425 l'
1146 1385 1286 1425 uno
1339 1373 1408 1424 et
1456 1363 1499 1425 l'
1533 1367 1714 1426 altro
1766 1372 1837 1425 et
1887 1365 2112 1426 anche
2173 1386 2217 1425 a
2280 1365 2396 1426 voi
2459 1365 2529 1426 in
2580 1375 2830 1447 questa

299 1489 444 1530 cosa
489 1471 542 1532 si
589 1471 825 1532 hanno
877 1492 1016 1534 non
1066 1472 1323 1552 volgar
1372 1472 1809 1553 gratitudine
1860 1481 1931 1532 et
1977 1471 2050 1532 vi
2098 1471 2155 1532 si
2188 1471 2470 1553 impone
2521 1473 2591 1532 di
2642 1493 2828 1535 novo

296 1577 650 1656 regratiate
701 1578 1160 1640 humilmente
1211 1599 1292 1640 su
1337 1579 1616 1640 Maesta
1653 1591 1722 1639 et
1756 1577 1971 1659 quelli
2008 1578 2276 1658 signori
2327 1599 2524 1640 come
2572 1579 2831 1660 parem-a

297 1683 418 1744 alla
447 1685 817 1764 prudentia
852 1695 1090 1747 vostro
1122 1685 1468 1766 meritino,
1518 1686 1564 1746 li
1594 1683 1688 1746 Sri
1733 1684 2015 1746 elettori
2049 1685 2354 1746 maxime
2388 1686 2829 1766 Magontin0‚

297 1789 561 1852 Treveri
634 1803 702 1853 et
751 1793 1360 1874 Brandenburgh,
1435 1793 1500 1854 el
1557 1792 2150 1854 reverendissimo
2220 1803 2289 1854 et
2357 1795 2829 1855 observantis-

293 1895 442 1956 simo
496 1899 564 1958 di
612 1908 864 1978 questa
925 1897 1150 1960 santa
1199 1899 1387 1960 Sede
1438 1897 1895 1979 Sedunense‚
1960 1900 2023 1960 el
2087 1899 2473 1962 Confessor
2540 1908 2610 1962 et
2671 1900 2830 1962 altri

293 2006 576 2065 secondo
627 2008 779 2067 loro
829 2005 1036 2086 gradi
1087 2016 1155 2067 et
1203 2007 1435 2069 meriti
1498 2006 1867 2068 offerendo
1930 2027 1971 2067 a
2035 2007 2195 2067 tutti
2264 2009 2393 2069 che
2454 2007 2525 2068 in
2591 2009 2827 2088 quello

293 2109 341 2170 si
383 2111 580 2190 potra
636 2133 943 2174 saranno
987 2111 1290 2194 'sempre
1355 2113 1811 2176 riconosciuti
1879 2114 1969 2174 da
2035 2122 2285 2192 questa
2350 2113 2573 2176 santa
2636 2115 2827 2176 Sede

295 2229 351 2276 et
395 2219 575 2280 dalla
621 2219 990 2301 benignita
1043 2229 1114 2281 et
1162 2221 1538 2282 clementia
1587 2220 1658 2282 di
1706 2220 1790 2282 N.
1843 2219 1969 2280 8'0.

447 2327 549 2387 La
596 2328 909 2388 seconcia
957 2329 1149 2390 bolla
1218 2339 1466 2390 contra
1529 2328 1840 2390 Martino
1909 2328 2061 2388 solo
2128 2325 2199 2387 vi
2264 2326 2321 2387 si
2385 2329 2642 2390 mando
2709 2329 2827 2410 gia

295 2431 392 2510 pii]
439 2433 698 2513 giomi,
750 2443 820 2496 et
881 2437 1134 2496 alcune
1202 2435 1432 2516 gratie
1502 2455 1701 2496 corne
1774 2455 1865 2496 un
1932 2438 2153 2497 breve
2220 2456 2352 2516 per
2408 2437 2571 2515 quel
2643 2435 2827 2498 frate

293 2540 717 2617 predicatore
784 2542 936 2603 ord.
988 2542 1060 2604 S.
1111 2541 1464 2604 Dominici
1526 2543 1656 2604 che
1705 2541 2001 2622 predico
2058 2543 2128 2603 in
2178 2543 2579 2621 Magontia;
2652 2543 2720 2604 vi
2771 2543 2827 2605 si

294 2645 322 2706 ὁ
367 2649 471 2726 poi
523 2649 854 2710 mandato
903 2669 1044 2710 una
1094 2649 1161 2710 di
1213 2649 1490 2710 cambio
1559 2649 1626 2710 di
1679 2649 1867 2710 mille
1918 2650 2156 2712 ducati
2214 2671 2344 2731 per
2410 2650 2579 2712 dare
2639 2650 2826 2712 mille

293 2751 494 2816 fiorini
541 2756 652 2817 all'
688 2754 1032 2828 officiale;
1083 2777 1158 2818 se
1209 2778 1251 2818 a
1300 2757 1460 2818 tutti
1512 2757 1650 2818 duo
1701 2757 1818 2818 voi
1868 2777 2243 2838 paressero
2300 2766 2595 2838 troppo,
2662 2759 2825 2817 date

293 2859 370 2921 lui
415 2873 672 2943 quanto
724 2863 792 2925 vi
841 2883 1038 2945 pare,
1090 2864 1135 2926 '11
1172 2873 1362 2926 resto
1401 2863 1803 2926 distribuite
1852 2885 1895 2927 a
1932 2864 2427 2944 qualcheduno
2462 2863 2628 2925 delli
2666 2863 2824 2925 altri

291 2970 700 3049 benemeriti,
751 2972 1188 3034 reservando
1236 2992 1367 3053 per
1420 2972 1554 3051 voi,
1606 2994 1811 3033 mess,
1865 2972 2303 3050 Hieronymo
2350 2971 2396 3031 li
2432 2992 2561 3047 300
2591 2970 2825 3031 fiorini

293 3094 466 3138 come
511 3098 639 3158 per
690 3078 728 3138 1'
759 3080 940 3140 altra
997 3078 1072 3157 fu
1123 3079 1386 3142 scritto,
1485 3078 1565 3140 Li
1617 3084 1699 3139 oo
1751 3078 1986 3141 ducati
2040 3082 2169 3140 che
2218 3079 2657 3139 rimanevate
2709 3079 2822 3138 de·

295 3182 495 3246 bitore
541 3206 584 3247 a
633 3186 1005 3247 Bernardo
1057 3186 1222 3247 Brai
1274 3188 1506 3248 subito
1559 3187 1604 3248 li
1653 3188 1957 3247 havemo
2022 3186 2179 3247 fatti
2228 3206 2500 3267 pagare
2550 3206 2593 3246 a
2626 3186 2822 3246 detto

297 3290 634 3354 Bernardo
687 3302 756 3354 et
807 3291 875 3354 vi
927 3314 1002 3354 se
1051 3314 1140 3354 ne
1192 3294 1264 3355 fa
1312 3314 1402 3355 un
1455 3302 1823 3373 presente;
1876 3294 1941 3355 el
1991 3292 2250 3353 salario
2321 3301 2563 3353 vostro
2637 3294 2825 3354 della

297 3398 554 3461 libraria
613 3400 680 3460 vi
745 3401 1029 3461 correrii
1095 3421 1224 3479 per
1296 3402 1535 3461 avanti
1606 3420 1807 3463 come
1877 3399 2135 3480 prima,
2208 3408 2279 3459 et
2349 3407 2601 3479 questa
2669 3400 2707 3461 ὲ
2757 3403 2824 3462 la

301 3506 631 3568 millesima
681 3516 887 3587 parte
939 3508 1052 3567 del
1103 3510 1288 3568 bene
1351 3508 1432 3568 N.
1484 3506 1587 3569 ΞΜ
1658 3518 1726 3568 et
1790 3507 1905 3567 noi
1956 3508 2255 3567 havemo
2316 3506 2385 3567 in
2455 3506 2688 3569 animo
2754 3508 2823 3568 di

299 3611 470 3675 farvi.
563 3612 987 3675 Continuate
1037 3614 1080 3674 1⁷
1114 3614 1351 3675 officio
1389 3624 1630 3676 vostro
1668 3635 1799 3675 con
1854 3612 2199 3675 modestia
2250 3623 2319 3674 et
2369 3634 2499 3674 con
2552 3614 2823 3693 dignita

303 3718 462 3781 dena
508 3720 694 3782 Sede
747 3721 1202 3802 Apostolica:
1273 3722 1338 3782 Ie
1402 3724 1580 3783 altre
1643 3742 1809 3782 cose
1873 3724 2003 3783 che
2055 3720 2379 3782 chiedete
2443 3741 2571 3802 per
2620 3721 2825 3782 amici

303 3843 364 3883 se
405 3830 935 3889 concederanno
986 3837 1254 3908 quanto
1303 3828 1508 3908 potrz‘t
1579 3837 1985 3907 comportar
2035 3827 2075 3887 l'
2121 3828 2456 3905 honesta,
2518 3828 2821 3889 maxime

304 3950 408 4009 per
449 3934 612 4015 Mg'.
675 3943 920 3997 nostro
983 3935 1383 3997 Leodiense
1449 3957 1490 3997 a
1552 3935 1664 3998 cui
1721 3935 2213 3996 desiderhamo
2280 3933 2685 4015 gratificare
2753 3945 2821 3995 et

307 4040 538 4103 servire
585 4042 649 4103 in
703 4041 1031 4121 maggior
1065 4062 1251 4121 cose,
1301 4063 1438 4103 non
1479 4052 1675 4103 tanto
1709 4042 1778 4102 in
1818 4051 2069 4121 questa
2103 4042 2291 4102 della
2324 4042 2824 4103 arrendatione

306 4144 461 4209 della
516 4151 722 4229 quale
789 4149 853 4209 ei
925 4148 1230 4210 scrivete
1303 4151 1391 4210 ad
1466 4157 1740 4229 partem
1814 4169 1944 4229 per
2009 4150 2051 4209 1’
2108 4148 2349 4209 ultima
2419 4158 2660 4210 vostra
2733 4150 2823 4209 de

308 4249 568 4326 XXIX:
619 4266 688 4317 et
739 4256 1086 4337 piacciavi
1137 4254 1716 4317 raccomandarci
1767 4276 1807 4316 a
1858 4276 1933 4315 su
1972 4256 2170 4316 Illma
2206 4252 2558 4334 Signoria.
2634 4256 2821 4317 Rac-

307 4364 752 4427 comandiamo
822 4384 863 4425 a
935 4364 1047 4425 voi
1125 4364 1673 4425 Prothonotario
1744 4366 1811 4425 le
1884 4384 2049 4424 cose
2122 4363 2190 4422 di
2266 4383 2463 4425 mess,
2534 4364 2821 4441 Agnolo

309 4462 543 4547 Nepote
597 4470 670 4532 fu
726 4470 796 4530 di
848 4470 918 4531 S.
968 4470 1198 4532 Maria
1250 4471 1316 4531 in
1369 4471 1655 4532 Portico
1704 4470 1774 4530 in
1846 4472 2081 4549 quello
2145 4482 2433 4549 possete
2500 4472 2821 4532 honesta-

313 4586 504 4637 mente
551 4586 620 4639 et
667 4598 802 4639 con
851 4577 1085 4657 gratia
1135 4576 1206 4639 di
1255 4578 1516 4639 (jesare
1569 4588 1637 4638 et
1687 4588 2088 4637 restamone
2136 4577 2205 4637 in
2270 4578 2490 4638 molta
2554 4579 2823 4661 ohliga-

312 4676 464 4743 tione
507 4704 631 4763 per
677 4684 722 4745 1'
776 4683 980 4745 offitii
1034 4686 1166 4746 che
1216 4704 1346 4765 per
1394 4684 1514 4745 noi
1563 4683 1632 4745 di
1683 4684 2017 4746 continuo
2068 4684 2214 4745 fate
2264 4684 2380 4765 piu
2434 4688 2823 4749 amorevoli

314 4792 366 4842 et
405 4788 826 4853 desideramo
875 4792 944 4853 in
996 4793 1166 4879 ogni
1216 4790 1626 4853 occurentia
1675 4800 1917 4853 vostra
1967 4792 2412 4853 rendervene
2477 4791 2524 4854 il
2572 4792 2823 4855 merito

315 4897 832 4961 cumulatissimo.
929 4900 1013 4959 Et
1065 4901 1250 4959 bene
1299 4900 1552 4960 valete.
1649 4897 2056 4959 Florentiae
2094 4898 2240 4959 XII
2284 4898 2427 4959 Mai
2459 4900 2820 4961 MDXXI.
