3575 5775
1355 605 1815 665 0-2‘3338>-0

303 752 538 813 avanti
607 752 1024 815 exacerbati
1081 762 1332 817 contro
1408 755 1480 817 la
1557 755 1814 818 Chiesa
1895 754 1967 817 di
2044 754 2283 817 Roma
2364 753 2872 835 congiungono

301 859 368 919 la
415 878 633 921 causa
681 859 872 922 della
919 858 1116 940 fede,
1167 861 1308 923 imo
1357 864 1426 923 la
1476 882 1980 945 sommergono
2034 861 2104 922 in
2156 860 2205 931 li
2257 863 2409 923 loro
2461 860 2689 923 affetti
2736 861 2873 942 pri-

305 964 447 1027 vati
496 975 568 1029 et
615 965 881 1030 invidie
931 968 1064 1029 che
1126 968 1368 1031 hanno
1433 979 1682 1033 contra
1731 969 1805 1031 di
1856 969 2128 1032 Roma:
2222 968 2347 1030 Ma
2407 970 2476 1030 13
2538 969 2751 1051 plebe
2816 967 2874 1029 si

301 1092 603 1156 cot-rege
653 1073 826 1156 ogni
893 1076 960 1135 di
1026 1094 1157 1156 per
1221 1086 1472 1157 queste
1531 1076 1874 1159 prediche
1940 1084 2011 1137 et
2072 1075 2679 1138 abbrusciamenti
2743 1076 2876 1137 che

303 1180 357 1241 si
405 1180 626 1243 fanno
677 1190 750 1243 et
803 1181 925 1263 piii
978 1202 1055 1243 se
1107 1202 1689 1265 correggeranno
1738 1204 1871 1266 per
1919 1182 1962 1246 l’
1990 1182 2301 1245 advento
2352 1192 2425 1245 et
2472 1193 2869 1265 quattrage·

299 1286 495 1350 sima.
579 1286 845 1351 Contro
910 1288 958 1350 li
1023 1289 1187 1351 altri
1251 1310 1464 1372 spero
1529 1290 1662 1355 che
1723 1291 1793 1353 in
1865 1301 2115 1373 questa
2178 1290 2370 1353 dieta
2434 1290 2491 1353 si
2556 1289 2730 1351 dara
2792 1287 2873 1349 ri-

299 1395 534 1457 medio
586 1415 720 1458 con
771 1395 812 1457 1’
834 1395 1077 1458 adiuto
1127 1397 1199 1458 di
1247 1397 1385 1459 Dio
1437 1408 1508 1460 et
1556 1400 1626 1461 la
1671 1396 1895 1462 bonta
1944 1398 2015 1459 di
2066 1396 2348 1460 Cesare.

477 1502 634 1564 Ben
685 1502 1013 1585 supplico
1063 1523 1194 1583 per
1241 1504 1490 1567 l'amor
1537 1504 1608 1567 di
1657 1504 1819 1580 Dio,
1872 1514 1943 1567 et
1991 1502 2139 1567 cosi
2186 1503 2408 1567 fanno
2458 1502 2619 1565 tutti
2668 1501 2715 1565 li
2767 1522 2875 1563 or-

299 1610 620 1686 thodoxi,
686 1611 819 1672 che
881 1610 937 1671 si
989 1620 1209 1674 metta
1254 1610 1397 1673 fine
1447 1633 1488 1673 a
1536 1622 1732 1675 tante
1783 1632 2074 1674 reserve
2124 1620 2196 1674 et
2245 1610 2579 1693 dispense
2630 1619 2701 1672 et
2756 1610 2869 1671 de·

297 1717 656 1797 rogationi
726 1717 836 1779 de'
889 1718 1306 1781 concordati
1369 1718 1440 1780 di
1489 1719 1932 1799 Alemagna,
1997 1718 2493 1801 compositioni
2559 1726 2632 1780 et
2696 1718 2875 1779 altre

297 1824 506 1886 simili
560 1825 864 1887 novelle.
959 1825 1352 1888 Praeterea
1400 1827 1532 1888 che
1583 1826 1643 1888 si
1692 1826 1891 1889 metti
1941 1826 2147 1889 freno
2198 1828 2289 1888 ad
2340 1824 2517 1889 certi
2583 1826 2715 1886 che
2776 1824 2872 1886 in-

297 1931 618 1994 triccano
699 1932 860 1993 tutti
941 1932 990 1993 li
1066 1931 1396 1995 beneficii
1470 1934 1560 1996 de
1639 1934 2067 2015 Alemagna,
2152 1954 2291 1996 non
2358 1932 2673 1996 contenti
2744 1932 2875 1993 che

299 2038 663 2100 habbiano
711 2038 965 2101 infiniti
991 2039 1343 2121 beneficii,
1392 2041 1659 2121 perche
1691 2040 1920 2123 questi
1972 2040 2222 2123 populi
2254 2039 2671 2103 nominatim
2713 2058 2872 2101 con-

297 2145 670 2226 giungono
745 2148 814 2207 la
874 2146 1174 2209 materia
1240 2146 1311 2208 di
1373 2148 1638 2210 Lutero
1706 2168 1843 2210 con
1910 2147 2135 2229 quest'
2201 2148 2383 2210 altre
2448 2166 2615 2209 cose
2679 2154 2751 2209 et
2810 2145 2874 2208 ci

299 2250 519 2315 fanno
587 2254 658 2314 di
725 2272 950 2335 grave
998 2253 1238 2317 danno
1303 2253 1372 2316 in
1440 2256 1505 2317 el
1569 2254 1924 2337 principal
1973 2257 2106 2318 che
2172 2274 2523 2317 concerne
2582 2255 2650 2316 13
2712 2253 2878 2315 fede

299 2360 678 2439 catholica,
747 2360 837 2422 ne
902 2381 979 2423 se
1042 2380 1309 2423 curano
1373 2361 1443 2423 di
1505 2362 1801 2443 rinegar
1850 2363 1988 2424 Dio
2054 2381 2185 2443 per
2245 2360 2358 2423 far
2412 2362 2756 2423 vendetta
2810 2358 2879 2420 di

297 2476 554 2547 questa
617 2469 1030 2548 sopradette
1081 2468 1539 2549 enormitadi,
1603 2470 1670 2531 le
1718 2470 1909 2551 quali
1959 2489 2224 2532 ancora
2271 2470 2403 2531 che
2452 2468 2669 2530 creda
2736 2487 2878 2529 non

299 2594 496 2636 esser
546 2578 602 2634 sl
653 2574 910 2655 grandi
960 2595 1159 2638 corne
1207 2577 1364 2638 loro
1416 2577 1480 2637 le
1529 2575 1751 2639 fanno
1766 2624 1783 2655 ‚
1836 2588 1907 2639 et
1954 2576 2022 2639 io
2073 2578 2163 2638 ad
2216 2578 2497 2639 oculum
2545 2596 2764 2657 saepe
2829 2575 2878 2636 li

299 2683 738 2760 demonstr0‚
789 2683 1170 2744 tuttavolta
1201 2682 1272 2744 in
1310 2693 1564 2765 questo
1592 2685 1893 2745 tumulto
1943 2684 2001 2747 si
2052 2688 2233 2747 deve
2283 2683 2661 2747 removerli
2709 2682 2879 2766 ogni

298 2808 472 2851 ansa
527 2800 598 2851 et
647 2789 1024 2852 occasione
1079 2791 1168 2853 de
1217 2791 1328 2852 far
1377 2792 1443 2854 le
1490 2796 1764 2872 paccle.

476 2896 715 2958 Credo
765 2899 896 2960 che
946 2904 1120 2960 costi
1174 2899 1232 2961 si
1282 2898 1464 2981 sapii
1515 2899 1700 2962 assai
1753 2902 1841 2961 de
1905 2899 1949 2961 l'
2004 2919 2227 2980 opera
2278 2897 2347 2959 di
2398 2907 2651 2978 questo
2700 2897 2879 2960 Ario

299 3004 376 3065 da·
422 3001 807 3088 captivitate
854 3005 1272 3089 babylonica,
1341 3007 1537 3087 cujus
1604 3027 1821 3087 supra
1866 3005 2010 3069 feci
2059 3005 2522 3083 mentionem,
2594 3006 2664 3066 13
2712 3006 2876 3084 qual

303 3131 430 3191 per
461 3119 730 3194 troppa
759 3133 887 3174 sua
917 3113 1244 3176 tristezza
1293 3126 1364 3174 et
1390 3114 1861 3176 enormissina
1906 3112 2203 3195 impieta
2233 3113 2453 3174 molto
2503 3111 2577 3173 fa
2626 3111 2691 3172 al
2723 3131 2877 3192 pro-

301 3219 538 3299 posito
601 3232 882 3292 nostro;
951 3219 1022 3281 io
1069 3219 1368 3282 l'harrei
1419 3223 1777 3302 mandata,
1828 3241 1941 3282 ma
1989 3219 2431 3302 percheme
2490 3239 2581 3280 ne
2639 3217 2879 3281 adiuto

301 3326 512 3404 assai,
564 3329 632 3388 la
680 3335 1006 3408 retengO.

485 3435 690 3496 Altre
759 3454 978 3515 opere
1048 3435 1119 3496 in
1171 3434 1527 3496 Alemano
1593 3436 1686 3496 ha
1751 3435 2089 3496 mandato
2152 3433 2359 3496 fuora
2425 3434 2492 3496 el
2549 3434 2878 3515 predetto

303 3539 582 3602 ribaldo
635 3551 883 3602 contra
930 3542 1000 3602 13
1031 3541 1240 3603 Bulla
1289 3552 1360 3603 et
1413 3562 1556 3604 non
1607 3562 1686 3603 so
1738 3544 1869 3603 che
1905 3544 2085 3603 altre
2119 3561 2389 3622 pacc1e‚
2442 3540 2633 3622 quali
2668 3561 2878 3622 spero

301 3649 388 3708 de
439 3647 647 3710 brevi
697 3649 990 3710 mandat
1039 3671 1082 3710 a
1129 3648 1342 3710 fuoco
1393 3661 1464 3710 et
1493 3647 1775 3710 fiamma
1805 3661 2067 3730 quante
2104 3647 2224 3729 pii]
2270 3669 2358 3710 ne
2390 3647 2601 3729 potro
2636 3650 2877 3710 havet.

485 3753 804 3817 Hutteno
855 3766 1098 3836 satyro
1146 3756 1241 3817 ha
1288 3753 1470 3817 fatto
1503 3774 1597 3815 un
1633 3765 2033 3817 commento
2072 3773 2289 3836 sopra
2322 3754 2391 3816 la
2424 3753 2634 3816 Bulla
2665 3752 2878 3834 pieno

305 3862 372 3922 di
423 3861 806 3924 virulentia
855 3872 1104 3924 contro
1157 3861 1240 3923 N.
1293 3858 1365 3923 S.
1417 3861 1594 3923 Item
1643 3871 1929 3942 quattro
1980 3882 2021 3922 o
2072 3861 2177 3923 sei
2227 3861 2528 3943 epistole
2577 3861 2667 3921 ad
2710 3859 2875 3922 Cae-

305 3989 536 4031 sarem
585 3979 657 4030 et
704 3970 915 4052 alios,
966 3970 1036 4032 in
1085 3970 1342 4050 quibus
1392 3972 1480 4031 de
1529 3991 1640 4032 me
1689 3969 2001 4050 loquitur
2051 3969 2286 4032 multis
2333 3969 2403 4054 in
2453 3967 2663 4049 lociS,
2722 3987 2877 4048 sup-

305 4095 552 4157 presso
615 4086 850 4138 tamen
912 4077 1234 4156 nomine,
1301 4087 1586 4159 sumpta
1650 4077 2028 4139 occasione
2079 4078 2196 4139 dal
2245 4079 2467 4139 breve
2518 4075 2762 4136 scritto
2811 4076 2879 4137 al

307 4183 731 4266 Moguntino
807 4183 924 4245 del
1001 4186 1210 4265 quale
1281 4186 1517 4246 hanne
1589 4186 1856 4246 havuto
1939 4183 2147 4264 copia
2220 4181 2443 4244 inscio
2520 4180 2881 4244 Cardinali

309 4311 436 4371 per
497 4290 788 4371 meggio
853 4292 954 4372 (ut
1001 4293 1200 4372 puto)
1266 4291 1434 4353 delli
1504 4291 1760 4354 occulti
1826 4289 2214 4353 Lutherani
2281 4291 2413 4352 che
2475 4310 2777 4352 serveno
2841 4310 2883 4351 a

309 4399 502 4460 detto
566 4398 848 4480 signor‚
919 4398 1008 4460 de
1074 4401 1206 4460 che
1273 4419 1416 4460 non
1479 4397 1688 4479 potro
1746 4399 1858 4461 far
1906 4401 2037 4461 che
2086 4417 2228 4459 non
2276 4416 2367 4458 ne
2417 4397 2576 4459 dica
2621 4395 2742 4479 piu
2792 4398 2880 4458 de

313 4523 450 4567 una
492 4505 764 4587 parola.

487 4613 601 4675 Ha
649 4615 817 4676 dato
865 4612 1074 4676 fuora
1123 4623 1194 4675 et
1244 4613 1443 4674 detto
1479 4611 1797 4674 Hutteno
1848 4631 2113 4674 ancora
2161 4611 2339 4675 certi
2388 4610 2550 4673 libri
2598 4611 2667 4673 in
2704 4609 2881 4673 rima

316 4729 382 4780 et
429 4719 498 4781 in
546 4739 764 4801 prosa
812 4719 1316 4798 Alemannica‚
1386 4721 1635 4801 quales
1685 4718 1923 4781 statim
1972 4718 2243 4781 iudices
2292 4739 2385 4782 ex
2434 4718 2731 4781 Hutteni
2781 4718 2879 4794 of-

315 4823 517 4888 ficina
563 4827 936 4908 prodiisse.
1031 4827 1164 4889 Lui
1214 4827 1252 4888 e
1301 4827 1422 4908 qui
1470 4847 1818 4908 appresso
1868 4827 1961 4888 ad
2010 4846 2217 4888 meno
2269 4826 2338 4888 di
2373 4845 2513 4887 una
2548 4826 2880 4906 giornata

317 4929 382 4993 in
431 4951 520 4995 un
569 4936 864 4996 castello
915 4933 986 4996 di
1035 4933 1438 4998 Francesco
1490 4933 1971 5016 Sichinghen‚
2040 4933 2113 4995 in
2163 4936 2454 5017 specula
2510 4933 2580 4994 di
2642 4935 2879 5014 quello

373 5056 531 5110 Balnn,
555 5059 842 5100 Documenta
863 5059 1138 5101 Lutherana.
2526 5039 2560 5090 3
