3575 5775
1728 541 2223 616 043240230

694 688 1253 772 terrogationem
1275 737 1292 769 ,
1368 698 1605 753 tamen
1684 691 1789 753 sel
1867 690 2062 753 fusse
2109 699 2298 754 stato
2345 690 2664 773 maligno
2737 691 2801 754 61
2864 700 3080 774 potea
3129 693 3256 756 dar

694 795 971 878 grande
1018 796 1524 878 impedimento
1574 806 1645 860 et
1693 797 2016 860 disturbo
2065 799 2206 861 alle
2253 818 2422 862 cose
2471 807 2732 862 nostre.

874 904 984 966 De
1033 903 1081 965 li
1130 913 1337 967 cento
1386 902 1618 967 fiorini
1664 903 1997 968 habiamo
2047 904 2196 968 dati
2234 906 2386 968 solo
2419 903 2804 986 cinquanta
2831 925 2877 968 a
2909 903 3256 987 Spieghel

695 1019 767 1073 et
812 1011 1227 1085 bastaranli;
1276 1031 1327 1073 x
1377 1013 1445 1074 al
1494 1011 1767 1075 decano
1817 1013 1909 1096 de
1940 1011 1998 1076 F
2001 1012 2336 1077 rancford
2384 1011 2514 1075 che
2565 1012 2602 1074 ὲ·
2651 1032 2922 1094 povero
2957 1032 3086 1095 per
3129 1032 3257 1075 sue

695 1137 940 1199 spese,
1008 1120 1141 1182 che
1207 1117 1250 1180 'l
1306 1137 1540 1181 venne
1589 1117 1709 1201 qui
1758 1117 1971 1182 etiam
2018 1135 2162 1182 non
2211 1128 2526 1202 rogatus,
2620 1119 2706 1182 El
2754 1117 2998 1202 signor
3045 1119 3256 1183 Cara-

694 1227 848 1288 zolo
895 1224 945 1287 li
990 1225 1084 1287 ha
1133 1226 1301 1288 dato
1350 1247 1491 1289 una
1538 1226 1877 1308 dispensa
1925 1228 2019 1290 od
2067 1228 2209 1290 duo
2257 1226 2502 1308 gratis,
2597 1226 2812 1290 Certo
2847 1229 2979 1290 che
3027 1227 3070 1290 ’l
3119 1247 3258 1290 me-

694 1332 831 1397 rita
876 1332 1045 1415 ogni
1092 1336 1300 1398 bene.
1394 1334 1480 1396 El
1527 1345 1720 1398 resto
1770 1335 1902 1398 che
1951 1355 2128 1398 sono
2176 1343 2525 1416 quaranta
2571 1332 2804 1396 fiorini
2850 1354 2929 1396 se
2977 1333 3258 1416 dispen-

694 1460 1000 1503 seranno
1051 1442 1117 1503 al
1165 1443 1491 1524 besogno
1540 1450 1612 1505 et
1659 1442 1696 1505 ὲ
1739 1442 1868 1505 util
1903 1462 2072 1505 cosa
2103 1440 2364 1523 pigliar
2393 1451 2731 1522 questoro
2766 1459 2922 1504 cum
2951 1441 3262 1523 qualche

696 1547 908 1610 dono·

872 1654 1165 1737 Repeto
1214 1664 1575 1736 postremo
1624 1656 1757 1718 che
1801 1675 1879 1718 se
1910 1653 2150 1719 mandi
2182 1663 2435 1736 questa
2467 1654 2676 1718 Bolla
2704 1667 2956 1718 contra
2988 1655 3267 1719 Luther

695 1771 767 1824 et
814 1763 1122 1824 sarebbe
1172 1763 1359 1825 bono
1408 1761 1591 1824 farla
1638 1761 1875 1826 subito
1921 1762 2287 1846 imprimet
2334 1771 2406 1824 et
2435 1765 2810 1844 spargerla
2855 1782 2988 1845 per
3033 1771 3260 1834 tutto;

692 1889 771 1930 se
818 1867 999 1932 sacci
1046 1868 1137 1931 de
1186 1869 1357 1932 data
1402 1869 1492 1932 de
1526 1867 1569 1931 l'
1604 1871 1788 1932 altra
1819 1869 2031 1933 tertio
2064 1889 2292 1932 nonas
2321 1868 2660 1948 Januarii‚
2709 1879 2782 1932 et
2827 1887 2958 1950 per
2987 1868 3031 1931 l'
3059 1889 3266 1931 amor

691 1974 783 2038 de
830 1973 969 2038 Dio
1017 1976 1149 2038 che
1197 1977 1267 2038 16
1312 1996 1392 2040 56
1439 1977 1679 2059 spacci
1725 1999 1859 2060 per
1905 1979 1972 2040 el
2021 1977 2138 2060 pisi
2191 1985 2475 2060 prest0,
2544 1976 2974 2040 nominando
3025 1978 3262 2040 solum

693 2082 963 2145 Luther
1008 2092 1080 2145 et
1126 2083 1231 2145 soi
1279 2083 1653 2147 adherenti
1698 2084 1771 2147 in
1819 2105 2128 2167 genere;
2196 2083 2422 2168 quest'
2497 2085 2682 2147 altra
2753 2083 2876 2167 poi
2937 2086 3056 2148 nel
3119 2083 3265 2148 mio

692 2189 919 2271 partit
966 2192 1055 2254 de
1104 2188 1490 2256 Germania
1534 2193 1605 2257 la
1652 2191 2048 2277 publicato.

1764 2390 1916 2404 W

1920 2621 2030 2688 95.

1262 2738 1739 2819 Aloander
1808 2736 2676 2820 Vioeoanoellario.

1545 2888 1829 2961 (Ruunt.
1875 2887 2127 2947 German.
2170 2885 2233 2945 10.
2268 2885 2402 2959 1¹74.)

1732 3011 1836 3074 (24.
1877 3010 2008 3058 Maii
2054 3010 2224 3071 1521.)

871 3153 1015 3215 Per
1064 3154 1128 3215 el
1178 3151 1507 3234 proximo
1554 3149 1794 3216 scrissi
1843 3172 2044 3214 come
2093 3170 2224 3233 per
2270 3150 2861 3213 comandamento
2908 3167 3270 3230 expresso

694 3255 765 3319 di
817 3256 1039 3320 Cesar
1083 3258 1155 3319 io
1202 3260 1435 3322 havea
1482 3267 1852 3341 composto
1902 3266 2154 3341 questo
2204 3257 2594 3321 benedetto
2643 3257 2978 3319 mandato
3023 3264 3096 3319 et
3127 3276 3273 3337 per

694 3363 992 3427 deffetto
1041 3364 1131 3428 de
1182 3366 1639 3430 abbreviator
1688 3364 1803 3429 chi
1869 3386 2160 3450 sapesse
2219 3385 2261 3428 o
2321 3367 2602 3428 volesse
2661 3364 2732 3426 in
2801 3373 3051 3446 questo
3115 3366 3270 3427 ben

693 3470 954 3550 servir,
1004 3470 1097 3533 mi
1146 3492 1269 3535 era
1316 3472 1625 3537 sforzato
1670 3473 1784 3536 far
1831 3476 1896 3535 al
1945 3494 2106 3537 men
2174 3474 2313 3535 mal
2361 3472 2494 3535 che
2539 3472 2609 3534 io
2657 3491 2898 3554 sapea,
2946 3470 3018 3532 di
3065 3479 3274 3534 sorte

694 3578 826 3641 che
875 3578 945 3641 in
994 3578 1241 3661 primis
1288 3581 1332 3643 1²
1367 3582 1595 3644 honor
1656 3583 1771 3644 del
1831 3579 1961 3644 8¹⁰⁰
2026 3579 2220 3644 fusse
2291 3586 2716 3641 conservato
2783 3586 2854 3641 et
2918 3584 3271 3658 questoro

692 3685 972 3749 fussero
1022 3687 1363 3749 contenti.
1456 3687 1693 3770 Dopoi
1739 3686 1820 3750 fu
1852 3689 2147 3750 traslato
2195 3685 2432 3748 subito
2463 3684 2534 3747 in
2572 3683 2923 3747 Alemano
2971 3692 3044 3746 et
3093 3703 3268 3745 con-

693 3794 890 3856 cluso
939 3813 1072 3857 con
1124 3795 1189 3857 el
1252 3794 1657 3858 cancellieri
1678 3843 1697 3875 ‚
1769 3794 1901 3857 che
1949 3814 2027 3857 se
2075 3792 2510 3856 scrivessero
2568 3788 2900 3854 ambedoi
2945 3788 3015 3853 in
3063 3791 3276 3853 bona

692 3900 897 3964 litera
954 3901 1115 3965 anci
1184 3902 1316 3965 che
1383 3902 1505 3985 gia
1564 3912 1850 3983 potemo
1919 3902 2104 3965 farlo
2167 3898 2572 3982 imprimere
2640 3894 2905 3980 perche
2971 3916 3114 3959 non
3183 3918 3274 3960 se

690 4010 1009 4072 harebbe
1058 4030 1099 4071 a
1146 4020 1378 4078 mutar
1424 4011 1679 4073 alcuna
1710 4029 1919 4082 cosa;
1969 4030 2063 4073 ex
2109 4009 2368 4091 quibus
2412 4004 2653 4070 verbis
2695 4005 3267 4067 conducessemo

693 4118 764 4181 lo
829 4116 1259 4199 impressore
1316 4127 1387 4180 et
1444 4116 1662 4181 datali
1724 4137 2027 4200 caparra
2085 4115 2318 4179 fiorini
2369 4114 2445 4177 X
2507 4112 2726 4177 d’or0.
2843 4112 3274 4175 Tuttavolta

694 4223 1067 4287 domenica
1141 4233 1433 4306 passata
1500 4226 1594 4307 po
1668 4244 1934 4307 pranso
2014 4245 2146 4287 con
2221 4223 2285 4285 el
2349 4219 2730 4285 cancellier
2789 4218 3100 4282 andamo
3163 4220 3272 4283 ad

695 4328 915 4393 Cesar
961 4351 1091 4414 per
1137 4331 1299 4394 farli
1345 4340 1602 4395 metter
1647 4334 1719 4396 la
1745 4352 1956 4394 mano
2005 4350 2204 4394 come
2234 4330 2433 4393 detto
2467 4326 2867 4392 cancellieri
2916 4326 3007 4389 de
3054 4336 3272 4390 certo

694 4436 760 4499 ci
808 4438 1040 4500 havea
1085 4459 1454 4520 promesso
1503 4448 1575 4502 et
1622 4448 2004 4522 apportato
2053 4436 2171 4520 gia
2228 4439 2299 4501 16
2343 4455 2582 4519 penna
2615 4454 2745 4517 per
2769 4432 3268 4515 sottoscrhrer,

695 4563 836 4606 non
885 4565 965 4606 so
1014 4546 1249 4608 donde
1298 4548 1727 4629 procedesse
1776 4546 1908 4608 che
1957 4544 2176 4609 Cesar
2214 4542 2403 4606 disse
2435 4542 2637 4605 volet
2668 4542 2828 4604 chel
2859 4540 2919 4603 si
2948 4540 3270 4605 vedesse

694 4650 921 4733 primo
982 4650 1275 4715 insieme
1332 4674 1467 4717 con
1530 4654 1579 4717 11
1640 4649 1824 4717 Stati
1887 4652 1980 4714 de
2041 4650 2085 4714 l'
2129 4648 2438 4732 Imperio
2505 4650 2636 4712 che
2700 4646 2741 4711 e
2798 4668 2966 4711 cosa
3033 4648 3266 4712 molto

694 4757 1133 4841 periculosa,
1197 4762 1332 4826 che
1396 4762 1551 4826 loro
1614 4782 1655 4823 o
1713 4780 1843 4823 ver
1906 4778 2047 4822 non
2107 4756 2372 4823 lassino
2441 4776 2694 4840 passar
2755 4756 2872 4818 del
2927 4762 3116 4818 tutto
3189 4757 3268 4819 el

694 4868 1049 4950 mandam,
1100 4888 1143 4931 o
1190 4870 1261 4933 lo
1310 4870 1577 4934 mutino
1624 4868 1695 4932 in
1750 4868 1819 4930 16
1867 4887 2053 4953 pene
2123 4866 2243 4931 del
2305 4866 2544 4932 banno
2609 4860 3002 4948 imperiale.
3111 4860 3266 4929 Dio
