3575 5775
1670 521 2166 578 0<33oot>w

640 667 897 730 Christi
962 667 1257 729 nuncios
1303 667 1763 749 persequutio
1812 668 2188 747 suscitata,
2260 679 2331 730 te
2382 668 2563 731 duce
2631 677 2703 730 et
2749 678 3040 731 auctore
3087 689 3210 730 ex-

636 775 1003 854 tinguatur
1050 781 1121 835 et
1170 774 1588 856 eliminetur,
1637 786 1714 837 ut
1759 783 1884 837 tua
1923 784 2310 856 nostraque
2353 775 2742 837 communis
2775 774 3211 840 Germaniae

638 883 1021 943 secundum
1070 901 1355 943 carnem
1404 883 1637 963 patria
1690 883 1759 944 in
1813 902 2014 945 suum
2063 883 2516 963 splendorem
2567 883 2748 944 tituli
2797 903 3213 966 propugna-

640 988 853 1052 tionis
886 987 1145 1050 Christi
1193 987 1359 1050 fidei
1408 989 1476 1051 in
1527 1000 1679 1052 toto
1728 993 1904 1052 orbe
1949 991 2380 1070 restituatur,
2429 999 2506 1052 ut
2535 999 2606 1051 te
2639 1010 2890 1053 vocem
2919 987 3214 1052 Domini

641 1106 1095 1176 nostramque
1162 1107 1235 1157 et
1297 1097 1504 1158 huius
1570 1094 1882 1160 Sanctae
1933 1095 2141 1160 Sedis
2207 1097 2565 1159 audivisse
2635 1106 2899 1178 tuoque
2966 1096 3216 1160 officio

641 1205 805 1286 (quo
863 1202 1145 1265 Christo
1212 1203 1499 1284 teneris)
1566 1213 1731 1266 tuae
1797 1203 2075 1283 virtuti,
2147 1211 2268 1266 tuo
2336 1213 2410 1266 et
2473 1202 2898 1266 Germaniae
2964 1200 3218 1266 decori

642 1318 1073 1390 nostraeque
1136 1310 1621 1390 expectationi
1684 1321 1755 1373 et
1813 1310 2142 1392 religioni
2191 1310 2619 1374 christianae
2682 1311 3218 1392 promptissime

641 1417 1258 1500 (quemadmodum
1310 1418 1452 1478 tale
1500 1416 1903 1480 incendium
1954 1418 2204 1500 exigit)
2253 1439 2337 1480 ac
2371 1419 2701 1480 astrictus
2731 1437 2830 1498 eS,
2878 1437 3038 1480 cum
3071 1415 3218 1480 Dei

638 1545 724 1588 ac
772 1523 1275 1587 benedictione
1305 1533 1549 1586 nostra
1581 1525 2041 1604 consuluisse,
2092 1524 2406 1587 remedia
2438 1524 2872 1604 adhibuisse,
2921 1544 3003 1586 ac
3037 1523 3220 1586 talia

639 1631 902 1696 indicia
947 1651 1080 1712 pro
1108 1630 1387 1694 Christo
1436 1643 1508 1693 et
1540 1631 1692 1694 eius
1738 1629 1901 1713 fide,
1951 1652 2082 1714 pro
2119 1631 2429 1694 umversi
2471 1634 2720 1708 salute,
2766 1642 3010 1694 nostra
3041 1651 3212 1712 quo·

642 1759 781 1820 que
816 1737 1328 1800 intercessione
1369 1737 1810 1818 praestitisse
1845 1759 2360 1822 cognoscamus
2409 1747 2480 1801 et
2510 1759 2756 1801 omnes
2784 1738 3221 1820 intelligant,

642 1855 714 1909 et
762 1846 1356 1927 quemadmodum
1406 1845 1893 1910 charissimum
1940 1846 2013 1909 in
2061 1846 2341 1910 Christo
2389 1845 2608 1908 filium
2653 1853 2968 1908 nostrum
3001 1845 3221 1908 Caro-

642 1955 785 2017 lum
835 1952 1327 2016 Romanorum
1388 1953 1670 2035 Regem
1733 1953 1809 2017 in
1855 1954 2370 2036 Imperatorem
2433 1955 2770 2032 electum,
2843 1953 2912 2014 in
2977 1951 3220 2016 novis—

644 2061 821 2124 simo
872 2071 1223 2122 conventu
1275 2059 1719 2124 Wormatiae
1782 2081 1876 2123 ex
1924 2081 2051 2124 suo
2099 2061 2466 2124 Ecclesiae
2515 2060 2651 2122 Dei
2717 2060 3224 2123 advocationis

641 2166 879 2230 officio
928 2187 1068 2249 quo
1116 2178 1193 2229 tu
1240 2187 1426 2229 nunc
1486 2167 1557 2230 in
1607 2165 1995 2231 Germania
2054 2188 2186 2251 pro
2242 2167 2622 2231 Maiestate
2667 2188 2795 2230 sua
2854 2167 3214 2249 fungeri5‚

644 2283 895 2337 contra
967 2272 1356 2353 iniquitatis
1419 2273 1639 2337 filium
1705 2275 2088 2337 Martinum
2156 2274 2570 2338 Lutherium
2643 2273 3225 2347 haeresiarcham

645 2389 999 2443 tantorum
1046 2381 1391 2442 malorum
1438 2390 1651 2463 caput
1699 2380 2052 2444 catholice
2097 2380 2356 2444 fecisse
2385 2381 2784 2462 meministi,
2833 2380 3226 2444 Salvatore

644 2495 911 2566 nostr0,
960 2486 1152 2567 apud
1200 2507 1411 2568 quem
1458 2488 1725 2550 nullum
1771 2490 2037 2551 bonum
2086 2489 2238 2552 sine
2284 2488 2604 2570 praemio
2655 2497 2784 2568 est,
2832 2509 3044 2570 quem
3081 2488 3226 2552 tibi

643 2595 715 2657 in
766 2593 1038 2656 cunctis
1084 2593 1477 2676 propicium
1528 2595 1786 2656 reddes
1836 2603 1908 2657 te
1957 2603 2394 2677 cunctosque
2443 2615 2732 2677 gressus
2773 2606 2933 2659 tuos
2979 2596 3228 2678 gloria

647 2722 731 2764 ac
793 2702 1022 2763 salute
1071 2710 1193 2763 tua
1256 2703 1349 2763 ob
1397 2702 1538 2764 tale
1590 2701 1912 2764 meritum
1960 2710 2154 2765 tuum
2221 2723 2350 2765 sua
2396 2702 2630 2783 gratia
2675 2703 2992 2782 benigne
3055 2722 3225 2784 pro-

646 2817 1002 2892 sequatur.

1847 3146 1976 3211 130

1394 3262 1615 3363 Epist.
1673 3264 1915 3343 Lunni
1973 3200 2054 3343 (ie
2111 3264 2466 3345 Velthein.

1542 3410 1708 3481 (Acta
1743 3410 2015 3471 Wormao.
2060 3412 2151 3470 fol.
2190 3412 2319 3482 211.)

1648 3527 1718 3599 (1.
1761 3532 1994 3594 Augusti
2039 3530 2212 3599 1523.)

832 3654 906 3718 S.
956 3656 1043 3719 D.
1096 3654 1434 3719 Pervenit
1482 3656 1573 3717 ad
1620 3675 1753 3719 nos
1809 3676 2038 3737 nuper
2086 3656 2252 3717 dum
2299 3655 2532 3718 Hallis
2579 3676 2976 3738 ageremuS,
3025 3656 3228 3721 Rev.

660 3764 897 3843 Pater,
947 3765 1352 3845 exemplum
1400 3763 1791 3826 litterarum
1843 3764 2283 3843 quarundam
2331 3763 2423 3825 ad
2471 3763 2692 3825 instar
2747 3763 2999 3825 Brevis
3047 3784 3222 3845 apo-

656 3870 911 3945 stolici,
960 3882 1037 3933 ut
1084 3872 1476 3952 appellant,
1526 3865 1627 3932 ad‘.
1684 3869 2028 3933 illustrem
2077 3870 2512 3933 Fridericum
2563 3868 2923 3933 Saxoniae
2971 3870 3231 3953 Regu-

660 3980 821 4059 lum,
868 3977 1147 4041 Mis-nae
1198 3987 1409 4059 atque
1459 3976 1899 4061 Thyringiae
1947 3977 2346 4061 principem
2393 3998 2436 4039 a
2486 3976 2556 4039 S.
2607 3978 2695 4041 D.
2730 3976 2814 4041 N.
2849 3976 3231 4041 Hadriano

654 4086 759 4147 VI
806 4086 1016 4149 Pont.
1066 4084 1259 4147 Max.
1310 4085 1721 4164 demissum,
1785 4086 1975 4165 quod
2039 4094 2282 4147 nostro
2344 4084 2592 4147 iuditio
2655 4083 2828 4147 satis
2888 4094 3232 4149 accurate

657 4193 1007 4273 docteque
1036 4192 1513 4273 conscriptum
1537 4191 1810 4263 fuerat;
1860 4211 2103 4254 verum
2131 4192 2506 4254 Romanae
2550 4190 2804 4255 Curiae
2834 4192 3068 4255 stilum
3115 4212 3234 4255 re-

661 4302 953 4362 dolebat
1001 4299 1305 4362 minime.
1402 4298 1601 4379 Quae
1650 4318 1765 4361 res
1813 4318 2068 4361 revera
2116 4319 2255 4361 non
2307 4318 2556 4380 parum
2604 4299 2848 4380 nobiS,
2906 4299 3024 4380 qui
3074 4310 3232 4363 tum

662 4405 866 4469 simul
916 4426 1195 4469 eramus
1243 4416 1314 4468 et
1365 4405 1575 4467 Curia
1624 4405 1868 4468 nutriti
1914 4425 2208 4468 romana
2258 4416 2330 4469 et
2361 4406 2648 4489 gemina
2695 4404 3015 4469 Saxonia
3061 4425 3228 4488 pro-

659 4512 891 4594 gnati,
940 4513 1251 4594 stuporis
1300 4522 1512 4593 atque
1561 4512 1855 4575 meroris
1903 4515 2258 4576 attulerat.
2369 4510 2696 4594 Stuporis
2739 4512 3055 4594 inquam;
3105 4532 3232 4575 ve·

664 4621 1037 4683 hementer
1085 4640 1389 4701 namque
1440 4619 1931 4683 addubitatum
1993 4630 2100 4683 est
2161 4630 2238 4683 ut
2283 4621 2398 4683 vel
2462 4620 2746 4683 litterae
2802 4619 2968 4682 illae
3029 4619 3232 4682 adul-

662 4725 933 4789 terinae
984 4746 1113 4807 pro
1149 4726 1517 4807 legittimis
1564 4726 1771 4790 nobis
1804 4725 2212 4808 offerentur,
2245 4728 2364 4789 vel
2412 4726 2602 4809 quod
2649 4727 2983 4789 Romana
3011 4724 3232 4789 Curia

655 4844 943 4915 praeter
1005 4854 1273 4897 morem
1346 4834 1417 4895 in
1492 4836 1626 4897 hoc
1689 4833 1984 4916 negotio
2050 4834 2498 4899 commutarit
2561 4834 2818 4897 stilum.
2923 4832 3234 4897 Oramus
