3575 5775
1375 587 1793 643 0439&ae

311 735 752 815 hortatoria5‚
801 742 878 797 ut
925 734 1146 797 velint
1193 736 1530 817 adjuvare
1581 736 1670 795 ad
1721 732 2215 796 executionem
2246 731 2485 792 bullae
2520 736 2591 790 et
2630 724 2866 789 omnia

309 842 376 904 in
423 863 510 905 ea
555 851 1052 905 contentorum
1098 851 1168 904 et
1217 851 1430 923 prout
1474 841 1830 905 videbitur
1874 840 2119 903 melius
2154 836 2519 919 expedire,
2570 853 2865 916 quarum

309 948 529 1010 forma
562 947 985 1031 prudentiae
1021 958 1303 1011 vestrae
1335 949 1776 1031 relinquitur.
1852 947 2085 1010 Aliam
2126 966 2297 1009 vero
2338 946 2603 1008 bullam
2645 944 2861 1023 plum-

309 1059 539 1119 batam
587 1055 914 1137 poteritis
965 1055 1030 1118 ei
1081 1056 1398 1137 Principi
1444 1058 1561 1119 vel
1600 1055 1886 1119 domino
1920 1062 2335 1136 presentare
2366 1052 2477 1114 cui
2511 1049 2737 1130 magis
2766 1047 2861 1109 vi-

306 1163 585 1225 debitur
627 1162 832 1225 vobis
873 1162 1238 1243 expedire,
1283 1164 1519 1225 dando
1558 1163 1802 1244 copias
1834 1164 2087 1225 multas
2115 1160 2437 1223 omnibus
2462 1156 2864 1219 volentibus

305 1269 456 1332 illas
471 1271 765 1349 habere,
778 1269 1196 1350 praesertim
1211 1270 1805 1353 Metropolitanis,
1825 1268 2349 1331 hortandoillos
2361 1276 2437 1327 ut
2450 1286 2571 1327 eas
2587 1262 2867 1325 mittant

309 1378 394 1438 ad
441 1397 613 1439 suos
661 1375 1176 1459 suffraganeos,
1229 1387 1300 1440 et
1347 1380 1436 1439 ad
1471 1378 1915 1439 Monasteria
1948 1386 2020 1437 et
2053 1373 2468 1455 collegiatas
2504 1369 2863 1446 ecclesiam,

303 1484 768 1565 publicandas
835 1494 902 1545 et
972 1486 1319 1566 legendas
1391 1485 1595 1565 juxta
1660 1484 1959 1545 formam
2020 1483 2291 1560 bullae,
2361 1500 2635 1542 necnon
2689 1476 2863 1538 alias

303 1595 556 1654 multas
605 1591 886 1653 mittant
935 1594 1025 1653 ad
1074 1592 1254 1654 alios
1302 1592 1889 1687 metropolitanos
1937 1590 2291 1652 hortando
2340 1587 2499 1659 illos
2547 1596 2621 1647 ut
2683 1584 2862 1646 simi-

301 1698 456 1761 liter
515 1698 801 1761 mittant
862 1700 951 1761 ad
1020 1718 1186 1761 suos
1235 1699 1730 1781 suffraganeos
1781 1707 1850 1761 et
1898 1697 2055 1761 aliis
2104 1693 2667 1775 metropolitanis
2715 1710 2863 1751 suc-

301 1805 573 1867 cessive
635 1804 1104 1887 publicandas
1170 1818 1242 1869 et
1290 1808 1672 1888 legendas»,
1739 1806 1838 1868 ita
1887 1814 1960 1867 ut
2008 1802 2434 1885 perveniant
2481 1802 2571 1861 ad
2621 1817 2864 1861 omues

299 1912 666 1976 diocaeses
713 1925 783 1976 et
833 1912 1171 1976 ecclesias
1221 1912 1668 1977 Germaniae.
2642 1913 2649 1919 ’

473 2019 748 2100 Quarto
797 2020 1129 2085 adhibitis
1179 2030 1324 2083 tam
1373 2021 1842 2083 Leodiensem
1890 2040 2099 2102 quam
2150 2017 2327 2079 alios=
2376 2016 2747 2077 Praelatos
2797 2024 2867 2073 et

303 2127 628 2190 dominos
662 2128 731 2189 in
764 2126 974 2190 Curia
1011 2138 1453 2209 exercenteS,
1504 2136 1575 2191 et
1622 2127 1899 2190 facietis
1947 2127 2105 2188 illos
2154 2134 2492 2206 quantum
2542 2122 2675 2184 erit
2706 2142 2863 2202 pos-

299 2234 499 2298 sibile
552 2234 992 2297 favorabiles
1037 2235 1201 2297 huic
1251 2245 1498 2298 sancto
1548 2234 1768 2316 operi.

471 2342 812 2422 QuintuS‚
881 2342 938 2404 si
987 2341 1337 2405 Martinus
1397 2363 1528 2423 per
1589 2363 1665 2405 se
1729 2344 1845 2404 vel
1914 2341 2125 2403 alium
2190 2362 2280 2403 ex
2341 2338 2741 2401 fautoribus
2791 2343 2865 2397 ut

297 2448 849 2512 adhaerentibus
913 2449 1056 2511 suis
1113 2451 1334 2512 vellet
1395 2470 1471 2512 se
1528 2449 1913 2532 justificare
1978 2463 2049 2511 et
2096 2458 2344 2531 petere
2394 2467 2471 2509 se
2520 2443 2746 2507 audiri
2794 2443 2864 2504 in

298 2556 505 2619 Curia
541 2556 895 2620 Caesaree
931 2556 1327 2638 Maiestatis
1375 2557 1903 2639 respondebitis
1945 2557 2089 2637 jam
2134 2554 2274 2618 sibi
2320 2554 2541 2615 fuisse
2593 2572 2723 2633 per
2756 2550 2863 2609 8¹¹¹

299 2665 378 2727 D.
443 2663 532 2726 N.
607 2666 922 2727 oblatum
987 2666 1260 2727 salvum
1335 2666 1759 2727 conductum
1828 2675 1904 2726 ut
1970 2664 2244 2726 veniret
2305 2663 2394 2724 ad
2460 2661 2863 2723 Romanam

297 2768 580 2831 Curiam
646 2779 718 2831 et
767 2768 1030 2833 Sedem
1105 2773 1574 2852 apostolicam
1641 2771 1760 2833 ubi
1830 2792 2086 2833 causae
2136 2772 2509 2833 haeresum
2560 2769 2648 2829 de
2708 2767 2863 2847 jure

293 2876 584 2939 tractari
647 2887 720 2940 et
768 2876 1057 2941 diffiniri
1119 2878 1424 2959 debent,
1487 2878 2051 2961 praesertimque
2116 2888 2494 2960 postquam
2556 2872 2861 2936 Sanctis-

294 2983 506 3046 simus
547 2985 700 3046 Ι)11118
733 2985 821 3048 N.
857 2985 1193 3067 apposuit
1242 3007 1523 3049 manum
1559 2997 1629 3050 et
1679 2985 2184 3050 condemnavit
2228 2981 2624 3064 hujusmodi
2674 3000 2860 3042 erro-

293 3111 421 3172 res,
453 3111 644 3174 quae
669 3103 876 3174 gesta
901 3113 1030 3174 per
1057 3113 1256 3155 suam
1284 3093 1730 3158 sanctitatem
1761 3094 1821 3156 si
1856 3094 2027 3156 alibi
2063 3091 2639 3156 examinarentur
2669 3095 2859 3149 esset

297 3211 542 3261 contra
592 3219 872 3261 omnem
914 3201 1258 3280 justitiam
1309 3213 1379 3264 et
1427 3201 1738 3264 divinam
1771 3213 1841 3264 et
1870 3204 2271 3278 humanam,
2321 3209 2393 3260 et
2427 3197 2485 3259 si
2514 3194 2863 3258 Martinus

293 3308 508 3368 vellet
555 3306 771 3368 hodie
819 3308 910 3369 ad
958 3327 1326 3369 romanam
1374 3307 1656 3371 Curiam
1705 3308 1952 3371 venire
2002 3318 2074 3369 et
2119 3306 2217 3369 ibi
2266 3303 2517 3386 audiri,
2566 3311 2861 3385 paratus

297 3422 398 3474 est
446 3412 606 3476 Smffl'
655 3413 742 3476 D.
777 3413 861 3476 N.
903 3415 1109 3495 juxta
1155 3413 1456 3476 formam
1503 3417 1745 3479 bullae
1795 3416 1967 3477 dare
2017 3413 2151 3476 sibi
2200 3412 2682 3496 plenissimum
2731 3411 2860 3472 sal·

295 3539 450 3582 vum
503 3522 953 3602 conductum,
1005 3530 1076 3583 et
1123 3521 1586 3584 libentissime
1636 3543 1794 3584 eum
1844 3512 2111 3585 audiress

466 3625 696 3688 Sexto
761 3629 1113 3691 scribatur
1167 3627 1297 3690 8¹⁰⁰
1347 3630 1431 3691 D.
1495 3629 1579 3693 N.
1653 3630 1790 3692 cito
1856 3643 1926 3692 et
1989 3629 2348 3710 sigillatim
2419 3645 2858 3708 quecumque

293 3731 569 3796 facietis
637 3745 712 3795 ut
775 3755 906 3816 pro
973 3745 1295 3816 tempore
1363 3737 1590 3817 possit
1657 3738 2047 3799 remedium
2096 3736 2380 3798 afferre:
2456 3743 2525 3796 et
2575 3732 2858 3795 domino

293 3838 546 3916 Joanni
599 3841 821 3904 Echio
892 3844 978 3904 de
1046 3843 1154 3905 his
1222 3864 1358 3925 que
1423 3845 1829 3906 necessaria
1884 3845 2314 3907 videbuntur
2364 3863 2497 3924 pro
2546 3840 2855 3922 publica-

295 3945 486 4008 tione
538 3956 612 4009 et
659 3949 1080 4010 executione
1130 3950 1482 4028 bullarum
1534 3951 1599 4012 ei
1649 3951 2205 4032 commissarum,
2264 3960 2341 4012 ut
2389 3949 2479 4011 sit
2525 3951 2717 4010 bono
2767 3949 2857 4008 ad

296 4051 817 4133 expediendum
881 4055 1151 4134 omnia,
1221 4065 1292 4120 et
1354 4056 1412 4118 si
1481 4057 1933 4138 contingeret
1992 4079 2123 4121 vos
2190 4056 2498 4120 conferri
2559 4056 2651 4118 ad
2699 4055 2859 4116 loca

295 4177 444 4220 cum
490 4159 648 4242 ipso
679 4161 986 4224 Domino
1025 4161 1322 4244 Joanne‚
1371 4184 1504 4245 pro
1551 4165 1950 4245 hujusmodi
2001 4165 2486 4246 publicatione
2535 4163 2706 4226 nihil
2756 4162 2851 4224 fa-

295 4265 488 4328 cietis
537 4279 781 4347 preter
829 4269 1249 4332 sententiam
1300 4283 1370 4333 et
1420 4291 1843 4334 consensum
1893 4275 2061 4353 ejuS,
2114 4282 2184 4335 et
2231 4270 2551 4333 similiter
2598 4271 2655 4333 si
2697 4291 2853 4333 con-

295 4370 599 4452 tingeret
629 4374 786 4455 ipso
825 4375 1123 4439 Domino
1157 4376 1438 4455 Joanne
1469 4380 1819 4441 accedere
1852 4381 1943 4442 ad
1986 4379 2265 4442 Curiam
2309 4365 2634 4441 Caesaris
2683 4378 2854 4441 nihil

297 4476 440 4558 ipse
490 4478 709 4543 faciet
757 4503 888 4544 nec
937 4485 1396 4564 attemptabit
1443 4485 1595 4547 sine
1644 4486 1941 4549 consilio
1990 4498 2250 4552 vestro,

470 4586 735 4650 Ultimo
761 4590 1216 4653 hortabimini
1253 4602 1394 4653 tam
1425 4591 1847 4656 Caesaream
1880 4595 2326 4674 Majestatem
2370 4615 2578 4676 quam
2612 4614 2857 4657 omnes

303 4690 664 4775 Principes
711 4705 786 4756 ut
831 4706 996 4777 post
1045 4699 1605 4780 publicationem
1653 4702 1893 4763 bullae
1928 4711 1997 4763 et
2032 4702 2305 4784 lapsum
2337 4701 2615 4764 termini
2661 4701 2731 4763 in
2772 4722 2858 4763 ea

299 4799 606 4862 contenti
653 4801 1001 4866 Martinus
1065 4805 1414 4885 capiatur,
1481 4818 1550 4869 et
1610 4819 1687 4868 ut
1746 4807 2025 4871 vinctus
2088 4812 2387 4872 ducatur
2435 4811 2525 4872 ad
2576 4807 2855 4871 Curiam

301 4901 690 4969 Romanam
721 4921 798 4970 ut
849 4911 1211 4994 condigna
1255 4933 1489 4995 poena
1537 4914 1892 4997 puniatur,
1942 4927 2063 4979 aut
2110 4919 2360 4980 saltem
2408 4917 2560 4999 ipse
2610 4937 2851 4997 sequa-
