3575 5775
1657 529 2153 603 0-43'328ew

621 712 774 757 mos
819 691 1182 773 principes
1239 692 1358 773 qui
1417 693 1555 755 hoc
1614 692 1849 776 ipsum
1908 692 2350 775 iudicarunt,
2411 692 2881 775 particulares
2942 690 3207 753 facere

619 798 1167 863 reformationes
1216 808 1314 879 et,
1379 799 1471 861 ad
1542 797 2101 881 postulationem
2170 801 2597 883 populorum
2672 798 2791 882 qui
2855 800 2949 861 de
3016 797 3205 861 cleri

620 906 890 969 iniuriis
939 905 1308 988 conquesti
1355 905 1642 988 fuerint,
1691 905 2027 969 adhibitis
2074 915 2310 971 tecum
2357 926 2489 969 sex
2536 913 2660 969 aut
2706 915 2869 969 octo
2916 924 3209 987 germa-

623 1014 733 1077 nis
780 1013 1121 1097 praelatis
1147 1013 1596 1097 ‚correctioni
1643 1012 2037 1077 intendere.
2119 1014 2267 1077 Nos
2300 1022 2373 1078 et
2404 1024 2529 1077 tua
2560 1013 2941 1097 prudentia
2972 1022 3213 1094 atque

623 1121 949 1184 doctrina
993 1119 1370 1203 plurimum
1419 1119 1839 1183 confidimus
1886 1129 1958 1183 et
2003 1120 2141 1183 illis
2189 1120 2469 1203 agimus
2528 1118 2971 1203 principibus
3032 1139 3213 1199 gra-

622 1226 759 1290 tias
817 1247 1115 1310 quorum
1177 1235 1252 1289 tu
1314 1237 1636 1289 sanctum
1700 1227 2145 1310 propositum
2206 1227 2689 1311 optimamque
2748 1229 3213 1290 voluntatem

623 1334 716 1397 ad
785 1355 916 1399 nos
1005 1333 1521 1417 perscripsisti,
1591 1333 2015 1416 illorumque
2086 1334 2373 1398 nomina
2442 1334 2607 1417 (non
2682 1333 2867 1396 enim
2926 1353 3065 1415 per
3132 1341 3219 1393 te

623 1440 892 1523 scripta
949 1442 1134 1521 sunt)
1195 1460 1485 1505 avemus
1555 1440 1991 1524 intelligere,
2078 1462 2219 1523 quo
2295 1461 2610 1504 amemus
2680 1440 2893 1504 etiam
2962 1438 3221 1521 magis

626 1569 806 1630 quos
851 1568 1292 1632 magnopere
1340 1548 1718 1631 diligimus.
1814 1550 1924 1611 Tu
1971 1556 2185 1630 atque
2232 1547 2371 1629 illi,
2428 1546 2669 1611 iuncto
2732 1567 2889 1610 cum
2944 1549 3219 1609 volun·

624 1663 772 1719 tate
819 1658 1012 1719 bona
1059 1654 1328 1737 optimo
1393 1656 1605 1719 etiam
1654 1655 1974 1736 consili0‚
2041 1675 2227 1737 quae
2288 1656 2384 1718 ad
2446 1655 2747 1717 salutem
2806 1662 2881 1717 et
2934 1672 3219 1734 pacem

625 1761 1054 1827 Germaniae
1101 1762 1561 1844 pertinebunt
1609 1773 1681 1826 et
1725 1772 1970 1825 vestra
2030 1762 2293 1826 virtute
2356 1782 2439 1825 ac
2503 1760 2877 1843 diligentia
2937 1780 3219 1841 procu-

625 1868 878 1933 rabitis
925 1880 1000 1933 et
1045 1868 1254 1935 nobis
1298 1868 1616 1932 iudicare
1665 1890 1808 1932 non
1856 1870 2326 1951 postponetiS.
2419 1868 2584 1932 Dat.
2645 1868 2927 1931 Romae
2984 1867 3219 1930 Deci-

625 1985 997 2057 maquarta
1043 1974 1318 2058 Aprilis
1365 1975 1805 2041 MDXXIV.
1900 1976 2120 2039 Anno
2165 1976 2419 2059 primo·

1704 2260 2119 2274 mm

1193 2634 1513 2716 Clemens
1567 2634 1722 2715 VH.
1781 2518 2152 2715 offiium
2207 2633 2606 2736 Campegio.

858 2782 1181 2855 (clementia
1217 2780 1342 2843 vn.
1378 2781 1556 2857 Epist.
1593 2782 1668 2841 ad
1701 2782 1979 2856 principos
2013 2797 2135 2855 per-
2153 2780 2397 2841 Sadolet.
2435 2780 2698 2860 scriptae.
2734 2780 2825 2839 fol.
2860 2780 2962 2853 17.)

1617 2900 1727 2970 (14.
1765 2902 1974 2967 Aprilis
2020 2900 2198 2974 1524.)

803 3045 1101 3110 Gratum
1173 3045 1381 3108 nobis
1452 3045 1843 3108 admodum
1909 3041 2046 3107 fuit
2116 3063 2209 3106 ex
2280 3041 2933 3125 circumspectionis
3028 3052 3226 3107 tuae

623 3152 876 3217 litteris
923 3152 1328 3235 intelligere
1376 3151 1722 3234 postulari
1771 3173 1815 3216 a
1860 3160 1933 3214 te
1983 3168 2115 3231 per
2160 3169 2284 3213 eos
2332 3149 2707 3232 Principes
2766 3147 2888 3233 qui
2932 3147 3011 3212 in
3061 3149 3225 3214 isto

628 3259 1004 3324 Conventu
1053 3256 1482 3323 Germaniae
1530 3257 1956 3340 congregati
2004 3265 2166 3321 sunt
2212 3265 2287 3320 et
2334 3277 2633 3339 quorum
2680 3255 2903 3320 virtus
2951 3264 3032 3318 et
3082 3278 3227 3321 no·

626 3365 868 3430 bilitas
917 3365 1220 3430 maxime
1268 3364 1602 3447 publicae
1651 3365 1863 3428 saluti
1910 3364 2189 3428 intenta
2250 3371 2359 3430 est
2416 3373 2492 3426 ut
2546 3365 2639 3426 ad
2698 3361 3228 3428 reformandos

629 3493 864 3536 mores
912 3472 1083 3535 cleri
1131 3463 1558 3536 Germani-ae
1605 3471 1860 3553 aliquis
1911 3480 2305 3534 conventus
2351 3470 2745 3552 indicatur,
2806 3469 2879 3532 in
2928 3490 3082 3551 quo
3138 3480 3227 3536 tu

629 3582 898 3643 debeas
946 3579 1371 3642 auctoritate
1406 3587 1478 3641 et
1507 3577 1667 3644 vice
1705 3587 1952 3641 nostra
1982 3578 2430 3661 praesidere;
2478 3578 2659 3642 haec
2707 3575 2891 3640 enim
2938 3578 3227 3658 petitio

632 3695 706 3750 et
754 3685 1038 3748 illorum
1106 3684 1444 3768 optimam
1491 3686 1932 3750 voluntatem
1992 3704 2285 3769 prorsus
2338 3684 2549 3748 nobis
2609 3683 2879 3748 indicat
2924 3692 3000 3746 et
3050 3705 3229 3748 rem

626 3795 942 3877 postulat
1012 3799 1090 3856 ut
1137 3777 1589 3856 'arbitramur
1656 3793 2079 3866 salutarem3
2151 3810 2309 3855 cum
2377 3790 2797 3872 praesertim
2867 3793 2957 3852 ad
3036 3811 3223 3856 eum

628 3920 911 3983 quoque
957 3897 1169 3964 finem
1215 3897 1626 3964 instituatur
1672 3909 1752 3964 ut
1778 3897 2339 3962 scismaticorum
2379 3907 2451 3960 et
2482 3917 2707 3980 prave
2741 3897 3229 3963 sentientium

628 4007 914 4072 omnino
963 4005 1442 4070 confundatur
1487 4004 1859 4089 iniquitas3
1911 4025 2200 4086 paxque
2240 4013 2315 4068 et
2344 4004 2817 4086 tranquillitas
2856 4004 2953 4085 (id
3002 4009 3229 4086 quod

628 4136 760 4180 nos
806 4114 1113 4178 maxime
1163 4110 1592 4198 expetimus)
1640 4112 1772 4175 toti
1804 4111 2231 4177 Germaniae
2272 4112 2633 4176 reddatur.
2713 4110 3229 4192 Quamobrem

629 4241 788 4286 cum
836 4221 1064 4287 omnis
1111 4220 1438 4285 ordinum
1487 4217 2131 4284 ecclesiasticorum
2180 4217 2527 4282 correctio
2573 4217 2715 4281 iam
2744 4216 3029 4302 pridem
3084 4239 3225 4284 no-

627 4327 740 4390 bis
803 4328 1236 4409 desyderata
1296 4326 1415 4407 sit,
1481 4335 1554 4392 et
1623 4326 1998 4409 quominus
2062 4326 2155 4390 ad
2213 4346 2369 4390 eam
2444 4324 2682 4390 statim
2750 4326 3229 4392 tractandam

632 4433 1126 4497 devenerimus
1179 4434 1292 4498 his
1351 4434 1568 4498 totius
1632 4433 2167 4498 christianitatis
2228 4434 2579 4498 bellorum
2642 4441 2717 4496 et
2772 4431 3229 4499 seditionum

629 4539 978 4604 incendiis
1033 4541 1374 4605 fuerimus
1435 4540 1789 4624 impediti,
1863 4540 2232 4623 aperiente
2300 4540 2491 4604 viam
2559 4537 2767 4602 nobis
2829 4537 2988 4602 Deo
3068 4561 3231 4622 per

630 4646 964 4711 virtutem
1013 4657 1086 4711 et
1130 4650 1394 4712 bonam
1441 4659 1749 4712 mentem
1796 4647 2093 4712 istorum
2140 4647 2523 4714 Germanie
2572 4645 2985 4728 Principum
3052 4655 3225 4714 tam

631 4753 1128 4836 temporalium
1175 4776 1386 4837 quam
1435 4755 2077 4819 ecclesiasticorum
2094 4803 2112 4838 ,
2160 4752 2795 4837 Circumspectioni
2838 4761 3007 4816 tuae
3058 4755 3226 4820 dic-

628 4870 780 4924 tum
826 4867 1258 4926 conventum
1305 4860 1720 4926 celebrandi
1765 4881 1851 4924 ac
1899 4861 2397 4927 auctoritatem
2426 4861 2614 4926 illius
2658 4858 2789 4924 tibi
2835 4859 3227 4928 tribuendi
