3575 5775
1371 558 1487 612 0-<J3
1565 557 1636 622 95
1713 554 1831 608 ‘Gk-o

322 699 622 765 Mai-tino
671 699 900 774 favet;
947 703 1256 784 populus
1307 704 1490 766 enim
1540 705 1811 766 vultum
1870 715 1941 766 et
2002 713 2312 768 mentem
2363 703 2715 787 Principis
2780 726 2883 768 re·

321 807 548 891 spicit:
642 809 732 872 Et
781 811 882 891 (ut
931 809 1103 874 dicit
1148 809 1628 891 Herodianus)
1675 813 1909 873 solent
1954 811 2219 874 subditi
2268 812 2485 875 vitam
2534 813 2887 894 Principis

321 916 678 982 aemulari.

491 1023 734 1088 Habet
779 1034 1157 1105 praeterea
1205 1025 1670 1105 consiliariOS,
1715 1035 1793 1088 et
1824 1026 2381 1107 praedicatores,
2430 1026 2553 1108 qui
2586 1028 2643 1090 si
2668 1049 2883 1108 quan-

319 1141 456 1194 tum
521 1131 720 1212 prius
779 1131 1092 1194 Martino
1155 1131 1528 1212 favebant,
1598 1153 1782 1195 nunc
1846 1134 2055 1196 aliter
2112 1135 2383 1216 populo
2448 1137 2884 1216 persuadere

319 1239 668 1317 studeant,
719 1238 1100 1320 dicantque
1145 1260 1288 1302 non
1338 1250 1630 1322 putasse
1663 1261 1742 1303 se
1773 1240 2128 1322 principio
2162 1251 2433 1304 tantam
2466 1242 2883 1307 seditionem

319 1353 387 1406 et
444 1344 752 1408 schisma
816 1367 908 1410 ex
953 1346 1106 1410 istis
1155 1347 1756 1429 disputationibus
1806 1348 2176 1427 orituram,
2240 1359 2433 1411 certe
2486 1349 2721 1411 omnia
2769 1351 2885 1412 vel

317 1450 524 1514 facile
571 1455 1031 1517 sedabuntur.

495 1559 828 1624 Addatur
874 1561 1086 1625 etiam
1137 1563 1328 1644 quod
1359 1562 1708 1624 Martinus
1754 1563 2005 1626 scribit
2030 1562 2585 1626 Illustrissimum
2612 1563 2883 1626 Ducem

319 1665 710 1730 Fridricum
761 1689 916 1732 cum
965 1679 1118 1732 tota
1165 1689 1294 1732 sua
1337 1670 1504 1734 aula
1551 1670 1690 1732 sibi
1727 1669 2015 1732 favere:
2068 1672 2257 1751 quod
2289 1669 2349 1731 si
2380 1680 2511 1750 est,
2562 1679 2885 1733 cessante

317 1773 438 1834 tali
487 1774 762 1853 favore,
821 1778 1132 1840 cessabit
1179 1777 1392 1839 etiam
1440 1775 1744 1840 hominis
1791 1776 2206 1857 petulantia.
2303 1775 2604 1860 Scripsit
2652 1787 2885 1841 autem

318 1881 445 1941 hoc
495 1881 851 1946 Martinus
901 1885 990 1948 ad
1042 1883 1330 1947 Crotum
1380 1883 1861 1946 Erfordiensis
1911 1885 2349 1947 Academiae
2396 1895 2767 1948 rectorem.

495 1989 576 2052 In
627 1992 1008 2070 postremis
1056 1992 1333 2054 dicatur
1381 1991 1658 2057 animus
1701 1990 2053 2071 CaesariS,
2120 2013 2329 2073 quem
2370 1992 2767 2056 declaravit
2814 1993 2885 2056 in

318 2095 614 2158 consilio
677 2118 958 2160 suarum
1022 2099 1386 2192 nationufn
1451 2098 1694 2161 habito
1744 2099 1859 2160 die
1908 2098 2207 2162 XXIX.
2302 2100 2749 2164 Decembris:
2816 2112 2889 2163 et

318 2202 759 2283 significetur
821 2225 977 2267 eum
1043 2226 1174 2288 pro
1223 2227 1352 2269 sua
1397 2205 1670 2286 pietate
1717 2217 1787 2268 et
1835 2205 2183 2288 religione
2231 2206 2447 2268 >etiam
2488 2207 2887 2288 juramento

319 2321 386 2370 et
431 2311 828 2392 imperialis
878 2313 1266 2393 Dignitatis
1314 2312 1576 2392 officie,
1625 2327 1778 2394 quo·
1816 2315 2221 2376 advocatus
2256 2324 2366 2376 est
2411 2327 2703 2378 sanctae
2740 2315 2887 2376 Ro-

319 2437 572 2481 manae
633 2429 704 2482 et
765 2419 1186 2484 universalis
1237 2421 1632 2500 Ecclesiae,
1703 2431 1772 2482 et
1832 2420 2148 2484 debitum
2212 2423 2587 2484 honor-em·
2618 2441 2889 2485 summo

319 2524 650 2590 Pontifici
711 2527 1070 2608 promisit,
1131 2549 1278 2592 non
1341 2546 1748 2609 passurum,
1812 2536 1891 2589 ut
1951 2528 2086 2592 ista
2146 2528 2345 2590 talia·
2382 2549 2509 2592 suo
2567 2540 2889 2610 tempore

318 2644 435 2695 aut
484 2634 936 2714 suscitentur,
985 2645 1104 2698 aut
1153 2637 1565 2717 perdurent,
1631 2645 1701 2697 et
1749 2635 1821 2697 in
1868 2637 2005 2698 hoc
2056 2635 2749 2718 decrevisseneque
2789 2636 2888 2699 ‚fa-

318 2740 702 2804 cultatibus
753 2761 884 2805 nec
933 2743 1272 2825 propriae
1319 2763 1674 2824 personae
1723 2761 2043 2825 parcere.

495 2850 855 2913 Advertat
916 2851 1204 2914 tandem
1254 2850 1770 2915 Illustrissimas
1826 2851 1989 2913 Dux
2040 2849 2339 2931 imperia
2390 2859 2461 2913 et
2508 2869 2737 2931 regna
2781 2850 2891 2914 his

317 2956 764 3037 potissimum
811 2959 1084 3021 artibus
1133 2958 1567 3038 conservari,
1617 2958 1871 3039 quibus
1901 2968 2113 3039 parta
2138 2968 2319 3037 sunt,
2366 2968 2440 3019 et
2474 2958 2683 3021 sicuti
2714 2957 2885 3021 Ger—

317 3064 502 3126 mani
559 3063 868 3128 favendo
905 3065 1266 3129 Ecclesiae
1295 3065 1675 3129 Romanae
1715 3065 1997 3146 imperii
2023 3064 2267 3129 titulos
2300 3074 2370 3128 et
2400 3064 2890 3128 electoriatum

316 3171 880 3254 acquisiverunt,
941 3173 1042 3235 ita
1102 3184 1406 3235 caveant
1467 3172 1566 3234 illi
1631 3172 1752 3254 qui
1806 3176 1899 3237 ab
1949 3174 2201 3235 eadem
2248 3172 2571 3235 Ecclesia
2620 3172 2885 3235 dissen-

314 3279 496 3341 tiunt
553 3291 621 3342 et
668 3300 826 3343 eam
873 3290 1238 3361 spernunt,
1287 3302 1378 3343 ne
1425 3280 1576 3343 istis
1627 3279 2094 3363 dignitatibus
2141 3290 2215 3343 et
2247 3280 2384 3342 Dei
2426 3288 2497 3343 et
2530 3278 2889 3343 hominum

309 3386 578 3466 judicio
626 3387 908 3469 indigni
955 3387 1351 3467 videantur,
1403 3399 1474 3449 et
1521 3397 1969 3453 censeantur.

496 3494 684 3557 Illud
757 3495 970 3557 etiam
1043 3495 1114 3557 in
1186 3504 1552 3576 comperto
1619 3497 1883 3559 habeat
1946 3494 2325 3559 Caesarem
2384 3494 2674 3558 interim
2710 3515 2887 3558 ··non

318 3612 758 3665 cessaturum
821 3623 866 3665 a
938 3602 1426 3665 destructione
1496 3615 1566 3665 et
1629 3604 2127 3683 persecutione
2187 3602 2479 3665 istorum
2546 3601 2888 3665 librorum

318 3728 400 3770 eo
447 3718 878 3791 argumento
927 3711 1120 3791 quod
1170 3730 1452 3791 semper
1498 3712 1642 3772 dux
1675 3712 1965 3791 allegat,
2016 3710 2237 3773 libros
2270 3708 2487 3773 Fuisse
2518 3710 2889 3771 damnatos

318 3835 452 3878 non
520 3816 768 3879 audito
824 3817 1194 3898 scriptore.
1290 3817 1500 3897 Quod
1548 3820 1652 3898 (ut
1699 3814 2253 3901 supradiximus)
2300 3831 2443 3879 non
2492 3826 2601 3879 est
2650 3836 2884 3878 neces·

317 3922 598 4004 sarium,
648 3934 772 3985 aut
818 3924 1274 4004 rationabile,
1341 3945 1504 3987 nam
1550 3924 1901 3987 Martinus
1948 3924 2021 3987 in
2069 3924 2215 3987 suis
2263 3922 2542 4003 scriptis
2592 3943 2733 3985 non
2782 3944 2879 3985 so·

321 4032 460 4093 lum
525 4030 1094 4112 evidentissime,
1165 4032 1357 4112 quod
1423 4032 1636 4093 sentit
1703 4032 2045 4113 loquitur,
2110 4040 2183 4095 et
2246 4048 2421 4111 quas
2481 4038 2685 4108 putat
2732 4029 2885 4109 ipsc

321 4136 792 4201 validissimas
853 4138 1170 4202 rationes
1215 4139 1539 4219 adducit,
1601 4158 1849 4201 verum
1896 4139 2114 4202 etiam
2158 4136 2653 4201 resolutoriam
2702 4156 2883 4199 com-

319 4244 578 4323 posuit,
625 4243 696 4307 in
749 4266 890 4326 quo
939 4266 1016 4309 se
1062 4244 1164 4311 ita
1212 4244 1474 4308 sentire
1523 4246 1742 4307 multo
1794 4245 2005 4309 etiam
2054 4245 2497 4309 manifestius
2546 4244 2883 4307 declarat.

495 4351 703 4431 Quod
781 4350 840 4413 si
912 4352 1440 4433 propositiones
1507 4354 1741 4415 nudae
1814 4364 2091 4433 essent,
2162 4350 2370 4415 nullis
2438 4352 2887 4433 argumentis

323 4461 848 4539 corroboratae,
899 4460 1016 4521 vel
1065 4458 1251 4521 forte
1299 4460 1588 4523 fortuna
1626 4471 1864 4525 essent
1895 4459 2509 4541 ambiguae,-tunc
2544 4460 2882 4541 loquendi

323 4564 610 4628 daretur
656 4565 887 4647 copia,
937 4576 1013 4628 ut
1060 4568 1251 4647 quod
1283 4570 1660 4631 obscurum
1697 4578 1908 4646 esset,
1953 4568 2335 4631 dilucidius
2366 4578 2885 4651 exponere-tur:

321 4672 436 4732 ubi
478 4693 650 4736 vero
683 4694 794 4753 ea,
843 4694 1026 4755 quae
1073 4675 1446 4737 traduntur
1493 4685 1764 4758 aperte,
1816 4678 1907 4737 ab
1938 4696 2068 4738 usu
2100 4674 2463 4739 Ecclesiae
2514 4677 2881 4754 recedunt,

325 4796 404 4840 ea
463 4800 596 4861 per
657 4801 737 4844 se
799 4784 915 4843 vel
973 4781 1203 4863 primo
1265 4792 1562 4864 aspectu
1625 4794 1788 4845 sunt
1852 4784 2341 4846 condemnata.
2439 4781 2557 4847 Sic
2609 4802 2886 4845 errores

325 4887 552 4967 multi,
601 4887 1121 4973 opinionesque
1169 4899 1241 4952 et
1288 4892 1664 4973 haereseS,
1729 4912 1770 4953 a
1820 4889 2126 4953 Summis
2172 4890 2659 4975 PontificibuS,
2708 4890 2883 4953 Con-
