3575 5775
1800 524 2297 591 «’-<ὶ33ἴ)6ίέ>-ο

1906 770 2025 833 161

1353 889 1579 968 Duces
1634 886 1992 967 Bavariae
2038 821 2395 965 ‘Clementi
2448 884 2605 963 VH.

1531 1032 1725 1107 (Epist.
1764 1034 2086 1107 Principum
2120 1032 2165 1092 1.
2210 1032 2301 1092 fol.
2338 1033 2441 1099 Ἀ)

1740 1153 1811 1217 (6.
1852 1155 2001 1219 Junii
2046 1152 2219 1221 1524.)

885 1296 1056 1361 Cum
1091 1296 1568 1359 Reverendus
1618 1306 1689 1358 et
1727 1296 2028 1358 Illustris
2060 1294 2423 1377 PrincepS,
2455 1292 2807 1357 Henricus
2856 1313 2949 1356 ex
2984 1290 3279 1355 Comiti-

703 1406 837 1467 bus
887 1403 1232 1467 Palatinis
1281 1402 1474 1466 Reni
1525 1413 1595 1465 et
1642 1402 1962 1466 Ducibus
2010 1402 2339 1482 Bavarie,
2390 1401 2806 1484 Prepositus
2855 1398 3283 1463 Cloacensis

700 1532 783 1574 ac
832 1513 1044 1575 modo
1093 1510 1222 1597 (uti
1269 1510 1520 1589 fertur)
1567 1510 1640 1573 in
1691 1510 2195 1573 Coadiutorem
2244 1508 2824 1571 Vormaciensem
2880 1508 3279 1589 deputatus

697 1617 921 1681 frater
968 1616 1541 1698 consanguineus
1591 1627 1834 1679 noster
1887 1614 2355 1696 charissimus,
2406 1635 2536 1698 per
2580 1614 2965 1697 capitulum
3014 1613 3277 1676 traiec-

699 1734 898 1787 tense
949 1724 1018 1785 in
1051 1723 1484 1806 Episcopum
1532 1724 1899 1786 Ecclesiae
1950 1724 2267 1786 eiusdem
2316 1724 2584 1786 electus
2630 1721 2864 1801 fuerit,
2913 1720 3275 1801 intelliga-

697 1850 990 1912 musque
1037 1830 1546 1912 Episcopatum
1599 1832 1903 1893 eundem
1953 1830 2090 1893 iam
2139 1831 2413 1911 aliquot
2462 1830 2663 1893 annis
2724 1831 2943 1891 multa
3000 1824 3273 1890 hostili-

697 1946 806 2001 ter
872 1957 1158 2019 passum
1231 1939 1412 2000 adeo
1484 1948 1560 2000 ut
1627 1938 1897 2019 oppida
1966 1939 2271 2019 quedam
2349 1935 2655 1999 hostium
2726 1934 3275 2017 expugnatione

699 2044 1182 2125 desciverint,e
1253 2045 1531 2125 reliqua
1609 2065 1784 2108 vero
1864 2046 1952 2107 ad
2036 2044 2347 2127 ingentis
2427 2042 2821 2107 exactionis
2888 2052 2959 2105 et
3019 2041 3273 2104 tributi

699 2173 1000 2214 annuam
1088 2152 1600 2234 prestationem
1677 2154 2045 2234 compulsa
2128 2152 2310 2229 sint,
2388 2151 2499 2213 cui
2567 2150 2978 2213 adversitati
3044 2148 3274 2211 frater

701 2268 771 2321 et
822 2259 1393 2338 consanguineus
1441 2268 1684 2321 noster
1746 2280 1887 2321 non
1952 2258 2086 2320 nisi
2133 2256 2641 2340 profusissimis
2702 2256 3099 2339 sumptibus
3168 2276 3270 2318 re-

699 2364 950 2427 sistere
997 2364 1298 2446 poterit3
1349 2365 2001 2448 perspiciamusque
2027 2364 2609 2428 Vormaciensem
2639 2364 3032 2428 Ecclesiam
3082 2364 3272 2427 adeo

701 2480 1126 2533 venenatam
1173 2492 1256 2533 ac
1307 2472 1722 2535 Lutherana
1768 2472 2004 2535 heresi
2052 2472 2391 2535 infectam
2454 2482 2531 2534 ut
2594 2492 2733 2535 non
2791 2472 2927 2534 nisi
2988 2468 3271 2552 potenti

701 2598 910 2640 manu
971 2579 1285 2641 curanda
1331 2578 1459 2655 sit,
1525 2582 2068 2661 verendumque
2118 2580 2177 2641 si
2224 2579 2733 2643 coadiutoriam
2784 2580 2996 2642 talem
3042 2578 3275 2641 frater

703 2694 774 2748 et
843 2684 1415 2767 consanguineus
1478 2686 1768 2749 desierit
1832 2706 2181 2769 nemoque
2238 2696 2647 2768 magnatum
2698 2706 2853 2749 eam
2902 2688 3275 2748 tutandam

701 2792 1095 2874 susceperit
1143 2792 1434 2855 exitium
1487 2792 1550 2855 ei
1597 2790 1964 2857 Ecclesiae
2015 2793 2411 2867 imminere;
2498 2794 2597 2856 Ut
2642 2792 2861 2875 igitur
2896 2802 3274 2875 utramque

700 2899 1094 2962 Ecclesiam
1161 2899 1306 2962 suis
1374 2900 1644 2964 viribus
1717 2902 2139 2964 restituendi
2206 2901 2573 2985 sepedicto
2638 2899 2843 2964 fratri
2906 2909 2977 2963 et
3038 2901 3275 2963 amico

702 3017 944 3070 nostro
1011 3007 1290 3070 occasio
1357 3007 1635 3071 facilior
1701 3019 2101 3089 prestetur,
2188 3007 2258 3072 S.
2311 3007 2398 3070 V.
2466 3027 2810 3089 perquam
2872 3008 3139 3070 devote
3206 3017 3279 3070 et

700 3115 1057 3178 humiliter
1102 3135 1476 3195 precamur
1523 3125 1599 3178 ut
1647 3125 1890 3197 preter
1941 3115 2441 3197 erogacionem
2490 3113 2828 3197 aliquam,
2897 3115 3277 3178 electionis

703 3221 1309 3284 confirmationem
1359 3211 1442 3284 ac
1491 3221 1979 3286 coadiutoriae
2028 3242 2186 3284 curn
2234 3215 2490 3284 ceteri's
2554 3221 2704 3284 eius
2750 3219 3117 3284 beneficiis
3166 3243 3279 3284 re·

704 3328 1092 3390 tentionem
1155 3329 1540 3390 clementer
1593 3329 1879 3410 largiri,
1928 3329 2219 3410 eiusque
2270 3349 2345 3391 se
2396 3329 2730 3411 precibus
2778 3327 3277 3392 exhorabilem

704 3444 1028 3516 prestare
1079 3434 1434 3516 dignetur.
1529 3435 1742 3498 Unde
1798 3436 2111 3498 futurum
2176 3455 2545 3519 speramus
2604 3450 2682 3497 ut
2746 3436 3109 3516 singulare
3176 3437 3283 3498 in-

705 3543 974 3608 dustria
1023 3541 1174 3602 eius
1191 3589 1206 3620 ,
1274 3551 1659 3622 nostroque
1709 3547 1898 3604 omni
1948 3563 2117 3624 ope,
2168 3553 2469 3624 utraque
2519 3543 2823 3605 ecclesia
2869 3564 2912 3605 a
2960 3553 3104 3605 tam
3150 3542 3281 3606 rni-

705 3647 988 3710 serabili
1023 3649 1230 3728 lapsu
1259 3647 1801 3712 fortunatiorem
1843 3649 2270 3712 erectionem
2320 3669 2659 3712 sensurae
2706 3649 2865 3729 sint,
2914 3645 3287 3733 facietque

703 3753 772 3818 S.
834 3754 922 3818 V.
986 3753 1056 3816 in
1133 3755 1270 3818 hoc
1332 3775 1482 3818 rem
1545 3755 1646 3818 uti
1713 3755 2035 3818 eiusdem
2110 3755 2431 3818 ecclesiis
2490 3755 2968 3836 utilissimam,
3041 3755 3142 3819 ita
3204 3767 3288 3819 et

703 3861 908 3924 nobis
973 3861 1483 3944 gratissimam,
1556 3883 1764 3944 quarn
1836 3863 2026 3924 omni
2098 3873 2355 3926 conatu
2431 3863 2817 3944 debitaque
2899 3862 3285 3945 diligentia

700 3966 1091 4050 promereri
1161 3968 1639 4048 studebimus,
1713 3970 2035 4052 talesque
2107 3989 2281 4051 erga
2353 3969 2424 4031 S.
2497 3969 2585 4033 V.
2658 3987 2789 4032 nos
2861 3980 3283 4035 ostensuros

702 4095 1107 4158 speramuS,
1173 4084 1250 4134 ut
1315 4074 1524 4137 facile
1582 4074 1652 4136 in
1705 4075 1910 4138 nobis
1960 4077 2576 4138 obedientissimos
2620 4075 2807 4140 filios
2854 4095 2939 4139 ac
2985 4078 3281 4159 penitus

705 4184 1006 4244 devotos
1057 4191 1487 4262 cognoscat,
1552 4181 1748 4244 cuius
1811 4183 2301 4246 sacratissimis
2362 4184 2667 4264 pedibus
2734 4203 2868 4246 nos
2912 4185 3283 4249 humiliter

709 4290 1302 4352 commendamus
1396 4287 1508 4350 Ex
1565 4287 2087 4370 Breidelberga
2136 4290 2255 4354 VI.
2316 4289 2505 4369 Junii
2550 4311 2740 4353 anno
2795 4311 2839 4354 a
2898 4292 3279 4357 nativitate

705 4395 965 4458 Christi
1013 4393 1450 4459 MDXXIV.

1238 4519 1292 4570 S.
1339 4523 1399 4569 V.
1439 4543 1510 4554 -ν-
1549 4520 1878 4568 Deditissimi
1916 4520 2013 4570 filii

921 4614 1250 4677 fridericus
1289 4627 1408 4674 Dux
1447 4625 1718 4684 navariae,
2360 4618 2681 4682 Ludovieu
2718 4629 2841 4678 Dux
2878 4629 3151 4693 Bavariae,

994 4716 1184 4763 Comes
1225 4713 1498 4762 Palatinus
1537 4719 1636 4763 etc.
2518 4731 2570 4781 p,
2609 4731 2820 4768 manum
2858 4733 3011 4784 prop,

1902 4800 2165 4874 Philum
2200 4812 2392 4862 comes
2432 4813 2723 4875 Palatinus,
2762 4816 2885 4864 nux
2920 4817 3189 4868 navariae.

1860 4927 1882 4936 μ·
1900 4927 2020 4938 νεμεαν-α
2034 4927 2195 4939 m

3488 5552 3498 5583 ›—
