3575 5775
1703 559 1820 616 0-‘3
1897 563 2003 618 256
2079 560 2148 614 51>
2167 573 2194 602 ⁶

669 703 789 766 Ad
856 714 1247 767 extremum
1314 705 1485 767 illud
1566 705 2034 768 Sanctitatem
2077 707 2428 769 ·Vestram
2489 716 2816 786 rogatam
2880 705 3092 768 velim
3155 713 3226 768 ut

670 811 727 873 si
777 832 916 893 qua
964 811 1031 873 in
1082 813 1217 874 hoc
1267 832 1593 876 sermone
1664 813 2009 894 reperiat,
2072 835 2210 895 quo
2275 813 2424 876 eius
2488 812 2941 876 offendantur
3001 832 3227 893 aureS,

670 919 743 980 id
810 940 947 981 non
988 919 1349 984 'Roffensi
1418 923 1535 1002 qui
1609 923 1915 1003 Anglice
1987 925 2266 986 locutus
2337 931 2471 1002 est,
2557 922 2683 984 sed
2756 919 2923 983 mihi
2994 920 3229 1002 potius

668 1026 998 1105 ascribat,
1049 1027 1167 1108 qui
1216 1031 1307 1090 ab
1358 1049 1443 1090 eo
1492 1032 1676 1092 bene
1728 1038 1800 1091 et
1847 1029 2063 1092 latine
2115 1030 2335 1109 dicta,
2408 1029 2590 1091 male
2654 1037 2725 1090 et
2788 1029 3100 1090 barbare
3161 1027 3226 1088 in

667 1131 955 1195 latinum
1004 1134 1206 1197 verti.
1305 1135 1394 1196 Et
1441 1139 1681 1199 valeat
1727 1136 2136 1200 felicissime
2187 1136 2449 1199 Vestra
2499 1133 2860 1198 Sanctitas
2877 1183 2893 1214 ,
2960 1134 3076 1196 cui
3123 1153 3229 1196 me

666 1240 1048 1304 humillime
1098 1244 1532 1308 commendo,

845 1346 954 1409 Ex
1005 1348 1437 1412 Richmonte
1485 1349 1713 1432 primo
1762 1351 1952 1429 Junii

1650 1477 1902 1526 Eiusdem
1941 1478 2250 1526 Sanctitatis
2288 1479 2509 1526 Vestrae
2547 1475 2874 1524 humillimus
2912 1473 3166 1523 Servulus

2335 1573 2404 1636 ni
2425 1604 2446 1620 -
2468 1571 2697 1635 Pacius.

1746 1752 1913 1768 “wa-s«
1925 1751 2157 1767 l!*d·⁴‘‹‘‹³cwv

1897 2023 2003 2088 99.

1315 2147 2114 2230 Vicecanoellarius
2169 2148 2606 2229 Aleandm.

1532 2288 1819 2356 (Nuntiat.
1858 2289 2109 2347 German.
2145 2287 2208 2346 1..
2246 2287 2350 2356 64.)

1708 2401 1777 2464 (6.
1821 2401 1970 2466 Junii
2015 2395 2188 2466 1521.)

844 2520 1005 2582 Non
1039 2523 1109 2583 vi
1143 2533 1584 2603 potressemo
1616 2525 1752 2588 mai
1786 2527 1871 2588 ne
1920 2525 1989 2587 in
2040 2525 2291 2607 parola
2339 2524 2427 2586 ne
2477 2523 2545 2586 in
2597 2533 2794 2589 carta
2827 2521 3238 2602 exprimere

667 2624 710 2687 l'
739 2627 1136 2709 allegrezza
1186 2639 1253 2691 et
1303 2641 1639 2694 contento
1687 2633 1780 2694 ha
1827 2642 2164 2695 recevuto
2212 2633 2282 2693 la
2333 2629 2435 2694 Sffl
2485 2631 2573 2692 de
2633 2630 2718 2692 N.
2771 2627 2842 2691 S.
2894 2631 3087 2692 della
3137 2628 3236 2692 di·

665 2731 834 2795 vina
882 2743 952 2795 et
999 2734 1093 2796 da
1139 2750 1421 2819 sempre
1455 2758 1894 2801 comemorar
1927 2759 2148 2821 opera
2196 2737 2268 2800 di
2298 2738 2558 2802 Cesare
2590 2737 2709 2800 Re
2741 2745 2812 2800 et
2844 2737 3240 2817 imperator

667 2839 1243 2907 christianissimo
1295 2845 1481 2909 assai
1528 2845 1648 2929 pisi
1696 2845 1765 2908 in
1820 2845 2012 2909 effeti
2062 2847 2193 2909 che
2242 2847 2358 2909 nel
2405 2846 2643 2926 titolo,
2705 2853 2774 2907 et
2823 2841 2922 2907 Su
2971 2841 3078 2905 St*
3115 2843 3238 2907 ad-

668 2948 843 3012 mira
892 2960 963 3013 et
1012 2955 1277 3015 extolle
1329 2965 1397 3016 et
1446 2956 1517 3015 la
1562 2955 1728 3017 fede
1777 2964 1848 3016 et
1897 2954 2298 3017 constantia
2360 2963 2431 3016 et
2477 2952 2858 3036 prudentia
2907 2951 2974 3013 di
3027 2960 3236 3013 tanto

666 3056 1095 3139 imperatore
1154 3062 1285 3123 che
1352 3062 1574 3124 habbi
1645 3061 1702 3124 si
1772 3064 1958 3123 bene
2032 3072 2101 3124 et
2171 3065 2226 3124 sl
2298 3070 2814 3124 maturamente
2886 3059 3238 3121 condotto

666 3164 711 3226 1'
745 3186 964 3247 opera
1016 3179 1085 3228 et
1136 3168 1547 3248 expedition
1608 3178 1858 3229 contro
1918 3171 2082 3248 qual
2130 3169 2519 3231 maladetto
2583 3187 2718 3229 con
2781 3164 3097 3248 perfetto
3163 3173 3240 3227 et

666 3272 1071 3335 desiderato
1120 3274 1281 3340 fine.
1356 3274 1454 3337 Su
1483 3274 1585 3337 St*
1621 3276 1712 3337 ha
1763 3276 1934 3337 lette
1983 3274 2101 3355 pii]
2154 3275 2350 3337 volte
2398 3282 2647 3355 quei—‚te
2695 3272 2938 3335 ultime
2985 3282 3238 3334 vostre

665 3380 897 3442 littere
948 3401 1161 3461 sopra
1208 3382 1256 3443 il
1307 3381 1595 3462 signare
1645 3392 1715 3444 et
1778 3381 2122 3463 expedire
2183 3380 2206 3442 i
2269 3380 2622 3459 mandati,
2692 3389 2762 3441 et
2823 3379 2898 3441 in
2958 3398 3239 3441 somma

663 3486 1101 3568 impossibile
1149 3488 1336 3550 saria
1384 3490 1475 3551 ad
1526 3489 1928 3571 exprimere
1978 3490 2046 3550 la
2094 3488 2278 3551 festa
2326 3498 2398 3550 et
2443 3488 2664 3551 iubilo
2717 3485 2788 3548 di
2821 3483 2942 3549 Su.
2991 3486 3236 3549 Beati-

666 3594 909 3656 tudine
959 3604 1029 3657 et
1076 3597 1168 3657 ha
1214 3595 1393 3659 fatto
1445 3597 1739 3677 leggere
1774 3596 1892 3677 gia
1933 3595 2002 3657 in
2054 3596 2422 3677 signatura
2470 3594 2808 3677 pubblica
2858 3594 3053 3656 dette
3105 3594 3236 3657 let·

665 3712 817 3765 tere
850 3713 919 3763 et
950 3703 1453 3783 leggerannosi
1485 3705 1710 3765 anche
1740 3702 1809 3764 in
1848 3704 2291 3765 consistorio.
2388 3702 2532 3765 Sua
2565 3699 2842 3764 Santith
2889 3699 3238 3763 referisse

666 3830 800 3873 con
850 3817 1031 3871 tutto
1083 3810 1125 3871 'l
1175 3830 1340 3873 core
1392 3820 1462 3873 et
1510 3792 1643 3873 con
1694 3819 1876 3873 tutto
1927 3812 1968 3871 l’
2003 3810 2237 3873 animo
2307 3820 2377 3873 et
2439 3810 2599 3873 tutti
2663 3810 2685 3872 i
2745 3810 2933 3873 sensi
2995 3813 3240 3891 gratie

666 3925 929 3998 quanto
971 3918 1113 3997 puo
1163 3918 1513 3998 maggiori
1564 3940 1606 3980 a
1655 3917 1753 3980 Sa
1803 3916 1933 3979 Mt&
1982 3930 2052 3979 et
2098 3936 2326 3999 prega
2381 3918 2586 3979 Iddio
2649 3920 2719 3981 la
2777 3919 3110 3981 conservi
3161 3920 3238 3982 in

668 4036 918 4106 questo
970 4022 1194 4087 Santo
1245 4024 1613 4106 proposito
1666 4026 1735 4088 di
1785 4024 2175 4087 defendere
2223 4027 2291 4087 la
2341 4023 2600 4088 Chiesa
2667 4035 2738 4088 et
2787 4035 2989 4087 santa
3037 4022 3240 4090 Sede

668 4132 1090 4214 Apostolica
1139 4143 1209 4193 et
1258 4132 1306 4193 li
1354 4132 1521 4195 doni
1571 4133 1717 4195 vita
1764 4134 1985 4214 longa
2035 4142 2106 4194 et
2152 4130 2480 4213 prosperi
2529 4132 2690 4193 tutti
2739 4132 2760 4194 i
2808 4132 2961 4195 suoi
3011 4133 3241 4214 giusti

670 4239 838 4302 voti.
932 4238 1072 4301 Voi
1122 4238 1190 4300 in
1243 4260 1447 4301 nome
1497 4238 1567 4301 di
1618 4238 1767 4302 Sua
1801 4236 1904 4301 St*
1943 4248 2207 4320 quanto
2256 4238 2372 4320 pisi
2425 4246 2705 4319 potrete
2753 4258 2884 4301 con
2935 4238 3242 4302 affetion

670 4344 1167 4428 ringratierete
1215 4344 1287 4409 S.
1330 4346 1427 4409 M.
1477 4344 2034 4428 persuadendoli
2067 4346 2198 4407 che
2229 4354 2427 4418 tanto
2467 4345 2808 4408 benefitio
2856 4356 2928 4408 et
2975 4346 3240 4411 merito

672 4453 743 4515 di
790 4453 1026 4534 quella
1076 4473 1215 4515 non
1266 4452 1603 4515 cascherii
1662 4453 1802 4515 mai
1850 4453 2042 4515 dalla
2103 4451 2443 4514 memoria
2498 4452 2569 4513 di
2634 4450 2734 4515 Su
2782 4452 2938 4515 Bne
3002 4454 3089 4515 ne
3139 4456 3241 4518 de

671 4562 739 4623 la
776 4558 965 4622 Sede
1001 4560 1439 4640 Apostolica,
1491 4559 1645 4621 anzi
1693 4579 1973 4641 sempre
2023 4568 2095 4623 et
2140 4560 2181 4621 1'
2217 4579 2359 4620 una
2394 4568 2465 4622 et
2501 4559 2544 4620 1’
2579 4562 2762 4622 altro
2811 4560 2870 4622 si
2917 4560 3240 4625 sforzerh

671 4668 741 4730 di
792 4666 1039 4730 esserli
1080 4667 1199 4749 pisi
1251 4677 1497 4747 grato;
1548 4675 1620 4728 et
1669 4669 2056 4729 benedetto
2107 4676 2176 4728 et
2225 4668 2466 4729 lodato
2510 4666 2614 4729 sia
2647 4688 2928 4750 sempre
2975 4677 3238 4749 questo

672 4798 714 4838 a
761 4774 879 4837 noi
942 4775 1034 4836 da
1104 4772 1243 4836 Dio
1306 4775 1474 4836 dato
1534 4774 1977 4855 Imperatore
2041 4785 2111 4835 et
2174 4773 2525 4836 advocato
2600 4774 2688 4836 de
2757 4774 2828 4836 la
2893 4774 3240 4839 Romana

672 4880 948 4949 Chiesa.
1044 4879 1191 4946 Sua
1225 4880 1501 4945 Santite
1536 4902 1675 4944 non
1711 4880 1980 4945 resterii
2029 4880 2100 4944 di
2148 4879 2302 4946 fare
2333 4890 2513 4945 tutte
2544 4883 2611 4945 le
2643 4882 3240 4949 demonstrationi
