3575 5775
1518 597 2014 654 ’><ἱ3ι1ι81ξῖ>-43

478 744 862 808 clementia
911 765 1052 807 non
1101 752 1371 807 tantum
1423 754 1757 826 quantum
1811 745 2060 807 debuit
2106 746 2454 826 prodesse
2521 746 2591 808 in
2645 753 2845 807 tanta
2893 767 3044 828 per-

479 850 891 914 turbatione
939 860 1337 934 temporum
1368 850 1657 932 profuit,
1708 851 2070 933 suscipere
2113 860 2354 934 partes
2387 862 2459 915 et
2490 852 2760 916 animos
2807 851 3052 915 invicti

480 958 814 1021 Caesaris
864 957 1044 1020 velis
1092 979 1175 1020 ac
1226 957 1607 1022 severitate
1657 968 1729 1021 et
1773 958 2073 1040 imperio
2123 958 2444 1040 efficere,
2493 970 2570 1023 ut
2617 961 2792 1024 haec
2841 960 3050 1043 pesti-

478 1065 641 1128 fera
688 1085 981 1147 serpens
1030 1085 1214 1146 quae
1265 1065 1501 1129 omnia
1548 1069 1716 1128 tabe
1767 1076 1840 1130 et
1883 1086 2163 1130 veneno
2197 1067 2578 1149 permiscet
2627 1078 2840 1151 atque
2890 1088 3048 1132 con-

478 1176 724 1236 turbat
785 1172 967 1235 iusta
1030 1173 1648 1236 animadversione
1716 1173 1892 1237 elisa
1953 1184 2168 1256 atque
2218 1174 2604 1256 confracta,
2667 1176 3050 1257 aliquando

482 1301 645 1343 cum
716 1279 1170 1344 Germaniam
1233 1281 1459 1363 ipsam
1534 1283 1779 1345 sedem
1851 1282 1941 1344 ad
2008 1282 2537 1345 fundamentum
2607 1283 2880 1364 imperii
2949 1282 3052 1345 tui

480 1397 632 1450 turn
694 1387 1098 1450 universam
1165 1387 1751 1452 christianitatem
1818 1389 2116 1452 liberam
2178 1398 2646 1471 pacatamque
2711 1388 3049 1452 dimittat:

482 1495 839 1575 Quoniam
887 1493 946 1557 si
992 1495 1101 1557 his
1152 1505 1553 1578 opportune
1604 1515 1743 1559 non
1789 1504 2200 1559 occurratur
2247 1497 2448 1560 malis
2495 1496 2811 1579 graviter
2859 1497 3050 1560 time-

486 1623 665 1680 mUS,
716 1623 805 1665 ne
855 1612 1110 1665 cuncta
1158 1603 1226 1664 in
1280 1623 1489 1665 unam
1553 1605 2060 1684 pertrahantur
2124 1603 2434 1685 ruinam,
2503 1605 2680 1666 sicut
2739 1606 2832 1666 ab
2893 1603 3050 1686 ipso

490 1709 919 1772 Baldassare
968 1709 1226 1772 nuncio
1277 1719 1519 1772 nostro
1570 1709 1936 1773 Serenitas
1984 1721 2105 1773 tua
2162 1710 2464 1793 amplius
2529 1711 2880 1793 intelliget
2941 1709 3051 1773 cui

480 1816 699 1878 fidem
749 1827 821 1878 et
869 1817 1330 1879 attentionem
1379 1817 1593 1879 animi
1640 1820 1948 1897 prebere
1997 1837 2140 1880 non
2187 1817 2622 1899 gravabitur.

673 1925 931 1986 Datum
995 1925 1277 1988 Romae
1341 1935 1473 1988 etc.
1537 1925 1651 1987 die
1719 1925 2022 2006 septima
2087 1924 2275 2005 Junii
2340 1923 2742 1989 MDXXV.
2840 1925 3051 1987 Anno

481 2031 845 2097 Secunde.
1520 2049 1524 2054 ·

1573 2247 1983 2258 *mma-snex.-

1713 2497 1844 2561 223

1358 2612 1781 2715 Campegius
1839 2543 2182 2694 §adolete

1302 2760 1584 2830 (Nuntiat.
1623 2759 1877 2820 German.
1914 2759 2064 2819 tam.
2099 2759 2232 2824 103.)

1508 2877 1615 2949 (18.
1655 2881 1822 2946 Junii.
1869 2880 2044 2948 1525-)

678 3052 693 3067 .
732 3053 746 3067 .
781 3056 794 3068 .
848 3003 1053 3067 Circa
1138 3003 1187 3067 li
1262 3006 1543 3067 tumulti
1620 3004 1691 3067 di
1754 3004 2138 3069 Germania
2205 3013 2275 3067 et
2337 3004 2642 3067 maxime
2706 3013 2957 3066 contra
3015 3001 3066 3065 il

502 3110 837 3194 Principe
888 3112 969 3173 N.
1023 3110 1095 3174 S.
1151 3121 1220 3174 et
1268 3112 1356 3175 V.
1409 3110 1480 3175 S.
1531 3114 1894 3175 haverano
1958 3113 2079 3194 poi
2141 3112 2373 3177 inteso
2431 3112 2480 3174 il
2537 3110 2815 3193 seguito
2882 3120 3065 3173 tutto

501 3229 575 3283 et
622 3222 693 3281 la
740 3239 909 3281 cosa
969 3239 1143 3301 pare
1207 3220 1341 3281 che
1410 3221 1649 3301 penda
1712 3220 1780 3281 in
1857 3221 1926 3281 la
1996 3219 2188 3281 dieta
2263 3220 2392 3281 che
2461 3220 2640 3281 hora
2708 3217 2926 3281 fanno
2997 3217 3067 3279 in

502 3326 854 3409 Inspruck
905 3334 975 3387 et
1022 3325 1091 3387 io
1143 3325 1393 3389 dubito
1442 3329 1573 3389 che
1607 3328 1649 3388 ’l
1699 3328 1838 3388 mal
1887 3326 2232 3407 consiglio
2284 3348 2425 3389 non
2475 3325 2676 3407 operi
2709 3334 2780 3387 et
2811 3325 3071 3387 induca

504 3432 577 3497 S.
628 3430 819 3495 Ser‘*
865 3452 907 3495 a
955 3434 1257 3514 qualche
1308 3453 1475 3495 cosa
1524 3454 1681 3496 men
1734 3434 1974 3515 degna
2022 3433 2092 3494 di
2143 3454 2258 3512 se,
2319 3442 2390 3495 et
2455 3432 2526 3495 in
2584 3441 2768 3495 tutto
2819 3451 3073 3495 aversa

505 3552 577 3603 et
625 3539 983 3603 contraria
1032 3540 1173 3602 allo
1223 3540 1456 3602 animo
1505 3561 1632 3602 suo
1697 3543 1969 3621 buono,
2030 3560 2231 3603 corne
2303 3540 2361 3602 si
2425 3540 2610 3603 vede
2680 3540 2751 3602 in
2822 3548 3074 3621 questo

506 3647 894 3729 principi0‚
960 3657 1029 3709 et
1090 3648 1365 3709 bench&
1422 3647 1518 3709 lui
1579 3647 1782 3728 pensi
1834 3646 1903 3709 di
1953 3647 2304 3729 ingannar
2351 3647 2567 3728 quelli
2613 3645 2894 3727 villani,
2945 3666 3078 3727 pur

512 3754 646 3817 Dio
696 3774 776 3816 sa
821 3774 898 3816 se
947 3753 1003 3815 si
1052 3754 1259 3834 potra
1306 3753 1461 3817 fare
1508 3754 1630 3836 poi
1680 3774 1721 3816 a
1769 3764 2008 3835 tempo
2059 3763 2131 3817 et
2180 3776 2378 3817 corne
2413 3756 2471 3817 si
2516 3774 2763 3836 pensa,
2813 3754 3073 3835 perche

510 3864 581 3925 la
608 3872 862 3924 natura
887 3870 958 3923 et
991 3859 1398 3923 movimenti
1432 3862 1547 3923 dei
1577 3861 1826 3943 populi
1858 3883 1997 3924 non
2035 3862 2092 3924 si
2132 3861 2274 3944 (sic)
2312 3861 2719 3924 facilmente
2749 3862 3076 3940 regolare

509 3988 713 4032 come
762 3967 1247 4031 ottimamente
1296 3968 1332 4031 ὲ
1397 3968 1847 4032 considerato
1912 3971 2001 4030 da
2057 3970 2139 4031 N.
2203 3967 2274 4032 S.
2345 3968 2413 4031 in
2478 3970 2546 4031 la
2609 3966 3074 4029 instructione

507 4076 843 4139 mandata
901 4075 973 4138 in
1032 4074 1411 4156 Hispagna
1475 4085 1546 4138 et
1612 4096 1811 4138 come
1873 4075 1992 4157 piu
2057 4078 2249 4139 volte
2312 4078 2404 4139 ho
2488 4074 2768 4154 scritt0,
2837 4074 3074 4155 quella

508 4184 625 4245 via
672 4182 765 4245 mi
815 4202 991 4263 pare
1041 4182 1246 4244 unica
1295 4186 1362 4245 al
1410 4184 1815 4263 provedere
1863 4203 1906 4245 a
1955 4191 2204 4263 queste
2251 4181 2708 4261 fluctuationi,
2760 4190 2831 4244 et
2879 4200 2956 4243 se
3004 4182 3075 4242 la

507 4289 820 4352 Cesarea
866 4290 1145 4351 Maesta
1192 4289 1438 4369 vorra,
1489 4310 1687 4353 come
1737 4290 1992 4370 credo,
2048 4299 2232 4353 tutto
2295 4298 2546 4371 questo
2595 4288 2807 4352 fuoco
2857 4306 3075 4349 ancor

508 4400 641 4460 che
690 4396 796 4459 sia
843 4398 1116 4478 grande
1165 4397 1459 4478 passera
1508 4408 1578 4460 et
1626 4397 2151 4478 extinguerassi
2199 4408 2462 4479 prest0,
2514 4405 2584 4459 et
2631 4416 2720 4458 ne
2766 4397 3071 4458 havemo

508 4504 841 4585 exempio
889 4524 1021 4585 per
1068 4504 1304 4585 quello
1355 4505 1487 4565 che
1532 4505 1626 4565 ha
1674 4502 1856 4565 fatto
1889 4505 1935 4566 il
1969 4504 2173 4566 Duca
2222 4503 2292 4566 di
2326 4504 2608 4566 Loreno
2645 4512 2716 4565 et
2763 4502 2811 4564 il
2862 4510 3071 4566 conte

510 4611 859 4693 Palatino,
891 4612 979 4674 de
1009 4610 1057 4673 li
1094 4610 1305 4674 duchi
1338 4611 1427 4673 de
1461 4610 1772 4673 Baviera
1807 4618 1878 4673 et
1918 4611 1991 4673 di
2024 4609 2359 4691 Saxonia‚
2394 4612 2510 4674 del
2541 4611 2744 4673 Duca
2771 4608 3071 4691 Giorgio

510 4731 584 4783 et
630 4720 721 4781 de
768 4720 839 4781 la
886 4718 1033 4799 liga
1082 4718 1373 4781 suevica
1420 4728 1490 4780 et
1539 4719 1655 4780 del
1704 4718 2066 4781 cardinale
2115 4716 2671 4800 Saltzpurgense
2740 4718 2873 4779 che
2938 4735 3072 4797 pur

509 4826 571 4891 si
618 4824 934 4889 diffende
982 4834 1053 4887 et
1101 4825 1512 4888 aiutandolo
1563 4825 1739 4887 com'
1787 4824 1856 4887 io
1906 4825 2198 4889 intendo
2257 4826 2306 4888 li
2355 4825 2587 4889 Duchi
2636 4824 2708 4887 di
2741 4822 3070 4903 Baviera,

509 4936 547 4999 ὲ
599 4936 691 4996 da
738 4933 1031 4996 credere
1079 4933 1211 4995 che
1260 4934 1326 4995 le
1375 4952 1542 4995 cose
1590 4952 1713 4995 soe
1762 4952 1840 4995 se
1906 4942 2434 5014 acqueteranno
2497 4952 2696 4995 come
2761 4930 2832 4992 di
2887 4935 3069 4991 tutto

564 5078 727 5129 Balsa,
749 5078 1038 5117 Documenta
1056 5077 1331 5117 Lathon-ana..
2716 5055 2782 5107 31
