3575 5775
1694 525 2191 593 6-432268'54

655 675 1006 764 possimus
1057 673 1415 744 devotioni
1465 685 1628 746 tuae
1677 681 2033 748 affirmare
2083 685 2259 748 nihil
2308 701 2438 748 nos
2486 699 2617 747 nec
2669 677 3041 747 iucundius
3088 679 3215 747 hoc

656 799 1002 871 tempore,
1053 809 1185 852 nec
1233 800 1309 852 ut
1359 789 1570 852 etiarn
1620 791 2049 855 arbitramur
2096 793 2185 854 ad
2250 813 2619 855 comunem
2683 793 2988 856 omnium
3054 792 3216 854 fide·

658 895 824 957 lium
893 898 1192 958 salutem
1258 897 1786 959 accomodatius
1852 899 2181 979 accipere
2249 899 2587 982 potuisse.
2685 900 2761 962 Si
2826 900 3010 962 enim
3062 899 3217 961 huic

657 1004 966 1066 Sanctae
1016 1001 1185 1065 Sedi
1237 1004 1722 1085 Apostolicae‚
1773 1005 1886 1068 cui
1934 1006 2177 1069 divina
2222 1007 2685 1068 Providentia
2734 1008 3219 1088 praesidemus

658 1111 893 1172 omnia
952 1113 1303 1172 debentur
1353 1133 1396 1172 a
1463 1111 1695 1192 nobiS,
1765 1111 2239 1192 gratissimam
2304 1116 2693 1176 habeamus
2756 1134 3049 1176 necesse
3116 1123 3222 1175 est

657 1217 806 1279 eius
856 1238 985 1298 per
1032 1227 1101 1280 te
1151 1229 1553 1299 susceptam
1605 1221 2294 1301 propugnationem;
2360 1221 2418 1283 si
2470 1242 2641 1284 vero
2691 1241 2823 1302 pro
2872 1221 3222 1283 catholica

655 1324 958 1387 veritate
1022 1325 1290 1386 tuenda
1340 1335 1410 1386 et
1456 1345 1587 1407 pro
1637 1344 1864 1406 grege
1916 1334 2159 1389 nostro
2210 1349 2251 1390 a
2298 1329 2575 1410 laqueis
2633 1327 2989 1390 Sathanae
3054 1327 3219 1389 libe-

653 1434 879 1494 rando
950 1441 1020 1493 et
1070 1432 1305 1494 omnia
1367 1432 1690 1514 perferre
1754 1433 2079 1514 quamvis
2140 1455 2396 1515 aspera
2467 1447 2538 1498 et
2604 1435 2855 1515 gravia
2917 1447 2987 1497 et
3044 1433 3218 1496 mori

654 1539 865 1601 etiam
914 1559 1316 1620 possumuS‚
1367 1559 1506 1619 quo
1556 1539 1984 1621 accipiemus
2032 1541 2297 1622 gaudio
2331 1545 2545 1604 talem
2594 1563 2725 1623 per
2772 1551 2841 1603 te
2890 1541 3221 1623 publicae

654 1645 863 1708 saluti
913 1654 1242 1708 navatam
1293 1667 1606 1726 operam,
1657 1668 1746 1708 ex
1798 1667 1937 1728 qua
1986 1648 2220 1710 aditus
2267 1649 2501 1711 factus
2549 1649 2668 1727 sit,
2733 1651 2821 1711 ad
2870 1651 3053 1710 hanc
3103 1649 3219 1710 im-

655 1773 934 1816 manem
985 1762 1260 1834 pestem
1309 1774 1402 1816 ex
1451 1755 1788 1816 cordibus
1838 1764 1910 1816 et
1959 1755 2311 1818 mentibus
2360 1755 2727 1817 christiani
2790 1755 3037 1837 populi
3106 1775 3220 1818 ex-

655 1861 1081 1924 cidendam?
1176 1860 1380 1942 Quod
1435 1881 1591 1923 cum
1641 1861 1740 1922 ita
1788 1861 1901 1942 sit,
1950 1881 2208 1942 resque
2243 1863 2400 1924 Deo
2436 1867 2728 1944 auspice
2774 1865 2961 1924 bene
3010 1870 3223 1942 cepta

651 1989 784 2050 per
853 1980 1046 2030 tuam
1113 1968 1445 2031 virtutem
1518 1977 1588 2029 et
1655 1967 2047 2030 charissimi
2114 1970 2183 2030 in
2255 1968 2536 2032 Christo
2584 1967 2709 2031 filii
2778 1968 3000 2030 nostri
3050 1967 3221 2029 Cae-

653 2075 830 2138 saris
919 2074 1132 2137 animi
1219 2073 1756 2153 excellentiam,
1844 2087 2430 2156 caeterorumque
2507 2096 2881 2157 procerum
2953 2085 3225 2137 rectam

655 2184 1094 2243 voluntatem
1145 2184 1238 2243 ad
1287 2190 1480 2244 tuum
1529 2193 1891 2262 speratum
1940 2180 2153 2244 finem
2202 2183 2474 2244 directa
2522 2183 2633 2262 sit,
2682 2193 2752 2244 te
2804 2203 2943 2244 non
2994 2183 3223 2244 solum

653 2290 1116 2351 vehementer
1188 2289 1761 2351 commendamus
1840 2289 1909 2350 in
1990 2289 2317 2369 domino,
2391 2291 2517 2351 sed
2590 2290 2881 2371 insuper
2949 2290 3225 2370 gratias

654 2395 966 2475 agimuS‚
1036 2415 1439 2476 quanquam
1497 2404 1567 2456 te
1631 2395 1952 2457 volumus
2018 2396 2086 2456 in
2158 2405 2308 2457 toto
2359 2398 2493 2459 hoc
2543 2397 2847 2474 negocio
2899 2416 3035 2457 non
3091 2416 3225 2457 nos

654 2501 852 2582 ipsos
898 2501 1296 2583 gratiamve
1331 2511 1664 2580 nostram,
1716 2504 1841 2562 sed
1876 2502 2105 2564 Deum
2149 2513 2219 2564 et
2246 2504 2382 2566 Dei
2430 2503 2640 2566 fidem
2677 2516 2749 2564 et
2780 2503 3225 2584 reipublicae

652 2611 950 2670 salutem
999 2608 1279 2673 intueri.
1375 2608 1641 2670 Verum
1690 2609 1868 2670 haec
1919 2630 2201 2690 quoque
2251 2630 2630 2672 accessura
2676 2619 2839 2672 sunt
2888 2629 3069 2692 quae
3124 2610 3225 2670 ita

653 2715 860 2778 nobis
907 2717 976 2778 in
1029 2715 1262 2778 animo
1313 2727 1476 2778 sunt
1525 2714 1746 2777 infixa
1796 2727 1871 2778 ut
1920 2719 2144 2780 donec
2196 2727 2384 2779 tuam
2455 2716 2820 2798 egregiam
2888 2716 3223 2778 virtutem

651 2803 887 2906 aliquo
939 2833 1225 2885 nostrae
1275 2823 1722 2885 liberalitatis
1762 2823 2026 2907 insigni
2077 2825 2481 2888 testimonio
2532 2845 2671 2887 non
2706 2824 3223 2903 ornaverimUS,

654 2953 791 2994 non
867 2931 1036 2995 satis
1085 2932 1455 2994 videamur
1503 2951 1659 2993 esse
1726 2932 2071 3013 quieturi,
2145 2933 2323 2995 sicut
2394 2932 2603 2994 latius
2676 2941 2910 2994 tecum
2975 2930 3223 2993 nuncii

648 3039 870 3102 nostri
905 3048 1150 3102 nostro
1185 3040 1466 3102 nomine
1498 3041 1896 3120 loquentur,
1947 3042 2203 3121 quibus
2250 3040 2462 3102 fidem
2496 3039 2817 3101 habebis,
2915 3040 3078 3100 Dat.
3151 3038 3223 3099 in

649 3147 818 3210 villa
869 3157 1113 3209 nostra
1159 3147 1521 3219 Malliana,
1571 3146 1686 3207 die
1736 3146 1966 3228 prima
2014 3148 2187 3209 Maii
2246 3168 2435 3225 1521.

1876 3594 1981 3659 86.

1288 3709 1420 3790 Leo
1478 3710 1564 3792 X„
1621 3710 2069 3791 Electoribus
2128 3708 2567 3791 Germaniae.

1556 3859 1755 3929 (Nunt.
1796 3858 2046 3917 German.
2082 3858 2145 3915 L.
2183 3858 2290 3928 ΒΟ.)

1479 3976 1632 4043 (Cum
1674 3979 1863 4027 litteris
1910 3992 1987 4042 14.
2029 3979 2157 4027 Maii
2204 3976 2376 4047 1521.)

825 4102 974 4164 Etsi
1038 4102 1290 4165 litteris
1353 4122 1635 4183 quoque
1697 4102 2111 4164 nunciorum
2177 4112 2579 4165 nostrorum
2646 4104 3217 4185 testimoniisque

646 4212 1056 4289 multorum,
1121 4220 1265 4271 tum
1331 4209 1488 4290 ipsa
1549 4208 1892 4288 imprimis
1958 4208 2149 4270 fama
2212 4209 2628 4292 divulgante
2693 4232 2877 4292 quae
2943 4215 3213 4275 nullum

643 4318 900 4380 clarius
949 4316 1211 4378 factum
1264 4317 1487 4378 latere
1559 4314 1766 4392 sinit,
1838 4316 1927 4376 ad
1980 4336 2108 4376 nos
2171 4319 2523 4398 perlatum
2590 4330 2697 4379 est
2748 4318 3213 4382 Nobilitatem

646 4434 838 4486 tuam
885 4424 953 4485 in
1005 4426 1138 4485 hac
1190 4443 1404 4484 causa
1452 4422 1522 4484 in
1572 4442 1712 4502 qua
1746 4423 2140 4485 catholicae
2189 4422 2356 4486 fidei
2391 4428 2580 4487 salus
2630 4434 2701 4487 et
2749 4426 3011 4489 veritas
3046 4448 3211 4489 con-

645 4531 980 4610 sistebat,
1049 4540 1322 4592 tantam
1386 4528 1780 4611 prestitisse
1830 4528 2161 4592 virtutem
2225 4552 2309 4593 ac
2366 4532 2783 4598 damnandis
2846 4534 3215 4595 erroribus

643 4636 935 4699 Martini
983 4635 1274 4698 Lutheri
1322 4636 1624 4717 ipsoque
1672 4655 1805 4716 pro
1853 4635 2250 4716 haeretico,
2316 4648 2393 4701 ut
2441 4638 2726 4719 quidem
2794 4650 2940 4715 est,
3000 4660 3213 4722 repu-

645 4744 864 4807 tando
929 4752 1198 4806 tantam
1263 4742 1670 4805 adhibuisse
1737 4752 1807 4805 et
1866 4743 2285 4825 religionem
2347 4745 2552 4809 simul
2616 4755 2687 4807 et
2734 4747 3212 4828 prudentiam,

645 4862 721 4919 ut
789 4863 982 4913 certe
1048 4850 1203 4912 Deo
1275 4850 1546 4931 gratias
1609 4849 1957 4913 maximas
2027 4872 2246 4932 agere
2316 4853 2703 4915 debeamus
2762 4854 2953 4934 quod
3024 4858 3213 4918 tales
