3575 5775
1352 598 1846 660 0-43569254

322 754 417 809 et.
438 746 739 825 comites
780 748 851 811 vi
899 747 1211 813 aufferre
1232 757 1329 821 ,et
1372 766 1728 831 occupare
1772 746 2068 815 indubie
2113 749 2526 828 tentabunt,
2577 746 2720 818 nisi,
2757 746 2882 809 vm

320 852 461 915 Bm·
504 853 588 916 P.
635 854 1007 936 oportunis
1050 854 1384 921 remediis
1446 855 1583 919 hiis
1650 855 1856 921 malis
1919 876 2132 938 quam
2192 854 2496 919 celerius
2551 861 2885 916 occur-rat

322 969 391 1023 et
448 959 866 1043 diligentius
936 964 1131 1045 apud
1209 962 1365 1029 Ces.
1422 962 1651 1045 ipsam
1706 964 1882 1027 Μωῃίι
1943 961 2292 1027 catholice
2347 970 2425 1025 ‘et
2486 960 2884 1044 apostolice

318 1066 641 1134 Ecclesie
674 1070 1103 1136 advocatum
1150 1081 1341 1151 agat,
1392 1081 1467 1133 ut
1515 1090 1643 1138 sua
1692 1070 1896 1135 Caes,
1945 1070 2076 1135 Μ’·
2137 1079 2376 1132 vestre
2409 1067 2888 1133 Beatitudinis

319 1173 593 1241 auxilio
640 1184 711 1239 et
748 1176 1057 1242 consilio
1116 1176 1343 1243 fretus
1386 1179 1569 1243 hanc
1616 1177 2096 1244 hereticorum
2139 1174 2618 1258 pertinaciam:
2657 1191 2884 1239 manu

318 1280 483 1347 forti
550 1283 1002 1363 comprimat,
1062 1285 1407 1349 honorem
1468 1284 1605 1349 Dei
1654 1294 1724 1351 et
1772 1284 1932 1349 Ca⁰⁰
1978 1282 2152 1347 fidei
2213 1287 2472 1346 statum
2519 1281 2883 1362 defendat,

317 1387 821 1471 publicamque
868 1410 1159 1471 pacem,
1202 1390 1787 1473 tranquillitatem
1848 1401 2158 1463 tueatur3
2229 1410 2394 1453 nam
2459 1391 2728 1471 absque
2787 1406 2884 1451 eo

318 1514 563 1576 neque
584 1494 992 1563 innocentia
1038 1497 1197 1580 ipsa
1242 1497 1313 1560 in
1346 1500 1698 1580 reprobos
1746 1508 1901 1563 tuta
1947 1497 2104 1563 erit.·
2173 1496 2412 1579 Quane
2445 1496 2886 1559 V⁸¹¹1¹B⁰¹¹··.·ut

316 1621 665 1668 summum
746 1612 822 1667 et
893 1624 1067 1669 vere
1145 1603 1567 1671 Pontificem
1647 1606 2049 1671 orthodoxe
2127 1603 2321 1668 fidei·
2357 1605 2754 1667 curatorem
2815 1612 2888 1665 et

317 1704 394 1771 8²
467 1708 673 1775 Petri·
744 1730 1226 1778 successorem
1302 1730 1439 1792 pro
1528 1711 1680 1777 eius
1771 1713 1842 1777 in
1891 1711 2392 1778 ⁴christianam
2458 1710 2888 1794 relig-ionem·

322 1834 565 1882 amore
616 1824 692 1881 et
746 1815 1016 1897 pietate
1074 1827 1146 1881 et
1204 1817 1593 1883 animarum
1641 1818 1950 1885 omnium
1997 1820 2290 1892 salute-s
2333 1816 2696 1881 humilime
2733 1831 2890 1879 cro

321 1941 409 1985 ne
456 1920 725 1986 diutius
770 1921 905 1985 hiis
966 1923 1587 1990 turbulentissimis
1646 1928 1864 1989 reb-us
1903 1943 2206 1989 naamam
2265 1934 2666 2007 apponere,
2721 1922 2886 1986 illis-

322 2048 459 2111 que
506 2038 813 2113 paterne
858 2028 1129 2096 mederi
1174 2029 1480 2113 differat,-
1528 2052 1691 2097 cum
1735 2049 1868 2097 nec
1929 2032 2069 2097 alio
2129 2042 2262 2097 aut·
2313 2032 2436 2095 via
2485 2042 2610 2095 aut
2677 2031 2886 2093 modo

322 2146 483 2217 post
552 2136 825 2217 Deum,
886 2156 1099 2218 quam
1171 2157 1303 2219 per
1372 2136 1653 2203 Cesaris
1714 2138 2210 2203 auctoritatem
2245 2138 2670 2221 fieri-posse
2714 2137 2886 2201 mihi

320 2242 535 2324 plane
565 2244 997 2325 persuadeo;
1048 2264 1209 2310 nam
1255 2245 1658 2326 pertinaces
1686 2244 1836 2328 ipsi·
1857 2246 2094 2311 nullas,
2121 2245 2542 2311 monitiones
2575 2244 2889 2326 audiunt3

324 2350 1099 2415 excommunicationes
1144 2351 1380 2415 rident
1414 2360 1489 2418 et
1514 2372 1723 2420 omne
1756 2352 2124 2417 consilium
2159 2354 2250 2415 ab
2286 2374 2528 2433 eorum
2553 2350 2888 2434 opinione

325 2457 685 2524 diversum
714 2458 926 2539 plane
956 2466 1451 2539 aspernantur.
1530 2455 1679 2521 Sed
1723 2460 1862 2523 hoc
1905 2458 2148 2525 forsan
2195 2460 2478 2542 longius
2521 2480 2738 2541 quam
2781 2475 2886 2521 sa·

322 2563 463 2630 tius
506 2584 651 2645 ago
662 2610 683 2647 ‚
751 2584 891 2627 non
956 2564 1147 2627 enim
1206 2563 1379 2628 satis
1438 2564 1807 2646 explicare
1864 2584 2154 2647 possum
2204 2577 2563 2649 quantum·
2589 2566 2890 2647 periculi

324 2671 695 2735 animabus
758 2670 1011 2735 miselli
1072 2671 1327 2753 populi
1386 2671 1733 2753 simulque
1778 2672 2108 2737 omnibus
2153 2671 2471 2739 Ecclesie
2505 2671 2890 2737 ordinibus

325 2778 929 2859 immineat,‚unde
950 2778 1090 2839 V⁸¹¹³
1118 2778 1253 2844 B⁹¹¹¹
1284 2779 1417 2843 hec
1449 2778 1621 2849 boni
1654 2780 1981 2844 consulat
2007 2780 2221 2845 etiam
2251 2790 2470 2861 atque
2491 2780 2709 2843 etiam.
2741 2798 2890 2845 01⁸0.

501 2885 850 2953 Preterea
908 2889 1003 2950 ab
1060 2883 1145 2950 iis
1212 2885 1334 2968 qui
1388 2884 1461 2950 in
1518 2887 1712 2950 urbe·
1764 2906 1922 2952 mea
1985 2885 2279 2967 negotia
2335 2897 2558 2968 agunt
2611 2887 2890 2969 accipio

326 3013 449 3059 nec
502 2994 671 3058 dum
722 3015 763 3058 a
809 2992 909 3054 Va
964 2994 1053 3056 ΒΕ
1106 3013 1196 3058 ne
1244 2992 1663 3074 impetrasse
1724 3002 1808 3056 ut
1860 2992 2064 3057 iuxta
2109 2991 2423 3075 priorum
2467 2993 2890 3056 Pontificum

328 3097 634 3178 indulta,
704 3119 837 3181 pro
898 3098 1305 3164 conditione
1366 3109 1594 3164 status
1670 3099 1808 3164 mei
1881 3099 2196 3181 gratiose
2239 3116 2600 3164 concessa
2673 3115 2892 3181 super

328 3206 703 3270 collatione
752 3206 1061 3272 omnium
1120 3205 1625 3272 beneficiorum
1686 3207 1820 3272 sub
1885 3206 2344 3272 ecclesiarum
2407 3227 2722 3270 mearum
2786 3206 2890 3268 di-

330 3312 573 3376 strictu
604 3312 1007 3378 vacantium
1035 3313 1120 3378 V.
1170 3313 1311 3376 Bm
1356 3314 1436 3376 P.
1486 3311 1910 3379 confirmare
1955 3313 2260 3378 voluerit
2307 3314 2587 3397 (Rogat
2633 3333 2738 3376 ne·
2776 3313 2888 3396 „in

334 3439 405 3482 re
449 3431 603 3487 tam
646 3419 925 3484 modica
973 3418 1335 3487 difficilem
1380 3439 1459 3484 se
1506 3417 1948 3505 praebeat“).

506 3545 675 3608 Dat.
725 3544 797 3610 in
848 3545 1120 3628 oppido
1164 3564 1325 3607 meo
1372 3543 1569 3606 Halli
1614 3543 1733 3607 die
1781 3544 1949 3609 ΧΠ.
2000 3544 2174 3609 Dec.
2222 3539 2622 3610 MDXXV.

1816 3683 2085 3749 Alba-tu
2122 3685 2278 3741 Card.
2317 3659 2678 3752 Mcguntinus.
