3575 5775
1794 556 2289 628 &smne-o

760 725 830 781 et
877 713 1072 800 poeti
1120 717 1252 781 che
1303 734 1476 781 sono
1528 713 1705 782 costi
1757 739 1795 781 a
1830 719 2090 799 Roma,
2138 722 2270 782 che
2321 727 2575 782 stanno
2608 713 2761 782 solo
2796 713 2865 783 in
2898 711 3011 783 far
3041 726 3322 802 quattro

757 827 1021 888 verseti
1072 828 1141 888 al
1189 846 1381 889 mese
1431 836 1504 887 et
1552 824 1945 888 calumniar
1990 825 2034 888 1’
2062 847 2155 889 un
2204 827 2247 890 l’
2274 828 2459 888 altro
2508 847 2724 907 sopra
2777 848 2919 889 una
2950 831 3325 909 paroletta,

757 935 887 997 che
937 933 1440 996 deverebbeno
1492 953 1688 996 esser
1737 933 2070 1014 unanimi,
2120 941 2192 996 et
2237 934 2556 1020 horamai
2604 954 2824 998 ancor
2871 936 3025 997 loro
3056 937 3327 999 sen-iver

758 1041 1112 1104 daccordo
1160 1040 1231 1102 in
1281 1041 1651 1103 defension
1702 1041 1895 1103 della
1942 1039 2109 1103 fede
2176 1061 2333 1104 cum
2382 1041 2598 1123 quelli
2646 1041 2865 1104 buoni
2912 1041 3209 1124 ingegni
3258 1053 3329 1106 et

753 1148 994 1211 iudicii
1042 1150 1176 1211 che
1223 1147 1623 1211 sarebbeno
1667 1167 1837 1210 cose
1868 1147 2253 1210 excellenti
2296 1158 2369 1210 et
2402 1150 2885 1212 sarerebbeno
2924 1151 2995 1211 la
3024 1152 3255 1212 bocca
3287 1171 3331 1212 a

756 1255 876 1337 piu
923 1255 996 1316 di
1045 1264 1226 1318 sette
1276 1253 1346 1317 di
1395 1264 1773 1336 questore,
1824 1254 1873 1317 li
1920 1253 2114 1337 quali
2160 1256 2387 1318 solum
2434 1274 2593 1318 cum
2640 1257 2711 1318 la
2756 1255 3005 1336 poesia
3052 1265 3127 1320 et
3176 1265 3332 1318 arte

756 1361 1068 1424 oratoria
1132 1360 1220 1448 (si
1267 1363 1426 1425 Deo
1473 1363 1739 1444 placet)
1807 1363 1875 1424 al
1922 1370 2257 1443 presente
2309 1381 2654 1444 appresso
2720 1360 2768 1424 il
2816 1365 3037 1443 vulgo
3086 1365 3331 1426 hanno

755 1490 966 1551 preso
1015 1472 1113 1532 tal
1163 1469 1438 1532 credito
1477 1488 1678 1531 come
1717 1469 2106 1532 havessero
2155 1477 2363 1550 posto
2404 1470 2473 1531 16
2502 1489 2675 1532 vera
2708 1469 3107 1551 Theologia
3136 1479 3333 1534 sotto

753 1577 968 1658 piedi.
1065 1577 1170 1640 Ne
1237 1576 1296 1638 si
1343 1575 1548 1657 pensi
1617 1575 1875 1638 alcuno
1922 1575 2053 1638 che
2121 1575 2181 1638 si
2228 1575 2593 1656 venghino
2658 1594 2791 1657 per
2848 1577 3337 1656 scomuniche,

755 1684 942 1746 delle
1010 1683 1201 1765 quali
1273 1703 1350 1745 se
1419 1703 1511 1745 ne
1573 1682 1863 1764 ridono‚
1932 1703 2048 1746 ma
2119 1684 2346 1746 solum
2416 1684 2697 1746 clavum
2754 1685 2962 1747 clavo
3036 1685 3335 1747 trudere

753 1798 1042 1871 oportet
1089 1798 1164 1853 et
1191 1809 1459 1852 vencer
1505 1797 1789 1853 costoro
1840 1809 1973 1853 con
2017 1788 2225 1852 simili
2256 1810 2449 1854 arme
2499 1798 2570 1852 et
2618 1799 2870 1872 questo
2906 1791 2994 1854 V.
3024 1789 3099 1854 S.
3130 1781 3335 1854 Rma

755 1897 812 1959 si
863 1896 1080 1978 degni
1128 1896 1576 1960 intercedere
1635 1915 1983 1978 appresso
2032 1895 2117 1958 N.
2168 1893 2241 1960 S.
2302 1897 2434 1958 che
2484 1896 2654 1960 doni
2716 1897 2952 1960 animo
3002 1906 3075 1960 et
3118 1898 3340 1961 favor

757 2013 827 2066 et
873 2003 1146 2085 premio
1195 2003 1285 2066 ad
1335 2002 1569 2067 alcuni
1619 2003 1835 2065 buoni
1884 2002 2208 2084 ingegnii
2265 2023 2308 2064 a
2354 2004 2580 2066 veder
2626 2005 2694 2066 la
2742 2003 2979 2066 Biblia
3026 2005 3333 2087 diligen-

756 2119 1069 2172 temente
1139 2118 1210 2172 et
1257 2110 1569 2173 scrivere
1620 2130 1823 2172 come
1886 2109 2007 2172 fan
2080 2119 2458 2191 quest0r0‚
2522 2111 2593 2173 in
2658 2110 3032 2174 defension
3100 2113 3339 2194 perhb

757 2219 949 2279 della
999 2217 1184 2298 fede,
1234 2218 1366 2279 che
1398 2215 1540 2279 Dio
1573 2215 1901 2279 adiutara
1929 2218 2105 2298 lom,
2156 2217 2241 2279 ne
2273 2219 2599 2298 besogna
2627 2218 2947 2280 horamai
2994 2218 3113 2300 piu
3147 2221 3337 2282 tanti

761 2324 1025 2387 dottori
1073 2324 1444 2404 theologhi
1503 2345 1548 2386 a
1595 2325 1922 2387 rebuttar
1979 2324 2211 2405 questi
2258 2324 2555 2405 ribaldi,
2628 2325 2674 2388 li
2738 2326 2929 2406 quali
2979 2347 3338 2390 recusano

755 2431 915 2493 tutti
979 2431 1026 2493 li
1078 2429 1341 2493 dottori
1391 2451 1592 2494 come
1641 2430 1696 2493 si
1746 2432 1952 2494 vede.
2048 2431 2208 2493 Non
2258 2432 2297 2494 ὲ
2346 2432 2521 2513 pero
2591 2434 2683 2495 da
2730 2433 2883 2494 dire
2934 2435 3065 2496 che
3114 2433 3235 2496 chi
3288 2436 3337 2496 li

755 2540 922 2600 vole
969 2538 1283 2600 scrivere
1333 2548 1583 2624 contra
1632 2538 1714 2600 sii
1762 2547 1948 2601 tutto
1998 2539 2188 2601 nudo
2238 2539 2408 2602 delli
2456 2537 2618 2602 libri
2649 2540 2853 2619 sacri,
2904 2561 3017 2602 ma
3050 2541 3107 2602 si
3144 2543 3341 2604 vede

755 2647 912 2709 chel
963 2645 1124 2708 stilo
1187 2665 1320 2727 per
1367 2647 1623 2708 adesso
1675 2647 1710 2708 ὲ
1759 2647 1980 2708 molto
2028 2645 2472 2726 necessario,
2537 2647 2699 2710 dico
2747 2667 2879 2728 per
2927 2658 3181 2728 questa
3230 2652 3339 2711 tal

754 2753 1082 2834 impresa.
1175 2751 1256 2815 Io
1316 2771 1449 2834 per
1507 2773 1657 2831 me,
1728 2773 1806 2815 se
1856 2752 1994 2816 Dio
2061 2753 2151 2815 mi
2216 2755 2309 2815 da
2356 2753 2590 2835 gratia
2653 2755 2787 2816 che
2834 2755 3168 2818 resummi
3234 2777 3339 2818 un

755 2881 984 2944 pocco
1033 2861 1102 2923 le
1149 2859 1366 2941 forze,
1416 2879 1618 2923 come
1668 2858 1750 2922 sii
1800 2869 2164 2924 retornato
2218 2881 2328 2924 me
2376 2859 2693 2924 sforzarb
2740 2861 3021 2925 adiutar
3068 2861 3115 2925 li
3164 2863 3344 2926 altri

753 2968 876 3051 piu
945 2972 1078 3029 che
1125 2966 1339 3049 potrb
1404 2968 1475 3030 in
1525 2969 1828 3049 qualche
1895 2968 2302 3048 perticella,
2376 2978 2447 3029 et
2508 2970 2600 3030 ad
2648 2978 2902 3050 questo
2970 2988 3147 3032 sono
3210 2972 3345 3034 del

752 3085 936 3137 tutto
987 3074 1490 3153 determinatO,
1537 3074 1584 3135 il
1636 3077 1768 3137 che
1818 3075 2054 3137 harrei
2104 3074 2224 3156 gia
2272 3075 2767 3138 comminciato
2813 3078 3034 3139 molto
3081 3086 3343 3159 tempo

755 3182 828 3245 fa
891 3202 967 3245 se
1032 3202 1173 3244 non
1221 3202 1334 3245 me
1398 3183 1702 3243 havesse
1751 3183 2116 3245 retardato
2185 3191 2439 3263 questa
2497 3182 2806 3264 impresa
2868 3203 3002 3265 pur
3062 3194 3341 3267 troppo

755 3288 1046 3351 difficile
1095 3310 1137 3349 a
1183 3288 1474 3352 homini.

934 3395 1272 3475 Besogna
1299 3394 1414 3456 far
1447 3395 1764 3457 advertir
1797 3416 1840 3457 a
1870 3396 2109 3459 Roma
2142 3398 2275 3459 elie
2304 3416 2445 3459 uno
2479 3396 2665 3459 frate
2698 3396 3010 3460 Martino
3043 3397 3343 3479 Putzer.

755 3505 818 3564 el
868 3502 1034 3583 qual
1082 3510 1286 3563 stava
1334 3503 1452 3563 nel
1499 3511 1859 3564 convento
1909 3502 1999 3565 de
2036 3502 2526 3583 Heidelberga
2570 3505 2685 3566 del
2726 3514 2935 3567 conte
2970 3504 3343 3586 PalatinO,

753 3611 954 3671 dotto
1002 3610 1141 3670 ben
1189 3608 1258 3669 in
1307 3608 1529 3671 latino
1582 3618 1652 3671 et
1682 3611 2022 3690 alquanto
2056 3610 2127 3671 in
2160 3630 2447 3691 graeco,
2496 3609 2809 3692 giovine,
2858 3610 2931 3673 di
2964 3630 3103 3672 uno
3136 3632 3341 3693 capo

753 3715 1070 3778 terribile
1119 3716 1510 3797 brongino,
1586 3718 1621 3779 ὸ
1670 3716 1957 3798 suggito
2007 3717 2125 3799 gia
2175 3739 2265 3780 un
2316 3737 2508 3779 mese
2557 3728 2628 3779 et
2676 3718 2966 3799 meg-gio
3016 3719 3105 3780 de
3156 3737 3337 3783 con-

753 3831 988 3903 vento,
1039 3824 1074 3885 ὲ
1124 3822 1222 3885 ito
1272 3844 1315 3884 a
1361 3832 1509 3885 star
1556 3844 1690 3885 con
1725 3824 2029 3902 Hutten,
2081 3835 2150 3886 et
2200 3844 2417 3887 ancor
2464 3827 2557 3887 ha
2604 3825 2647 3886 l’
2676 3826 2947 3905 habito,
2996 3846 3110 3887 ma
3158 3846 3339 3906 pro-

752 3949 922 3992 cura
984 3948 1115 4010 per
1181 3928 1298 3991 via
1366 3930 1434 3991 di
1485 3930 1724 3993 Roma
1771 3932 2109 4003 lassarlo;
2182 3932 2315 3993 che
2384 3952 2523 3993 non
2592 3932 2649 3993 si
2717 3932 2886 3995 lassi
2934 3951 3185 4013 passar
3262 3936 3341 3997 la

751 4036 1273 4117 supplicatione
1323 4057 1365 4098 o
1413 4040 1658 4099 breve.
1754 4037 1885 4099 Lui
1934 4038 1971 4099 ὲ
2023 4038 2113 4099 (16
2140 4036 2551 4117 Seltstadio,
2600 4047 2793 4101 terra
2839 4038 2911 4100 di
2947 4036 3338 4122 Spieghel‚

751 4164 866 4206 ma
915 4145 979 4206 el
1026 4152 1359 4224 presente
1407 4144 1655 4207 habita
1701 4144 1770 4207 in
1810 4144 2247 4224 Argentina;
2300 4164 2441 4207 non
2490 4164 2569 4207 so
2618 4146 2685 4207 el
2734 4166 2943 4208 nome
2990 4164 3133 4207 non
3182 4145 3337 4210 fra-

751 4261 984 4331 tesco‚
1057 4252 1180 4311 sed
1232 4250 1302 4313 in
1353 4250 1745 4333 Religione
1808 4250 1913 4337 (ut
1961 4250 2136 4333 dixi)
2194 4273 2271 4314 56
2320 4252 2597 4314 chiama
2644 4250 2755 4313 fra
2802 4251 3145 4324 Martin03
3216 4275 3337 4317 es-

751 4358 975 4420 sendo
1024 4376 1242 4419 ancor
1290 4358 1386 4420 lui
1433 4357 1504 4420 in
1557 4358 1947 4440 Religione
2004 4359 2163 4421 fece
2212 4359 2353 4423 mia
2400 4358 2741 4439 amicitia,
2804 4358 2874 4421 io
2922 4359 2969 4422 li
3020 4358 3158 4421 feci
3208 4382 3335 4425 ca—

751 4483 945 4527 rezze
1014 4465 1536 4527 exhortandolo
1603 4466 1694 4527 ad
1743 4485 1908 4528 usar
1976 4464 2023 4528 il
2074 4486 2202 4528 suo
2268 4466 2585 4548 ingegno
2654 4476 2724 4527 et
2790 4486 2915 4529 sue
2972 4467 3231 4530 lettere
3288 4492 3337 4533 a

749 4569 999 4633 melior
1046 4591 1267 4653 opera
1314 4574 1446 4635 che
1481 4572 1788 4645 Luther;
1838 4592 2049 4654 pai-se
2100 4574 2231 4634 che
2278 4574 2349 4635 lo
2397 4572 2740 4654 pigliasse
2787 4592 2828 4635 6
2875 4575 3037 4653 ben,
3087 4583 3159 4636 et
3206 4596 3336 4639 me

749 4696 936 4741 vene
984 4678 1103 4740 doi
1153 4699 1195 4740 o
1243 4687 1352 4741 tre
1399 4678 1566 4741 fiate
1616 4699 1659 4740 a
1706 4678 1975 4761 visitat,
2022 4700 2139 4742 ma
2184 4678 2305 4761 poi
2351 4700 2426 4742 se
2458 4680 2524 4741 n'
2554 4680 2591 4742 ἐ
2625 4679 2931 4763 suggitO.
3012 4680 3333 4747 Intendo

751 4804 945 4847 esser
1007 4787 1216 4849 homo
1278 4786 1594 4868 inquieto
1659 4796 1732 4850 et
1778 4786 2218 4868 periculoso,
2282 4788 2609 4868 qualibus
2672 4788 2941 4868 gaudet
3004 4788 3328 4853 maxime

751 4891 1126 4955 HuttenuS.
