3575 5775
1346 533 1462 599 ⁶43
1540 533 1645 600 279
1724 531 1843 598 εβ-«ε

325 685 658 751 hactenus
706 688 1037 771 gesseriS,
1089 698 1356 771 quanta
1404 689 1569 752 item
1621 689 1991 755 alacritate
2043 702 2114 753 et
2145 681 2358 753 animi
2406 677 2663 752 ardore
2695 695 2883 770 mag-

325 817 479 858 num
544 797 1077 860 lutheranorum
1141 794 1483 859 librorum
1548 817 1916 860 numerum
1973 797 2264 880 publico
2314 797 2464 878 igni
2529 797 2600 859 in
2650 796 2883 860 medio

324 903 845 984 Antwerpiensi
912 904 1067 967 foro
1118 905 1675 968 comburendum
1740 924 1970 987 nuper
2029 904 2562 988 procuraveris,
2636 912 2708 967 et
2771 903 2886 966 isti

326 1010 721 1074 executioni
787 1009 1186 1074 Caesareae
1242 1010 1638 1074 Maiestatis
1702 1011 1984 1075 nomine
2052 1023 2124 1074 et
2189 1012 2381 1074 iussu
2450 1003 2753 1094 ipsemet
2815 1019 2886 1074 et

324 1116 716 1198 praefueris
764 1126 837 1181 et
884 1119 971 1180 ad
1006 1099 1221 1180 finem
1269 1139 1492 1200 usque
1528 1117 2110 1198 conflagrationis
2139 1118 2566 1198 interfueris,
2616 1118 2883 1200 optimo

325 1233 389 1285 et
432 1223 741 1286 maxime
781 1223 1075 1287 salutari
1107 1224 1546 1306 simplicibus
1583 1225 1950 1289 animabus
1995 1227 2346 1308 exemp10.
2427 1225 2887 1308 Quapropter

324 1351 457 1394 non
506 1351 880 1412 possumus
928 1351 1071 1394 non
1120 1331 1249 1394 tibi
1297 1323 1635 1413 plurimas
1684 1331 1954 1415 gratias
2003 1353 2257 1414 agere,
2308 1341 2522 1415 teque
2571 1340 2647 1395 et
2687 1341 2884 1395 tuum

322 1437 503 1500 istud
572 1438 1093 1500 sanctissimum
1162 1439 1609 1522 propositum
1680 1441 2182 1502 commendare
2272 1449 2342 1502 et
2411 1440 2602 1503 mille
2669 1441 2881 1502 bene-

326 1544 745 1608 dictionibus
792 1545 1153 1627 prosequi.
1250 1545 1639 1608 Hortamur
1687 1545 1900 1609 etiam
1965 1554 2033 1608 te
2083 1547 2154 1609 in
2203 1547 2509 1610 Domino
2561 1558 2634 1609 et
2680 1566 2882 1629 roga-

326 1673 468 1715 mus
534 1659 613 1714 ut
659 1653 1253 1734 quemadmodum
1320 1653 1573 1735 cepisti
1630 1653 1729 1716 ita
1776 1655 2018 1717 facere
2085 1673 2540 1734 persevereS,
2609 1652 2882 1734 tibique

322 1762 750 1840 persuadeas
812 1769 1101 1841 praeter
1148 1760 1537 1841 praemium
1601 1762 1791 1842 quod
1842 1760 1971 1823 tibi
2031 1761 2146 1822 vel
2212 1764 2304 1822 ob
2368 1762 2550 1824 hanc
2600 1779 2884 1824 causam

322 1865 695 1928 maximum
758 1866 830 1929 in
881 1867 1097 1930 caelis
1161 1877 1487 1947 paratur,
1559 1867 1709 1930 Nos
1757 1878 2216 1949 sanctamque
2283 1869 2465 1930 hanc
2515 1868 2758 1953 sedem
2825 1866 2885 1928 si

324 1975 601 2053 quando
649 1990 780 2035 usu
830 1975 1152 2054 eveniat,
1204 1983 1324 2036 tuo
1373 1984 1681 2055 tuaeque
1728 1975 2042 2038 familiae
2089 1974 2344 2038 honori
2394 1975 2764 2038 commodo
2815 1982 2886 2036 et

323 2079 647 2160 dignitati
694 2101 1141 2163 nequaquam
1190 2080 1580 2145 defuturos
1676 2084 1842 2145 Dat.
1893 2083 2175 2144 Romae
2224 2092 2356 2145 etc.

1507 2544 1653 2607 114.

955 2660 1735 2740 vicecancellarius
1790 2635 2262 2742 meandros

1201 2799 1488 2870 (Nuntiat.
1528 2798 1777 2859 German.
1815 2799 1875 2857 1..
1912 2799 2014 2868 75.)

1311 2922 1379 2983 (3.
1422 2920 1649 2983 Augusti
1698 2910 1870 2986 152'1.)

494 3042 821 3107 Havemo
867 3044 938 3106 la
970 3053 1215 3106 vostra
1248 3045 1339 3105 de
1372 3044 1587 3110 XIX.
1634 3046 1751 3106 del
1782 3054 2074 3125 passato
2123 3054 2194 3107 et
2224 3046 2406 3107 altro
2441 3064 2578 3106 non
2615 3045 2880 3107 accade

324 3170 394 3211 se
443 3170 579 3213 non
628 3152 939 3232 replicar
986 3151 1035 3213 il
1086 3154 1482 3233 medesmO,
1553 3151 1703 3214 cioc
1755 3154 2213 3215 commendar
2259 3172 2540 3233 sempre
2588 3150 2632 3214 l'
2660 3172 2882 3233 opera

322 3264 389 3317 et
432 3256 503 3319 in
552 3257 797 3339 primis
844 3257 1013 3320 fede
1064 3267 1134 3320 et
1183 3268 1566 3321 constanza
1614 3269 1876 3322 vostra.
2011 3342 2018 3348 ι
2110 3342 2113 3345 ἡ

492 3364 695 3428 Nelle
744 3371 911 3428 cose
961 3368 1077 3428 del
1124 3385 1437 3428 vescovo
1489 3366 1559 3428 di
1607 3366 1928 3429 Traietto
1978 3367 2038 3429 si
2083 3366 2316 3431 scrive
2364 3368 2428 3430 al
2466 3366 2879 3430 Caracciolo

322 3478 389 3531 et
434 3469 519 3534 N.
565 3469 670 3533 Sre
718 3492 841 3534 era
904 3493 947 3534 a
993 3480 1176 3534 tutto
1241 3456 1758 3553 dispostissimo
1822 3472 1879 3536 si
1936 3495 2066 3556 per
2112 3484 2430 3556 respetto
2497 3477 2683 3537 della
2732 3475 2878 3556 giu-

323 3576 527 3656 stitia,
572 3584 627 3641 si
678 3586 811 3660 per'
856 3599 1057 3643 amor
1104 3581 1295 3642 della
1327 3579 1635 3643 Cesarea
1674 3580 1950 3643 Maesta
1998 3582 2140 3643 alla
2185 3583 2394 3662 quale
2441 3602 2582 3643 non
2630 3582 2688 3644 si
2734 3584 2878 3665 puo

322 3683 435 3763 piu
502 3702 727 3767 negar
776 3704 945 3748 cosa
1010 3688 1285 3749 alcuna.
1381 3686 1472 3748 Vi
1524 3687 1581 3749 si
1632 3690 1985 3751 mandano
2053 3689 2191 3751 due
2239 3689 2480 3769 brevi,
2551 3708 2691 3751 uno
2749 3676 2878 3769 per¹

321 3786 789 3854 l’absolution
841 3793 914 3854 di
962 3794 1125 3874 quei
1174 3794 1311 3855 due
1362 3794 1454 3855 da
1494 3794 1988 3877 Norimberga,
2037 3794 2080 3858 l'
2109 3797 2290 3858 altro
2338 3816 2468 3878 per
2516 3793 2880 3875 gratificat·

324 3898 479 3977 quel
546 3898 729 3961 frate
796 3900 890 3961 da
936 3901 1053 3961 voi
1101 3901 1761 3985 raccommandatO,
1837 3905 1966 3965 che
2034 3905 2259 3984 perho
2309 3902 2393 3965 N.
2444 3902 2548 3963 ΞΝ
2595 3922 2734 3965 non
2784 3903 2878 3963 ha

324 4006 557 4067 voluto
604 4006 1179 4087 concederglielo
1235 4026 1367 4088 per
1414 4008 1533 4087 piu
1584 4010 1716 4070 che
1764 4029 1896 4089 per
1942 4029 2083 4071 uno
2134 4030 2318 4072 anno
2369 4020 2440 4071 et
2486 4030 2564 4071 se
2611 4008 2669 4069 si
2715 4028 2874 4089 por-

322 4112 467 4171 tera
534 4113 669 4174 ben
721 4133 1039 4195 sempre,
1105 4112 1251 4176 Sua
1299 4113 1581 4177 Santita
1648 4115 1718 4176 di
1767 4136 1955 4179 novo
2019 4118 2088 4178 lo
2138 4114 2612 4203 gratifichera.
2709 4115 2872 4179 Dat.

324 4237 407 4278 ex
454 4217 817 4283 Florentia
862 4221 966 4283 III
1014 4222 1325 4301 Augusti
1376 4222 1738 4285 MDXXI.
