3575 5775
1710 570 2206 632 0-434048>-0

1890 917 2036 982 183.

1186 1043 1583 1143 Episoopus
1637 1041 2101 1127 Tridenffinus
2158 1040 2502 1128 clementi
2557 1040 2718 1122 VII.

1580 1179 1783 1254 (Epist.
1819 1179 2062 1254 Princip.
2097 1179 2172 1237 11.
2211 1177 2348 1250 391.)

1620 1292 1725 1354 (17.
1766 1291 2081 1342 Decembris
2126 1299 2298 1355 1524.)

940 1415 1363 1478 Beatissime
1395 1416 1611 1477 Pater
1642 1415 1950 1478 Domine
1978 1413 2282 1476 Domine
2331 1415 2848 1498 colendissime,
2883 1423 3048 1498 post
3077 1417 3242 1478 bea-

671 1530 905 1587 torum
950 1523 1214 1604 pedum
1264 1523 1543 1602 oscula,
1591 1521 2053 1584 humillimam
2103 1519 2462 1586 servitutis
2524 1542 2725 1587 meae
2785 1523 3241 1602 oblationem,

672 1638 745 1693 et
792 1631 1127 1693 devotam
1176 1627 1883 1692 commendationem.
1967 1626 2194 1690 Redit
2242 1629 2334 1690 ad
2381 1625 2852 1691 Sanctitatem
2909 1629 3242 1694 Vestram

670 1736 1023 1819 Magister
1084 1735 1342 1797 Petrus
1408 1733 1920 1814 Salamancha,
1987 1733 2104 1815 qui
2163 1734 2409 1816 paucis
2474 1744 2639 1796 ante
2690 1735 2942 1797 diebus
2991 1737 3083 1798 ab
3133 1756 3243 1798 ea·

672 1843 835 1906 dem
901 1843 993 1905 ad
1057 1840 1599 1905 Serenissimum
1662 1839 2068 1922 Principem
2129 1841 2509 1904 Dominum
2567 1862 2799 1904 meum
2864 1845 3246 1907 observan-

675 1951 840 2012 dum
890 1951 980 2012 ad
1030 1949 1381 2032 quaedam
1429 1945 1723 2030 negotia
1756 1949 2128 2010 subeunda
2169 1949 2420 2011 missus
2450 1948 2704 2028 fuerat,
2755 1947 2867 2010 cui
2916 1948 3244 2030 equidem

672 2059 775 2140 (ut
822 2077 954 2140 par
1022 2059 1198 2136 erat)
1259 2058 1960 2138 quantulumcunque
2021 2056 2212 2118 vires
2278 2077 2478 2120 meae
2526 2055 2852 2136 fuerunt,
2913 2056 2984 2119 in
3049 2059 3247 2120 nullo

672 2162 909 2244 defui,
970 2161 1139 2244 quin
1188 2183 1300 2224 res.
1348 2163 1505 2242 ipsa
1554 2181 1645 2224 ex
1694 2174 1865 2224 voto
1925 2170 1997 2223 et
2046 2163 2426 2246 desyderio
2476 2161 2890 2225 Sanctitatis
2935 2161 3247 2226 Vestrae

674 2269 1125 2348 succederet,
1189 2269 1490 2350 proinde
1540 2266 1638 2330 nil
1687 2279 1795 2330 est
1843 2271 2036 2350 quod
2082 2281 2381 2351 propter
2427 2279 2847 2351 perpetuam
2893 2289 3123 2331 meam
3175 2269 3246 2332 in

678 2373 1143 2438 Sanctitatem
1192 2375 1525 2438 Vestram
1576 2386 1647 2436 et
1696 2372 1960 2438 Sedem
2025 2376 2517 2463 Apostolicam
2579 2375 2987 2438 servitutem
3057 2378 3245 2438 ultro

674 2502 816 2546 non
843 2483 1172 2560 subirem,
1210 2483 1540 2563 quodque
1575 2484 1667 2543 ob
1697 2481 2328 2563 propensissimam
2378 2481 2831 2545 devotionem
2881 2489 2952 2544 et
2999 2484 3240 2544 obser-

678 2590 1017 2671 vantiam,
1068 2609 1208 2672 qua
1255 2609 1393 2650 iam
1444 2589 1709 2650 dudum
1759 2587 1990 2652 eidem
2039 2608 2150 2650 me
2181 2597 2404 2650 totum
2439 2587 2720 2669 devovi,
2768 2588 3009 2651 facere
3041 2609 3244 2670 prae-

675 2696 1160 2761 tei-mitterem.

853 2821 1063 2903 Quod
1110 2841 1282 2884 vero
1332 2822 1424 2885 ad
1471 2841 1621 2884 rem
1672 2819 1965 2882 Lutheri
2016 2821 2344 2904 pertinet,
2392 2819 2606 2882 video
2656 2821 2728 2882 in
2778 2819 2930 2889 dies
2979 2821 3240 2887 malum

672 2929 847 2993 illud
894 2928 1103 2992 latius
1152 2948 1464 3010 serpere,
1515 2928 1840 3011 aliosque
1885 2930 2192 3011 populos
2239 2926 2548 2997 inficere,
2599 2926 2868 2989 Verum
2915 2926 2976 2989 si
3023 2924 3240 2991 Sanc-

674 3036 840 3099 titas
889 3034 1151 3099 Vestra
1217 3035 1286 3097 in
1338 3054 1478 3115 qua
1528 3034 1753 3097 omnis
1803 3054 1970 3117 spes
2036 3036 2335 3116 residet,
2399 3055 2531 3119 pro
2589 3036 2816 3099 salute
2864 3034 3240 3117 Reipubli-

674 3162 803 3205 cae
876 3140 1135 3205 Christi
1205 3140 1551 3222 erigenda
1632 3142 2174 3205 ellaborandum
2243 3115 2860 3223 perseveraverit,
2929 3150 3006 3203 ut
3077 3143 3242 3205 hac·

670 3256 879 3311 tenus
927 3256 999 3311 et
1044 3246 1244 3325 fecit,
1313 3258 1383 3309 et
1446 3247 1515 3309 in
1578 3257 1943 3330 posterum
2014 3269 2172 3310 eam
2232 3247 2580 3310 facturam
2649 3267 2786 3310 non
2854 3246 3245 3331 dubitatur,

673 3374 823 3417 rem
894 3361 1049 3419 tuto
1100 3355 1278 3438 ,loco
1345 3357 1712 3436 quiescere
1784 3353 2059 3437 sperari
2125 3354 2422 3437 poterit,
2491 3355 2753 3440 alioqui
2813 3358 2968 3437 (nec
3027 3355 3243 3437 facile

675 3458 1002 3541 dixerim)
1050 3479 1342 3544 prorsus
1392 3471 1625 3522 actum
1674 3480 1832 3523 esse
1882 3460 2170 3541 dubito,
2235 3462 2825 3541 quemadmodum
2882 3457 3244 3533 Sanctitas

674 3566 939 3631 Vestra
1000 3586 1093 3628 ex
1139 3564 1297 3649 ipso
1346 3565 1696 3647 Magistro
1739 3567 1957 3629 Petro
1995 3566 2316 3630 diffusius
2348 3568 2721 3647 intelliget,
2772 3588 2955 3649 quae
3005 3568 3245 3632 omnia

672 3694 765 3735 ex
812 3672 1055 3735 debito
1105 3671 1464 3736 servitutis
1510 3694 1712 3736 meae
1761 3674 1831 3735 in
1883 3694 2037 3736 earn
2088 3696 2177 3737 ex
2230 3674 2445 3737 corde
2513 3671 2984 3757 significanda
3044 3677 3242 3760 duxi,

671 3779 783 3845 cui
832 3800 943 3843 me
994 3788 1065 3841 et
1112 3777 1505 3842 Ecclesiam
1553 3799 1749 3841 suam
1798 3778 2290 3843 Tridentinam
2355 3778 2744 3845 humillime
2793 3786 3242 3865 commende,

670 3895 745 3952 et
790 3887 882 3950 ad
932 3886 1227 3969 quaevis
1274 3886 1634 3950 servitutis
1682 3884 1920 3951 officia
1969 3885 2478 3949 deditissimum
2526 3907 2637 3949 me
2667 3907 2950 3969 semper
2986 3888 3240 3956 offero,

846 4010 958 4072 Ex
1005 4009 1406 4093 Inspruchg
1454 4010 1674 4075 XVII
1723 4010 2140 4075 Decembris
2187 4010 2626 4076 MDXXIV.

1079 4136 1157 4203 E.
1208 4133 1281 4199 S.
1331 4135 1418 4199 V.

2236 4258 2554 4312 Humillima
2609 4260 2862 4315 ereatura
2919 4254 2982 4319 Ι-

2257 4348 2554 4413 Episcopus
2593 4350 2934 4401 Tridentinus

1736 4628 1861 4641 fooev
1872 4630 1939 4641 ..e-tv
1950 4630 1985 4641 Λκ
2016 4631 2092 4641 ’.Ι-’.ι-
2111 4632 2125 4641 x
