3575 5775
1505 603 1925 661 ο-«Βῡεκ

423 751 869 831 LeodiensiS,
903 750 1198 814 Notario
1231 758 1302 813 et
1333 750 1684 832 familiari,
1715 752 1809 815 ad
1844 750 2327 813 charissimum
2361 752 2429 814 in
2467 750 2747 814 Christo
2776 752 2994 815 filium

423 870 748 922 nostrum
797 858 1126 921 Carolum
1174 858 1667 921 Romanorum
1731 868 1803 921 et
1850 858 2353 940 Hispaniarum
2402 860 2688 941 Regem
2741 860 2993 923 Catho-

421 968 642 1029 licum
705 976 775 1029 et
820 966 1334 1047 Imperatorem
1393 969 1696 1029 electum
1745 976 1817 1029 et
1867 964 2067 1029 Sacri
2118 966 2394 1048 imperii
2443 968 2791 1029 electores
2840 988 2995 1031 cae·

420 1084 764 1154 terosque
832 1071 1260 1135 Germaniae
1331 1074 1517 1135 altae
1587 1082 1657 1135 et
1723 1074 1979 1135 bassae
2047 1073 2423 1156 episcopos
2493 1074 2853 1156 principes
2924 1084 2997 1138 et

420 1180 894 1244 comunitates
941 1179 1204 1242 Nostro
1257 1188 1328 1241 et
1373 1180 1839 1261 Apostolicae
1871 1180 2080 1243 Sedis
2110 1180 2385 1243 Nuncio
2436 1191 2507 1243 et
2555 1182 2841 1261 oratori,
2890 1203 2991 1245 sa-

420 1292 648 1352 lutem
697 1297 768 1351 et
815 1287 1282 1369 apostolicam
1331 1287 1923 1351 benedictionem.

609 1396 782 1459 Cum
831 1395 923 1456 ad
972 1393 1145 1456 nihil
1193 1394 1385 1456 aliud
1434 1403 1680 1457 nostra
1725 1394 1997 1475 aspiret
2040 1395 2339 1458 intentio
2384 1415 2593 1477 quam
2624 1405 2701 1457 ut
2735 1394 2996 1459 Christi

417 1502 740 1565 fidelium
789 1501 1060 1563 animas
1110 1511 1354 1563 nostra
1403 1499 1771 1582 diligentia
1823 1502 1978 1563 Deo
2026 1501 2443 1565 lucrifacere
2492 1503 2863 1583 possimuS,
2919 1504 2991 1566 li-

415 1614 685 1673 benter
735 1608 924 1671 circa
971 1610 1109 1671 hoc
1149 1628 1440 1690 operam
1474 1608 1762 1690 vigilem
1800 1608 2217 1671 adhibemus
2247 1619 2323 1671 ut
2353 1608 2708 1673 diabolica
2740 1610 2991 1673 fraude

415 1717 710 1797 decepti
772 1717 864 1777 ad
932 1717 1206 1778 caulam
1268 1716 1778 1779 dominicarum
1828 1716 2064 1780 ovium
2112 1726 2582 1798 revertantur,
2648 1728 2717 1781 et
2766 1718 2821 1780 si
2874 1718 2991 1799 qui

417 1824 816 1886 animorum
864 1823 1337 1904 perversitate
1385 1823 1580 1887 ducti
1627 1824 1700 1885 in
1762 1824 2097 1885 damnato
2162 1844 2288 1886 suo
2336 1824 2706 1907 proposito
2754 1835 2991 1888 contu-

417 1930 720 1994 maciter
766 1929 1152 2011 persistere
1199 1930 1598 2010 maluerint,
1650 1930 1891 1992 taliter
1936 1930 2545 1994 animadvertatur
2590 1931 2663 1995 in
2710 1931 2871 1996 illos
2918 1944 2997 1995 ut

416 2038 514 2101 sit
583 2058 823 2100 eorum
891 2058 1125 2118 paena
1189 2038 1494 2099 caeteris
1541 2036 1613 2098 in
1663 2037 2091 2117 exemplum.
2187 2036 2360 2100 Cum
2410 2040 2629 2101 multa
2676 2049 2748 2101 et
2795 2040 2995 2102 varia

417 2146 514 2208 de
578 2144 894 2207 novitate
957 2144 1314 2227 dogmatis
1377 2154 1447 2207 et
1513 2144 1954 2209 scandalosis
2020 2143 2334 2206 articulis
2398 2145 2641 2208 fratris
2702 2146 2993 2209 Martini

421 2253 712 2331 Luther,
763 2250 1030 2313 ordinis
1074 2250 1370 2314 fratrum
1417 2250 1925 2315 heremitarum
1972 2248 2217 2313 Sancti
2268 2251 2651 2333 Augustini
2700 2253 2771 2315 in
2820 2252 2991 2317 Ger-

417 2358 664 2422 mania
708 2358 1057 2438 degenti5‚
1109 2358 1316 2420 nobis
1355 2358 1772 2421 renunciata
1806 2365 2045 2421 essent
2088 2367 2158 2421 et
2209 2359 2526 2439 quotidie
2557 2359 2995 2424 referrentur

417 2485 612 2548 quae
645 2476 950 2529 mentem
985 2474 1300 2528 nostram
1335 2465 1582 2527 mirum
1615 2466 1688 2528 in
1721 2466 2007 2529 modum
2042 2469 2606 2544 commovebant,
2654 2476 2991 2550 tanquam

416 2596 462 2636 a
515 2584 760 2635 nostra
817 2573 1166 2654 religione
1229 2573 1514 2655 penitus
1581 2573 1816 2637 aliena
1876 2572 2314 2655 diligentiori
2376 2574 2704 2637 examine
2773 2575 2995 2656 digna

417 2702 584 2743 esse
647 2690 1135 2752 censerentur;
1204 2680 1354 2743 Nos
1419 2700 1508 2742 ne
1575 2680 1856 2743 novitas
1921 2679 2338 2762 hujusmodi,
2404 2690 2477 2743 et
2524 2702 2609 2743 ea
2658 2702 2841 2762 quae
2898 2684 2991 2745 ab

416 2790 584 2871 ipso
632 2788 704 2849 in
752 2788 1118 2871 publicum
1164 2788 1446 2868 prolata
1495 2797 1566 2851 et
1612 2788 1684 2849 in
1733 2787 2017 2868 scriptis
2066 2788 2279 2850 etiam
2326 2788 2621 2851 reducta
2662 2807 2805 2851 non
2837 2790 2992 2852 sine

415 2895 639 2958 animi
686 2896 907 2958 nostri
959 2895 1408 2977 displicentia
1453 2895 1758 2957 vidimus
1808 2905 1879 2956 et
1928 2895 2249 2977 legimuS,
2295 2897 2708 2959 scandalum
2750 2897 2820 2959 in
2868 2917 2993 2980 po·

417 3005 596 3086 pulo
645 3002 1028 3066 christiano
1078 3022 1390 3084 suaeque
1439 3012 1527 3063 et·
1557 3000 1857 3065 aliorum
1904 3002 2274 3064 animabus
2320 3001 2677 3065 interitum
2735 3023 2989 3085 provo-

417 3119 704 3190 carent,
771 3113 1098 3173 volentes
1156 3129 1288 3191 pro
1357 3118 1599 3172 nostro
1647 3109 1991 3190 pastorali
2042 3108 2279 3172 officio
2328 3109 2710 3173 salubriter
2756 3111 2985 3191 provi*

416 3219 617 3295 dere,
663 3215 895 3299 ipsum
935 3237 1068 3299 per
1100 3215 1276 3279 alias
1326 3226 1605 3279 nostras
1653 3215 1723 3278 in
1771 3216 2002 3278 forma
2050 3215 2253 3278 brevi
2298 3215 2574 3279 litteras
2623 3225 2699 3280 ut
2732 3218 2825 3280 ad
2858 3239 2989 3281 nos

415 3322 729 3404 veniret,
797 3325 890 3386 ad
935 3326 1116 3387 haec
1163 3332 1239 3385 ut
1307 3344 1398 3386 ex
1460 3343 1584 3386 ore
1648 3342 1775 3385 suo
1837 3323 2211 3386 veritatem
2268 3331 2341 3386 et
2406 3343 2693 3386 causam
2743 3344 2987 3388 eorum

417 3451 606 3513 quae
656 3431 942 3512 publice
992 3430 1404 3512 disputabat
1453 3439 1524 3492 et
1570 3430 1640 3492 in
1691 3429 1975 3512 scriptis
2019 3429 2399 3513 redigebat
2426 3430 2990 3514 intelligeremus

417 3539 838 3618 monuimuS,
890 3557 1190 3619 cumque
1220 3538 1294 3599 id
1325 3537 1566 3600 facere
1615 3548 2035 3618 recusasset,
2086 3559 2168 3601 ac
2219 3559 2377 3601 eum
2426 3558 2567 3601 non
2602 3541 2988 3602 secundum

417 3645 560 3708 Dei
620 3646 856 3726 legem
923 3665 1052 3727 per
1106 3665 1316 3727 quam
1371 3644 1778 3707 obedientia
1830 3655 1902 3708 et
1946 3643 2304 3707 humilitas
2352 3646 2745 3727 precipitur
2804 3647 2989 3710 ince-

415 3756 594 3816 dere
655 3753 1222 3816 manifestissime
1275 3761 1662 3826 constaret;
1713 3751 1863 3815 Nos
1910 3773 1999 3815 ne
2048 3773 2249 3816 error
2293 3752 2690 3834 hujusmodi
2738 3753 2811 3816 in
2860 3753 2985 3816 Ec·

415 3860 644 3922 clesia
690 3860 828 3922 Dei
878 3862 1010 3922 sub
1058 3859 1618 3922 dissimulatione
1668 3869 1738 3922 et
1785 3859 2245 3942 negligentia,
2300 3869 2621 3943 tempore
2670 3880 2987 3943 praeser-

413 3967 546 4030 tim
575 3977 846 4050 nostr0,
882 3967 1314 4048 pertransire
1347 3967 1732 4047 videretur,
1765 3967 2122 4031 nonnullis
2156 3989 2248 4030 ex
2275 3966 2583 4031 Sanctae
2612 3967 2989 4030 Romanae

414 4074 788 4138 Ecclesiae
851 4073 1348 4138 Cardinalibus
1411 4075 1621 4137 vivae
1692 4074 1891 4137 vocis
1956 4076 2243 4137 oraculo
2312 4073 2819 4138 commissimus
2889 4085 2987 4156 ut,

413 4180 760 4246 adhibitis
820 4181 892 4244 in
943 4181 1166 4245 Sacra
1213 4181 1492 4264 Pagina
1554 4181 1914 4263 magistris
1960 4193 2031 4244 et
2079 4181 2235 4244 aliis
2281 4181 2450 4245 viris
2500 4181 2749 4262 doctis,
2813 4181 2986 4263 ejus·

411 4291 584 4352 dem
621 4289 913 4352 Martini
962 4289 1153 4351 dicta
1202 4298 1272 4351 et
1320 4289 1586 4370 scripta
1634 4288 2019 4370 diligenter
2068 4288 2559 4351 examinarent
2606 4299 2679 4351 et
2725 4289 2987 4353 deinde

411 4397 488 4459 in
540 4396 962 4460 consistorio
1011 4406 1256 4459 nostro
1291 4407 1569 4460 secreto
1605 4396 1985 4469 referrent:
2036 4415 2331 4476 quorum
2362 4396 2709 4459 relatione
2745 4398 2987 4461 audita

413 4515 492 4566 et
539 4503 828 4586 saepius
875 4514 1146 4566 mature
1197 4503 1536 4584 discussa,
1586 4505 1988 4585 complures
2022 4502 2357 4565 articulos
2390 4523 2483 4566 ex
2522 4503 2671 4566 eius
2704 4504 2987 4586 scriptis

415 4621 786 4674 extractos
833 4613 922 4674 de
973 4612 1361 4674 eorundem
1411 4609 1890 4673 Cardinalium
1955 4609 2249 4673 consilio
2315 4610 2835 4691 damnavimus,
2900 4612 2984 4675 is-

413 4729 709 4800 tumque
740 4720 1124 4783 Martinum
1166 4722 1299 4782 sub
1329 4719 1580 4801 poenis
1611 4729 1779 4781 tunc
1823 4719 2180 4801 expressis
2227 4719 2623 4783 monuimus
2670 4729 2747 4782 ut
2800 4718 2987 4782 infra

412 4837 692 4890 certum
755 4835 1037 4909 tempus
1085 4837 1252 4890 tunc
1309 4847 1726 4909 expressum
1775 4847 2055 4890 errores
2102 4847 2267 4890 suos
2314 4838 2867 4910 recognosceret
2914 4837 2985 4889 et

411 4935 508 4995 ad
573 4934 828 4998 solitae
879 4934 1198 4998 veritatis
1247 4935 1434 4998 viam
1482 4945 1980 5014 reverteretur,
2032 4945 2104 4998 et
2151 4954 2333 5015 quae
2383 4934 2453 4996 in
2504 4934 2653 4997 eius
2702 4933 2982 5015 scriptis
