3575 5775
1397 557 1893 633 &nasses

364 721 508 801 liri,
573 742 715 786 non
765 721 963 804 prius
1008 722 1286 805 pacatis
1351 722 1437 787 iis
1505 722 1856 804 dissidiis,
1934 743 2116 806 quae
2188 718 2644 787 Germaniam
2716 728 2929 804 tuam,

369 850 568 910 quam
615 831 835 912 longa
883 832 1168 911 lataque
1219 839 1347 911 est,
1396 833 1489 894 ob
1522 831 1704 893 hanc
1747 830 2420 912 perniciosissimam
2451 830 2926 894 Lutheranam

371 944 628 1000 sectam
679 937 920 1000 multis
966 936 1323 1020 variisque
1373 937 1641 1018 modi5‚
1706 959 1749 1001 a
1815 937 2060 1000 debita
2122 938 2252 1001 tibi
2320 936 2731 1001 obedientia
2777 936 2929 1001 fere

366 1042 969 1109 abalienaverunt.
1085 1043 1234 1107 Nos
1302 1063 1477 1107 vero
1547 1045 1678 1107 etsi
1743 1042 1848 1130 (ut
1914 1044 2240 1129 superius
2308 1044 2645 1127 diximus)
2717 1063 2925 1126 quae·

368 1169 657 1231 cumque
717 1149 1076 1231 potuimus
1152 1160 1224 1214 et
1285 1150 1655 1215 debuimus
1721 1152 2039 1215 remedia
2095 1161 2345 1215 contra
2403 1152 2588 1215 hanc
2655 1161 2929 1235 pestem

367 1256 704 1323 adhibere
734 1256 930 1321 enixi
980 1277 1241 1338 sumus,
1291 1256 1616 1321 dabimus
1649 1268 1883 1321 tamen
1918 1267 2268 1340 perpetuo
2302 1278 2595 1341 operam
2634 1256 2928 1320 favente

368 1384 466 1443 e0,
517 1362 635 1445 qui
687 1362 915 1427 Nobis
964 1364 1130 1426 licet
1177 1362 1487 1447 indignis
1535 1364 1642 1428 sui
1689 1365 1936 1447 gregis
1985 1384 2223 1428 curam
2273 1363 2650 1446 commisit,
2712 1373 2789 1426 ut
2836 1384 2927 1427 ne

366 1470 699 1552 Majestas
755 1470 909 1536 Tua
979 1480 1101 1533 aut
1169 1470 1350 1534 alius
1422 1471 1834 1554 quisquam,
1907 1473 2098 1554 quod
2168 1481 2537 1554 praestare
2607 1479 2930 1534 tenemur

368 1576 690 1658 officium,
737 1577 810 1641 in
857 1577 1085 1641 Nobis
1133 1578 1386 1642 merito
1437 1577 1817 1643 desideret.

536 1701 820 1768 Datum.

535 1825 991 1889 Hieronimus
1077 1826 1446 1891 Aleander
1530 1828 1788 1910 Typon
1882 1828 2091 1892 huius
2184 1828 2587 1908 Apostolici
2665 1826 2923 1892 Brevis

367 1933 793 2014 composuit:
842 1934 1008 1997 licet
1038 1954 1178 1998 non
1214 1934 1445 2017 ipsum
1477 1936 1733 2018 Breve,
1780 1938 1908 1999 sed
1949 1955 2256 2018 sequens
2288 1934 2680 2015 instructi0‚
2712 1933 2922 1997 etiam

368 2041 452 2101 ab
499 2060 584 2103 eo
633 2041 1061 2123 composita,
1127 2042 1344 2106 fuerit
1391 2044 1483 2106 ad
1534 2043 1867 2107 Cesarem
1936 2042 2166 2108 missa.
2264 2041 2498 2123 Quum
2548 2040 2647 2103 sic
2696 2040 2921 2104 visum

368 2157 547 2210 esset
596 2147 660 2211 ei
709 2146 826 2230 qui
877 2149 1113 2212 omnia
1159 2158 1444 2233 poterat
1493 2151 1684 2233 apud
1735 2150 2170 2214 Clementem
2217 2149 2377 2213 VII.

1434 2354 1498 2366 W

1569 2604 1717 2669 154.

409 2718 795 2799 Instructio
843 2719 1201 2802 mittenda
1255 2721 1347 2801 ad
1382 2720 1692 2801 Nunnius
1740 2721 2165 2823 apostolicos
2221 2722 2413 2823 apud
2450 2719 2868 2802 Caesaream

1022 2844 1477 2946 Majestatem
1532 2867 1744 2947 super
1798 2868 1873 2926 re
1928 2845 2244 2928 Lutheri.

1173 2994 1341 3061 (Aeta
1375 2993 1809 3053 wormaciensis
1843 2993 1934 3053 fol.
1972 2995 2106 3066 22⁴7.)

1265 3114 1397 3178 (Sub
1437 3113 1538 3163 fine
1577 3113 1782 3178 Aprilis
1831 3112 2005 3183 1524.)

1037 3264 1132 3328 In
1195 3268 1279 3328 la
1342 3285 1615 3329 causa
1673 3264 2219 3328 Lutherana.

535 3384 627 3450 Se
687 3396 906 3469 potra
953 3390 1268 3453 advertir
1329 3391 1397 3453 la
1446 3390 1754 3454 Cesarea
1801 3388 2084 3453 Maesta
2146 3389 2278 3452 che
2326 3408 2469 3452 non
2529 3391 2919 3453 solamente

364 3493 428 3555 la
473 3493 789 3558 Saxonia
837 3516 952 3558 ma
997 3504 1151 3559 tuta
1197 3498 1269 3561 la
1303 3498 1708 3579 Alemagna
1757 3498 1902 3560 alta
1953 3505 2025 3560 et
2070 3498 2304 3577 bassa,
2354 3505 2427 3559 et
2470 3497 2520 3558 li
2568 3496 2673 3560 soi
2721 3497 2921 3579 paesi

366 3598 449 3661 de
494 3601 922 3681 Brabantia,
972 3612 1043 3666 et
1089 3603 1461 3685 Flandria‚
1512 3603 1839 3686 Phrysia,
1890 3602 2265 3686 Zelandia,
2315 3603 2694 3685 Holandia‚
2742 3624 2918 3668 sono

365 3707 622 3790 peggio
681 3710 817 3772 che
863 3709 1002 3772 mai
1049 3709 1284 3773 infetti
1333 3711 1428 3772 da
1475 3718 1727 3791 questa
1774 3718 2010 3792 peste,
2075 3728 2276 3773 come
2327 3708 2919 3774 verisimelmente

367 3809 505 3877 Sua
548 3798 825 3879 Maesta
875 3817 1056 3880 deve
1106 3838 1302 3881 esser
1348 3815 1703 3880 advertita
1750 3816 1845 3879 da
1892 3816 1941 3878 li
1989 3815 2117 3880 soi.

533 3939 619 4002 Et
678 3961 900 4005 ancor
960 3944 1091 4005 che
1155 3963 1246 4006 ne
1294 3942 1346 4005 li
1391 3941 1497 4005 soi
1545 3941 1745 4023 paesi
1807 3939 2199 4003 d’Austria
2259 3946 2428 4018 etc.‚
2487 3940 2920 4004 l'Arciduca

367 4041 638 4108 fratello
689 4047 778 4109 de
813 4044 961 4110 Sua
989 4048 1269 4113 Maesta
1317 4049 1472 4131 pari
1521 4050 1654 4112 che
1703 4047 1847 4111 faci
1895 4046 2132 4110 officio
2182 4048 2418 4129 degno
2469 4048 2557 4110 de
2592 4068 2719 4111 sua
2760 4069 2910 4130 pra·-

369 4151 602 4234 genie‚
651 4162 724 4216 et
770 4157 997 4236 bon0,
1059 4165 1129 4218 et
1176 4155 1528 4220 catholico
1577 4153 1951 4237 Principe,
2015 4153 2479 4233 nondimenO,
2541 4174 2584 4216 o
2632 4154 2715 4217 sii
2763 4177 2916 4238 pet--

369 4257 487 4320 che
534 4259 582 4322 li
626 4261 877 4325 vecchi
924 4263 1301 4328 conselieri
1364 4264 1453 4326 de
1502 4263 1719 4344 quelli
1767 4261 1968 4344 paesi
2032 4261 2241 4324 furno
2291 4281 2570 4343 sempre
2633 4264 2774 4325 mal
2824 4267 2912 4323 [li-

369 4366 579 4444 sposti
623 4387 836 4432 verso
884 4379 1136 4450 questa
1183 4368 1410 4433 Santa
1457 4367 1668 4449 Sede,
1719 4390 1761 4432 o
1811 4389 1941 4451 per
1988 4371 2170 4430 altra
2219 4387 2473 4448 causa,
2523 4369 2692 4450 ogni
2742 4370 2812 4431 di
2864 4371 2916 4427 si

367 4473 541 4536 vede
599 4477 900 4556 qualche
950 4495 1128 4558 gran
1177 4478 1614 4557 desordene,
1688 4485 1759 4539 et
1807 4477 1946 4539 mal
1996 4476 2327 4558 exemplo
2394 4475 2483 4539 de
2530 4478 2598 4540 le
2647 4498 2812 4540 cose
2864 4479 2916 4539 si

369 4574 572 4642 fanno
619 4583 930 4646 secundo
977 4594 1232 4665 questa
1278 4584 1665 4649 maledetta
1713 4592 1917 4646 setta.

532 4686 706 4752 Item
755 4690 824 4752 le
871 4689 1039 4754 citta
1088 4691 1383 4757 franche
1435 4712 1634 4755 come
1676 4691 2193 4772 Noremberga,
2242 4689 2593 4773 Augusta,
2642 4691 2916 4777 Argen-

371 4788 545 4872 tina,
614 4792 859 4879 spira,
931 4800 1065 4861 che
1133 4801 1424 4864 soleano
1488 4819 1768 4881 sempre
1818 4795 2241 4880 gobernarsi
2308 4799 2916 4879 prudentementv.

374 4914 535 4962 sono
601 4903 783 4967 assai
844 4904 967 4987 pisi
1017 4908 1494 4972 contaminate
1556 4907 1686 4970 che
1736 4907 1784 4969 li
1835 4905 1997 4969 altri
2043 4903 2313 4988 populi.
2409 4905 2499 4969 Et
2559 4932 2689 4995 per
2750 4928 2916 5000 ogni

2493 5001 2603 5057 22*

2934 5408 3164 5550 0910
