3575 5775
1336 577 1830 634 ο-432218Η

313 725 433 788 viri
495 727 990 807 (praelatique)
1041 725 1348 788 animum
1412 725 1518 787 sui
1584 723 1832 787 Sancti
1897 723 2205 806 Spiritus
2261 724 2429 806 igne
2486 723 2865 804 afflaverit,

315 833 590 914 eiusque
640 832 1115 894 constantiam
1167 845 1236 893 et
1299 831 1638 912 pietatem
1703 833 2011 895 maxime
2075 832 2478 894 necessario
2544 843 2866 913 tempore

315 961 430 1020 pro
480 939 670 1002 Suae
719 939 1030 1002 Sanctae
1081 938 1248 1002 fidei
1298 941 1609 1002 candore
1673 940 2195 1018 conservandO,
2268 949 2514 1001 contra
2579 938 2867 1020 impium

311 1048 608 1110 furorem
674 1068 905 1109 novae
958 1045 1490 1109 debaccationis
1553 1049 1939 1110 haereseos
2001 1056 2189 1108 stare
2258 1045 2599 1127 voluerit,
2678 1047 2869 1126 quod

314 1154 586 1236 quidem
657 1153 949 1235 dignum
1022 1162 1142 1215 tua
1208 1154 1602 1234 praestanti
1687 1153 1986 1233 virtute,
2078 1153 2367 1235 dignum
2439 1154 2573 1215 hoc
2662 1173 2869 1234 quem

312 1261 492 1343 geris
537 1263 842 1342 honore,
913 1261 1206 1342 dignum
1255 1280 1521 1341 genere
1572 1270 1643 1325 et
1694 1261 2080 1324 maioribus
2128 1260 2301 1340 tuis,
2350 1262 2479 1323 sed
2528 1259 2869 1341 imprimis

315 1368 435 1430 isto
492 1369 650 1450 ipso
709 1351 1122 1432 charissimo
1171 1367 1240 1430 in
1294 1368 1574 1431 Christo
1641 1369 1787 1430 filio
1852 1379 2095 1431 nostro
2161 1368 2428 1449 optimo
2488 1365 2868 1448 religiosis-

314 1475 618 1556 simoque
670 1475 978 1538 Caesare
1029 1474 1559 1555 dignissimum,
1628 1475 1827 1538 cuius
1894 1488 1968 1537 ut
2034 1478 2262 1538 honor
2324 1476 2703 1552 maximus,
2767 1473 2867 1535 sic

315 1585 590 1664 pietatis
637 1585 793 1646 laus
840 1581 1102 1645 eximia
1150 1581 1306 1645 fuit.
1413 1581 1647 1644 Vincit
1711 1583 2038 1665 profecto
2106 1582 2514 1644 facultatem
2590 1589 2660 1644 et
2726 1579 2866 1642 vim

315 1701 656 1768 nostram,
723 1698 798 1751 ut
843 1688 967 1751 vix
1017 1700 1088 1750 te
1138 1689 1554 1770 pari.laude
1605 1692 2006 1770 celebrare,
2069 1689 2190 1751 vix
2256 1689 2551 1751 idoneas
2598 1687 2868 1770 gratias

317 1815 520 1877 agere
570 1817 784 1878 posse
832 1795 1224 1874 videamur,
1274 1798 1402 1858 sed
1453 1818 1581 1859 nos
1631 1798 2035 1861 memoriam
2086 1797 2261 1859 tanti
2312 1797 2411 1858 tui
2448 1795 2664 1859 officii
2712 1815 2865 1877 per·

317 1913 586 1984 petuam
637 1903 706 1965 in
757 1903 992 1964 animo
1041 1903 1532 1976 retinebimus;
1584 1905 1739 1986 ipse
1789 1915 2023 1967 autem
2060 1906 2255 1966 Deus
2286 1912 2648 1985 spectator
2682 1904 2867 1966 idem

318 2024 378 2072 et
423 2021 910 2073 remunerator
960 2013 1308 2072 bonorum
1358 2031 1692 2091 operum,
1741 2011 1855 2074 cui
1904 2014 2081 2074 haec
2131 2032 2173 2073 a
2222 2022 2291 2074 te
2338 2031 2560 2093 opera
2608 2019 2869 2073 navata

321 2131 414 2180 est
459 2127 530 2180 et
577 2119 688 2180 cui
740 2118 1112 2180 multorum
1164 2117 1477 2181 fidelium
1525 2119 1803 2181 animae
1865 2139 1995 2201 per
2052 2129 2122 2180 te
2166 2128 2329 2180 sunt
2374 2119 2489 2180 vel
2536 2126 2867 2179 servatae

321 2227 422 2288 vel
467 2225 830 2304 redditae,
901 2224 960 2286 is
1010 2235 1080 2286 te
1129 2225 1458 2306 profecto
1507 2236 1651 2288 tam
1701 2225 1921 2306 largis
1970 2225 2257 2308 premiis
2310 2224 2724 2303 illustrabit,
2794 2233 2869 2285 ut

321 2331 620 2412 quotidie
690 2331 918 2412 magis
989 2341 1496 2414 perspecturus
1567 2331 1663 2395 sis
1731 2334 1925 2395 nulla
1990 2354 2068 2395 re
2147 2331 2513 2395 uberiores
2593 2331 2867 2413 percipi

323 2439 574 2502 fructus
623 2460 836 2520 quam
885 2459 1057 2501 vera
1103 2438 1371 2519 pietate
1423 2448 1493 2502 et
1562 2439 1697 2502 Dei
1756 2443 1995 2521 legum
2067 2441 2699 2520 mandatorumque
2749 2442 2866 2501 ob·

323 2547 696 2624 servantia,
771 2565 1196 2627 quamquam
1267 2566 1398 2608 nec
1447 2567 1576 2608 nos
1648 2548 2073 2628 ubicumque
2124 2550 2322 2609 locus
2384 2546 2591 2608 nobis
2660 2546 2869 2608 datus

323 2653 520 2716 fuerit
565 2651 924 2716 nobilitati
974 2663 1137 2714 tuae
1186 2651 1560 2715 deerimus,
1639 2653 1841 2716 Nunc
1874 2656 2063 2734 quod
2100 2653 2446 2735 reliquum
2479 2663 2606 2732 est,
2657 2674 2865 2734 quum

321 2759 503 2823 falsis
550 2770 622 2822 et
668 2757 1030 2840 pestiferis
1079 2759 1531 2839 opinionibus
1583 2761 1953 2839 damnatiS,
2003 2761 2307 2824 hominis
2356 2757 2550 2842 impii
2582 2780 2866 2841 perver-

323 2865 476 2930 sitas
524 2879 594 2929 et
643 2866 1026 2950 pertinatia
1073 2866 1479 2949 frangenda
1528 2880 1673 2949 est,
1738 2869 2033 2951 ipseque
2082 2869 2314 2932 acrius
2366 2869 2866 2950 insequendUS,

323 2985 389 3035 ut
431 2975 698 3037 nefario
749 2974 995 3036 fomite
1046 2995 1358 3038 errorum
1413 2978 1716 3057 sublat0‚
1768 2977 1888 3057 qui
1932 2976 2219 3039 abducti
2261 2977 2329 3038 in
2382 2996 2678 3057 pravum
2715 2997 2865 3038 sen·

324 3102 457 3143 sum
512 3080 871 3144 Sathanae
923 3082 1226 3163 perfidia
1273 3093 1436 3144 sunt
1462 3132 1478 3162 ,
1529 3085 1620 3145 ad
1669 3082 1987 3145 veritatis
2036 3085 2357 3163 regulam
2407 3094 2479 3145 et
2528 3083 2713 3145 viam
2763 3103 2865 3146 re-

326 3189 673 3267 ducantur,
721 3190 1086 3251 hortamur
1121 3188 1582 3253 Nobilitatem
1631 3200 1822 3251 tuam
1871 3190 1941 3253 in
1980 3191 2285 3253 Domino
2322 3202 2392 3253 et
2429 3212 2558 3271 per
2592 3190 2866 3252 viscera

327 3295 830 3358 misericordiae
883 3296 1016 3357 Dei
1067 3296 1289 3358 nostri
1340 3300 1817 3377 obsecramus,
1867 3306 1943 3359 ut
1975 3300 2195 3360 semel
2226 3307 2625 3379 susceptam
2660 3296 2867 3359 huius

327 3402 748 3481 perniciosae
797 3402 978 3464 labis
1027 3424 1069 3463 a
1117 3421 1346 3484 grege
1393 3403 1706 3465 fidelium
1759 3406 2290 3485 propulsandae
2363 3426 2644 3485 curam,
2710 3425 2865 3487 pro-

329 3508 610 3571 vinciam
657 3510 1152 3589 actionemque
1202 3510 1294 3572 ad
1344 3509 1610 3572 exitum
1661 3512 2046 3592 perducaS,
2096 3511 2456 3593 instesque
2506 3512 2696 3575 omni
2747 3524 2868 3574 tua

331 3634 549 3695 opera,
599 3616 1042 3696 auctoritate,
1094 3616 1466 3699 diligentia
1513 3626 1590 3679 ut
1647 3617 2049 3698 pestilentis
2111 3620 2413 3681 hominis
2482 3638 2867 3701 eorumque

331 3722 432 3801 qui
495 3744 648 3786 cum
712 3743 798 3785 eo
871 3724 1259 3804 senserint,
1337 3724 1810 3807 pervicaciter
1856 3723 2184 3805 impietas
2234 3728 2497 3788 nullum
2569 3725 2869 3806 amplius

331 3828 538 3891 locum
586 3829 772 3892 inter
817 3828 1066 3893 fideles
1120 3831 1252 3893 Dei
1299 3830 1638 3910 inveniat,
1687 3833 1816 3893 sed
1864 3834 1978 3893 vel
2014 3832 2484 3895 exterminata
2533 3855 2621 3894 ex
2672 3832 2863 3895 omni

332 3933 713 4017 Germania,
765 3938 878 3999 vel
929 3958 1163 4018 paena
1211 3938 1512 4021 affecta,
1561 3960 1688 4001 suo
1739 3941 2071 4020 exemplo
2123 3942 2380 4002 doceat
2429 3961 2673 4002 omnes
2722 3960 2861 4001 non

333 4062 470 4105 esse
513 4065 554 4106 a
599 4064 796 4107 more
846 4044 1188 4107 maiorum
1221 4045 1557 4108 divinitus
1593 4046 1937 4126 institut0‚
1983 4067 2115 4109 nec
2164 4067 2206 4108 a
2238 4056 2517 4127 patrum
2566 4057 2635 4108 et
2668 4068 2853 4109 sanc-

333 4157 538 4213 torum
583 4152 954 4215 doctorum
1019 4151 1504 4216 sanctionibus
1572 4152 2163 4237 discedendum¹).
2260 4154 2417 4233 Qua
2479 4153 2551 4214 in
2598 4174 2677 4215 re
2727 4154 2863 4215 No·

333 4253 548 4321 bilitas
592 4268 716 4321 tua
766 4269 836 4322 et
883 4258 952 4321 in
1002 4261 1342 4323 honorem
1394 4261 1641 4323 summi
1677 4261 1813 4323 Dei
1862 4260 2192 4341 publicae
2228 4259 2437 4322 saluti
2486 4260 2866 4323 Christiani

335 4365 562 4443 populi
617 4366 1077 4448 prospexerit
1141 4376 1208 4430 et
1269 4376 1338 4429 te
1412 4367 1905 4449 dignissimum
1976 4367 2327 4449 nobisque
2390 4366 2866 4448 gratissimum

388 4590 430 4647 'l
461 4598 544 4645 Ad
587 4598 787 4647 brevem
825 4598 998 4647 Ducis
1049 4600 1315 4647 Saxoniae
1359 4600 1447 4647 lu'c
1497 4601 1676 4647 addita
1725 4606 1853 4647 sunt
1897 4602 2026 4650 Ιιαιτ
2074 4602 2260 4648 verba:
2318 4602 2507 4663 „Quod
2560 4601 2716 4650 etiam
2768 4602 2865 4651 tibi

459 4676 720 4741 aliquanto
776 4680 1061 4728 studiosius
1117 4678 1495 4727 elaborandum
1555 4686 1661 4739 est,
1719 4682 1863 4743 quod
1919 4680 1971 4728 in
2032 4682 2191 4729 corde
2248 4689 2299 4728 et
2356 4680 2647 4729 visceribus
2702 4689 2867 4731 status

460 4754 903 4823 dominiorumque
960 4766 1196 4817 tuorum,
1253 4766 1303 4807 te
1361 4761 1602 4823 quidem,
1659 4768 1716 4808 ut
1753 4761 2015 4809 cernimus
2064 4761 2259 4819 invito,
2316 4761 2417 4811 hoc
2456 4762 2606 4811 ulcus
2657 4771 2863 4811 enatum

459 4835 606 4886 latius
641 4838 694 4888 in
732 4839 1016 4904 perniciem
1058 4840 1354 4889 catholicae
1393 4840 1514 4889 fidei
1555 4842 1803 4899 manavit,
1843 4843 1926 4890 cui
1966 4848 2021 4889 tu
2060 4857 2155 4905 pro
2196 4850 2285 4890 tua
2320 4842 2573 4905 singulari
2610 4842 2867 4906 sapientia

461 4916 702 4981 imprimis
739 4920 902 4969 debes
941 4920 1268 4983 providere.“
