3575 5775
1749 559 1863 616 0-:3
1952 555 2051 615 126
2128 555 2209 608 t}-
2222 572 2242 588 ⁶

708 722 841 782 per
903 703 1253 765 rivederle
1313 705 1540 786 prima
1590 717 1660 767 et
1709 706 1755 767 il
1806 705 2190 768 Bombasio
2240 725 2367 767 suo
2418 705 2802 767 secretario
2852 707 2943 767 ha
2991 708 3059 767 la
3110 727 3273 770 cura

709 809 781 871 di
842 810 1388 891 ricordarglelo,
1453 820 1523 873 et
1570 812 1626 874 si
1677 812 1833 874 fara
1881 833 2092 876 senza
2138 812 2331 875 fallo,
2408 811 2515 873 La
2561 831 2731 874 cosa
2795 812 2928 875 che
2974 811 3277 876 sollicita

705 915 755 977 il
805 918 1077 980 Doctor
1123 918 1520 1000 Spianghel
1583 920 1618 981 ὲ
1682 939 1817 1002 pur
1882 920 1953 982 in
2017 940 2225 983 mano
2290 918 2361 980 di
2410 916 2655 981 Sancti
2706 918 3044 1000 Quattro,
3110 923 3273 1001 qual

708 1023 823 1104 gia
887 1025 1074 1087 seria
1137 1026 1475 1106 expedita
1535 1047 1612 1087 se
1661 1047 1803 1089 non
1854 1028 1984 1089 che
2031 1027 2079 1088 li
2128 1025 2602 1108 procuratorii
2650 1025 2840 1088 della
2886 1027 3275 1089 universitii

707 1132 942 1193 hanno
1005 1146 1306 1214 pregato
1365 1133 1423 1194 si
1473 1133 1831 1196 differisca
1881 1135 2145 1215 perche
2195 1154 2501 1215 sperano
2554 1134 2621 1195 di
2671 1136 2936 1197 havere
2986 1135 3275 1196 omnino

703 1238 772 1300 la
823 1240 1174 1301 sententia
1222 1240 1292 1301 in
1340 1240 1548 1303 favor
1597 1243 1784 1321 loro,
1852 1250 1922 1304 et
1972 1241 2087 1322 gia
2138 1244 2206 1303 la
2256 1259 2470 1303 causa
2519 1241 2575 1304 si
2629 1241 2665 1303 ἐ
2713 1242 3276 1304 rachomandata

703 1345 823 1425 qui
873 1348 939 1408 al
989 1348 1337 1409 Auditore
1385 1347 1455 1409 in
1505 1348 1855 1411 beneficio
1906 1349 1977 1410 di
2028 1349 2218 1410 dicta
2268 1345 2674 1428 universita,
2731 1357 2802 1409 et
2850 1350 2940 1411 ad
2990 1349 3275 1412 cautela

703 1451 758 1512 si
811 1454 1125 1516 scrivera
1174 1456 1399 1517 anche
1451 1475 1540 1516 un
1587 1456 1825 1518 Breve
1876 1458 1967 1518 ad
2014 1476 2177 1518 essa
2204 1455 2645 1518 Communita
2693 1475 2822 1536 per
2870 1457 3023 1518 loro
3072 1457 3273 1518 satis-

698 1559 1046 1641 factione,
1115 1571 1184 1623 et
1245 1581 1322 1624 se
1372 1583 1677 1625 sat-anno
1717 1563 2067 1626 Catholici
2115 1566 2527 1626 haveranno
2576 1564 2803 1626 anche
2850 1563 3044 1625 dalla
3077 1562 3273 1627 Sede

701 1665 1122 1747 Apostolica
1170 1669 1496 1748 maggior
1543 1670 1809 1751 gratia3
1862 1690 1937 1733 se
1986 1691 2149 1750 non,
2200 1672 2653 1752 perderanno
2702 1670 2751 1731 il
2792 1679 3009 1733 tuoto,
3089 1669 3270 1733 Con·

695 1771 958 1835 fortate
1006 1774 1054 1836 il
1104 1767 1529 1839 Confessore
1580 1779 1671 1839 ad
1719 1798 2185 1859 perseverare
2235 1779 2303 1840 in
2355 1781 2546 1840 bono
2597 1777 2873 1858 officiO,
2940 1779 3073 1840 che
3124 1779 3269 1840 Dio

696 1886 768 1938 et
835 1879 901 1940 la
968 1877 1160 1943 Sede
1217 1882 1638 1964 Apostolica
1705 1886 1772 1946 lo
1842 1906 2445 1948 remunereranno
2502 1886 2691 1948 delle
2754 1888 2941 1948 bone
3009 1905 3267 1967 opere:

695 1986 1070 2048 exhortate
1129 1991 1356 2052 anche
1407 2007 1566 2053 esso
1618 1989 2020 2074 Spianghel
2070 2001 2140 2056 et
2189 1992 2537 2074 Capitone
2585 1994 2677 2054 ad
2726 1991 3144 2055 rimuoversi
3192 1992 3263 2054 in

693 2100 874 2155 tutto
949 2095 1140 2156 dalla
1211 2098 1756 2162 conversatione
1841 2099 2011 2161 delli
2070 2099 2367 2162 heretici
2431 2109 2503 2162 et
2563 2101 2651 2162 ad
2720 2109 3131 2162 mantenere
3194 2101 3266 2162 la

691 2200 881 2261 bona
929 2199 1120 2262 fama
1167 2203 1258 2264 de
1305 2203 1492 2266 virtu
1543 2214 1614 2266 et
1661 2206 1920 2286 bonta,
1994 2207 2181 2269 nella
2240 2209 2449 2288 quale
2500 2227 2674 2268 sono
2724 2205 2889 2268 stati
2937 2205 3091 2267 sino
3140 2206 3264 2286 qui

691 2321 891 2370 come
941 2311 1270 2372 catholici
1321 2320 1392 2374 et
1438 2314 1611 2376 boni
1661 2313 2059 2376 Christiani.

869 2414 1195 2478 Mandasi
1243 2419 1462 2480 Brevi
1513 2430 1583 2481 et
1630 2422 1698 2482 la
1747 2421 1956 2503 copia
2003 2423 2094 2484 ad
2144 2422 2602 2503 Maguntin0‚
2661 2420 3265 2502 Brandemburgh

691 2530 761 2582 et
811 2523 1012 2584 Duca
1063 2522 1360 2606 Giorgio
1411 2527 1482 2588 di
1533 2525 1871 2610 Saxonia,
1923 2530 2093 2592 tucti
2146 2529 2212 2592 in
2265 2529 2631 2592 credentia
2680 2538 2957 2600 vostra;
3018 2526 3265 2590 videte

690 2627 760 2688 di
811 2641 1222 2694 mantenere
1271 2643 1524 2713 questo
1573 2634 1819 2698 ultimo
1869 2636 1937 2698 in
1988 2635 2147 2700 fide.

867 2735 1194 2801 Mandasi
1262 2741 1354 2802 ad
1415 2742 1530 2804 voi
1584 2744 1656 2804 la
1722 2743 1931 2824 copia
1998 2745 2114 2806 del
2164 2745 2399 2807 Breve
2448 2744 2714 2824 scripto
2764 2744 2857 2804 ad
2904 2741 3135 2824 questi
3183 2744 3263 2804 di

685 2842 777 2903 ad
827 2842 1120 2909 Erasmo
1186 2868 1316 2929 per
1386 2859 1724 2913 contento
1775 2862 2051 2927 vostro;
2121 2873 2251 2935 per
2298 2863 2538 2915 vostra
2588 2851 2659 2913 fe
2708 2859 2891 2914 state
2941 2849 3009 2912 di
3058 2851 3263 2913 bono

690 2950 927 3013 animo
982 2954 1111 3015 che
1163 2976 1199 3017 a
1252 2956 1370 3019 voi
1418 2978 1558 3020 non
1610 2960 1764 3022 solo
1815 2980 1956 3023 non
2005 2960 2063 3022 si
2112 2960 2152 3022 ὲ
2200 2981 2331 3042 per
2377 2959 2825 3042 preiudicare
2874 2960 2940 3021 al
2980 2958 3267 3020 honore

682 3078 725 3118 a
785 3068 995 3137 posta
1060 3062 1149 3123 de
1218 3063 1411 3127 altri:
1490 3086 1603 3127 ma
1667 3087 1800 3148 per
1868 3069 2309 3131 accrescerlo
2362 3078 2432 3130 et
2478 3066 2790 3129 favorire
2839 3066 3150 3127 secondo
3202 3065 3263 3126 li

681 3164 909 3226 meriti
972 3176 1044 3229 et
1090 3170 1157 3230 le
1204 3169 1470 3233 fatiche
1520 3183 1796 3246 vostre;
1867 3175 2230 3236 attendete
2280 3193 2457 3255 pure
2506 3195 2641 3237 con
2691 3181 2884 3236 tucto
2932 3172 2975 3235 l'
3012 3172 3260 3235 animo

682 3272 823 3332 alla
871 3292 1084 3336 causa
1135 3295 1468 3358 comune,
1541 3288 1610 3340 et
1658 3278 2039 3343 sforzatevi
2090 3283 2220 3343 che
2267 3302 2361 3343 ne
2410 3300 2635 3361 segua
2682 3280 2725 3341 il
2778 3280 2961 3342 iusto
3012 3289 3082 3341 et
3132 3281 3259 3341 de-

681 3377 992 3442 siderato
1039 3380 1214 3451 fine:
1267 3395 1339 3445 et
1385 3385 1586 3447 Bene
1634 3389 1891 3451 valete.

859 3486 1264 3552 Florentiae
1315 3490 1529 3554 XIX.
1580 3492 1817 3555 Martii
1869 3494 2233 3557 MDXXI.
2294 3465 2310 3473 ’

2472 3610 2675 3673 vester
2709 3609 2923 3680 Frater,

2433 3702 2565 3751 Vice
2604 3701 2981 3751 Cancellarius.

1895 4064 2002 4131 50.

1201 4188 1371 4268 Leo
1445 4190 1530 4269 X.
1605 4191 1935 4271 Nobili
2008 4192 2165 4273 vel
2236 4192 2697 4293 praelato,

1627 4328 1825 4399 (Nunt.
1868 4330 2049 4388 Germ.
2086 4329 2147 4389 1..
2187 4331 2291 4393 86.)

1501 4439 1654 4505 (Cum
1681 4440 1870 4489 litteris
1904 4454 1981 4505 14.
2012 4434 2191 4491 Martii
2224 4440 2397 4510 1521.)

849 4557 985 4619 Dii.
1033 4558 1126 4620 fil.
1228 4561 1511 4625 Litteris
1561 4566 1974 4628 nunciorum
2028 4577 2425 4630 nostrorum
2476 4568 3035 4649 testimoniisque
3067 4573 3247 4633 mul-

667 4672 894 4725 torum
955 4666 1042 4726 ad
1113 4688 1240 4728 nos
1287 4673 1639 4750 perlatum
1689 4683 1797 4735 est
1844 4672 2304 4736 Nobilitatem
2353 4686 2543 4737 tuam
2591 4675 2659 4737 in
2710 4676 2843 4737 hac
2893 4678 3251 4741 adversus

669 4768 1048 4833 Lutherum
1125 4795 1336 4837 causa
1401 4776 1470 4839 in
1539 4800 1678 4859 qua
1741 4780 2135 4843 catholicae
2186 4780 2351 4844 fidei
2402 4782 2593 4844 salus
2642 4791 2713 4845 et
2758 4782 3024 4845 veritas
3073 4804 3243 4847 con-

667 4876 982 4960 sistebat,
1043 4891 1312 4945 tantam
1360 4885 1758 4964 prestitisse
1810 4887 2139 4950 virtutem
2189 4909 2269 4950 ac
2322 4890 2743 4951 damnandis
2790 4888 3079 4953 Martini
3130 4912 3239 4954 er-
