3575 5775
1766 469 1781 496 Q

1402 605 1894 690 astiagem

368 772 428 816 a·
458 753 822 836 quibusvis
870 757 1640 839 excommunicationis,
1690 757 2174 841 suspensionis
2223 768 2293 821 et
2339 756 2692 822 interdicti
2735 757 2923 823 aliis-

368 881 504 942 que
552 861 925 925 sententiis
972 864 1289 928 censuris
1337 874 1410 928 et
1453 864 1703 947 poenis
1754 885 1935 946 quae
1968 875 2352 949 propterea
2395 866 2928 949 quomodolibet

366 967 783 1030 incurrisses
834 969 1264 1035 absolvimus
1313 981 1385 1035 et
1430 972 1746 1035 totaliter
1791 971 2191 1035 liberamus,
2287 972 2446 1036 Non
2479 973 2926 1036 obstantibus

366 1075 989 1140 constitutionibus
1038 1089 1110 1141 et
1156 1079 1719 1143 ordinationibus
1776 1079 2219 1162 apostoliciS,
2283 1081 2727 1161 caeterisque
2791 1088 2924 1147 ete.

370 1182 527 1246 Dat.
578 1183 859 1246 Romae
908 1195 1039 1248 etc.
1089 1185 1205 1248 die
1254 1185 1402 1249 XII
1446 1185 1687 1249 Martii
1744 1206 1929 1266 1525.
2781 1197 2784 1201 ’

1569 1755 1695 1820 197

861 1870 1137 1956 Cardia.
1197 1873 1279 1953 de
1332 1807 1812 1974 Letharingia
1867 1871 2210 1952 Clementi
2264 1871 2422 1954 VII.

662 2017 799 2092 (Sub
835 2019 1115 2077 clemente
1150 2019 1274 2078 Vn.
1308 2019 1570 2078 Litterae
1606 2019 1812 2079 divers.
1847 2019 2175 2094 principum.
2211 2019 2354 2078 1525.
2391 2019 2483 2078 fol.
2518 2020 2626 2090 46.)

1373 2134 1476 2193 (12.
1516 2132 1695 2181 Martii
1740 2128 1914 2198 1525.)

538 2261 770 2343 Quum
816 2263 1053 2326 multis
1085 2263 1370 2327 omnino
1409 2264 1812 2327 nominibus
1843 2266 2019 2327 haec
2054 2274 2377 2347 tempora
2411 2285 2541 2328 nos
2575 2263 2921 2348 affligant,

360 2367 782 2432 Beatissime
829 2369 1082 2449 Pater,
1138 2378 1287 2432 tum
1342 2390 1555 2433 unum
1616 2372 1748 2434 hoc
1809 2371 2248 2453 potissimum
2295 2393 2407 2434 me
2458 2372 2593 2436 urit
2640 2393 2721 2434 ac
2771 2392 2917 2434 cru·

362 2475 529 2556 ciat,
583 2475 773 2557 quod
820 2477 955 2538 hoc
1006 2477 1287 2540 demum
1334 2497 1503 2540 vere
1551 2478 1966 2541 calamitoso
2015 2481 2336 2559 saecu10,
2389 2499 2508 2541 eas
2555 2477 2922 2543 videamus

362 2593 675 2662 exortas,
704 2591 822 2644 aut
840 2581 1080 2646 verius
1104 2594 1409 2663 renataS,
1436 2585 1791 2666 haereses,
1820 2605 1999 2667 quae
2020 2606 2161 2648 non
2188 2585 2340 2648 sine
2366 2585 2922 2650 Christianarum

364 2691 751 2752 animarum
834 2688 1111 2770 ingenti
1196 2689 1597 2753 discrimine
1691 2701 1832 2753 tam
1923 2693 2180 2754 multos
2250 2691 2512 2774 ubique
2580 2690 2918 2756 inficiunt.

362 2796 589 2858 Unius
636 2794 961 2858 nimirum
1010 2795 1296 2859 Martini
1328 2795 1620 2860 Lutheri
1670 2817 1910 2879 opera,
1962 2798 2078 2880 'qui
2125 2797 2235 2860 vir
2281 2798 2919 2881 pestilentissimUS,

360 2902 951 2985 pestilentissimis
1026 2905 1167 2966 suis
1235 2904 1625 2985 dogmatis,
1689 2926 1831 2969 non
1895 2905 2122 2988 ipsam
2193 2906 2403 2967 modo
2467 2904 2918 2969 Germaniam

361 3010 611 3073 imbuit
659 3010 853 3073 cuius
892 3010 1257 3074 meliorem
1303 3022 1582 3093 partem
1610 3012 1749 3075 iam
1781 3014 1962 3094 proh
1996 3013 2202 3073 dolor
2233 3012 2554 3074 videmus
2601 3012 2669 3075 in
2717 3033 2916 3095 prae-

363 3138 533 3201 ceps
585 3118 803 3197 abire,
854 3119 982 3180 sed
1032 3128 1103 3181 et
1150 3118 1417 3181 vicinas
1467 3137 1745 3201 quoque
1808 3118 2131 3181 nationes
2185 3117 2494 3200 pessimo
2556 3116 2730 3181 istoc
2781 3118 2914 3182 fer-

362 3234 599 3287 mento
651 3225 751 3287 sic
798 3223 1015 3287 viciat
1066 3225 1611 3307 corrumpitque,
1660 3234 1737 3288 ut
1784 3244 2009 3287 novos
2042 3224 2341 3287 subinde
2373 3244 2542 3287 suae
2590 3224 2918 3289 factionis

362 3332 740 3395 seditiosos
786 3332 1247 3415 perditosque
1297 3334 1583 3396 rabulas
1630 3340 1990 3414 procreet,
2059 3331 2177 3415 qui
2233 3330 2453 3413 ipsius
2512 3333 2918 3415 exemplum

366 3439 607 3520 secuti,
665 3439 757 3501 ad
828 3438 1057 3522 ipsam
1120 3437 1573 3502 christianam
1630 3439 2091 3521 Religionem
2153 3440 2709 3521 perturbandam
2777 3461 2916 3503 non

362 3556 698 3608 verentur
745 3548 1110 3609 accedere.
1206 3545 1414 3627 Quod
1465 3545 1767 3627 quidem,
1820 3567 2028 3628 quum
2074 3545 2336 3627 passim
2373 3566 2554 3608 nunc
2590 3567 2728 3609 non
2778 3567 2918 3610 uno

362 3652 429 3715 in
489 3654 651 3715 loco
712 3653 956 3715 videre
1004 3652 1126 3733 sit,
1185 3662 1333 3716 tum
1396 3662 1467 3717 et
1536 3653 1605 3715 in
1656 3661 1900 3716 nostra
1951 3672 2229 3734 quoque
2276 3652 2582 3715 Metensi
2633 3653 2919 3735 diocesi,

363 3761 549 3821 haud
620 3758 722 3822 ita
792 3760 1069 3841 pridem
1143 3758 1523 3841 contigisse
1591 3759 2088 3839 cognovimus:
2165 3759 2284 3821 ubi
2357 3780 2448 3821 ex
2527 3760 2653 3821 hac
2725 3760 2919 3823 facti-

367 3886 645 3929 osorum
691 3866 1208 3949 impiorumque
1264 3866 1623 3930 hominum
1672 3876 1868 3928 secta
1918 3867 2057 3927 duo
2109 3864 2516 3945 extiterunt,
2568 3866 2686 3947 qui
2735 3868 2918 3928 dam-

364 3973 725 4037 natissima
772 3994 898 4037 sua
947 3974 1292 4053 doctrina,
1343 3972 1664 4036 incautos
1711 3972 2082 4053 imperitae
2131 3971 2598 4034 multitudinis
2649 3970 2919 4035 animos

366 4082 705 4143 seducere
756 4084 1218 4146 conabantur.
1314 4080 1398 4141 Id
1447 4080 1636 4161 quod
1680 4089 1823 4141 turn
1859 4098 2070 4160 quum
2102 4078 2340 4160 reipsa
2374 4079 2920 4161 haudquaquam

366 4188 663 4251 obscure
713 4188 1064 4268 facerent,
1131 4198 1459 4269 essetque
1507 4186 1814 4267 idipsum
1864 4187 1949 4248 ad
2006 4195 2286 4247 nostros
2335 4183 2717 4247 officiarios
2764 4206 2918 4269 per-

364 4295 614 4376 latum,
685 4298 917 4377 probe
980 4294 1289 4358 scientes
1334 4294 1482 4374 illi,
1552 4313 1761 4376 quam
1811 4292 2063 4356 merito
2130 4311 2260 4354 nos
2309 4291 2473 4354 odio
2521 4292 2919 4356 huiusmodi

364 4402 822 4482 pessimorum
872 4401 1232 4464 hominum
1281 4398 1882 4483 conspirationem
1951 4418 2502 4480 prosequamur,
2575 4398 2919 4481 simulque

367 4509 533 4589 quid
558 4508 768 4571 istinc
803 4506 1231 4571 abeuntibus
1268 4508 1474 4570 nobis
1505 4506 1575 4570 in
1621 4506 1976 4569 mandatis
2020 4514 2142 4568 tua
2191 4505 2504 4567 dedisset
2539 4506 2920 4587 SanctitaS‚

369 4615 540 4679 duos
578 4616 737 4679 illos
772 4614 1176 4679 carceribus
1209 4614 1721 4696 mancipandos
1750 4622 2199 4692 curaverunt,
2249 4612 2549 4674 alterum
2583 4611 2918 4676 videlicet

368 4721 439 4785 in
468 4722 647 4787 Vico
681 4722 971 4805 oppid0,
1022 4725 1321 4785 alterum
1370 4742 1542 4785 vero
1592 4719 1663 4783 in
1699 4718 1942 4801 eaipsa
1985 4718 2293 4781 Metensi
2341 4716 2648 4782 civitate.
2723 4718 2920 4800 Quos

368 4829 487 4893 ubi
534 4829 650 4893 diu
700 4832 838 4893 iam
887 4838 1292 4892 asservatos
1340 4829 1902 4910 diligenterque,
1952 4845 2036 4888 ac
2085 4824 2274 4888 omni
2323 4834 2606 4888 servata
2654 4826 2918 4889 christi-

372 4956 543 4999 anae
588 4936 876 5019 pietatis
924 4955 1215 4999 mansue
1248 4937 1459 4999 udine
1509 4932 1747 5019 sepius
1797 4932 2419 5014 commonefactos,
2468 4933 2920 4995 nihilosecius

423 5052 577 5104 Balsa,
602 5055 891 5093 Documenta
909 5054 1185 5094 Luthorana.
2531 5056 2602 5108 28
