3575 5775
1634 563 2131 621 0-4334254

601 714 935 797 quirano,
984 716 1256 777 harano
1304 711 1424 792 gia
1471 710 1891 793 parechiata
1936 712 2007 773 16
2055 709 2517 774 excusatione
2564 730 2697 793 per
2743 720 2998 790 questa
3044 730 3171 771 sua

597 830 960 904 resposta,
1032 821 1121 884 de
1171 838 1312 882 non
1363 820 1585 881 haver
1631 828 1950 901 possut0.
2046 818 2105 880 Il
2168 818 2301 880 che
2348 818 2588 879 hanno
2652 816 2835 879 fatto
2882 815 3029 879 fino
3076 818 3169 879 ad

599 930 811 992 hora:
883 929 1014 991 che
1075 947 1153 989 se
1201 927 1588 989 havessero
1637 928 1883 988 voluto
1951 942 2242 1005 ognuno
2307 944 2440 1005 per
2500 944 2577 987 se
2639 922 2751 986 far
2812 924 2878 985 el
2926 922 3171 985 debito

600 1055 803 1098 como
869 1046 1218 1119 potean0,
1292 1042 1364 1096 et
1408 1052 1629 1096 66661
1696 1042 2003 1115 poten0,
2076 1051 2216 1093 666
2286 1030 2347 1093 51
2392 1032 2702 1095 sarebbe
2767 1030 3049 1094 incorso
3098 1028 3171 1093 in

597 1150 798 1205 tanto
849 1161 1111 1206 errore.

777 1248 867 1311 Et
913 1251 1046 1311 6116
1093 1248 1180 1311 511
1227 1249 1294 1311 61
1341 1266 1512 1309 vero
1562 1247 1696 1308 che
1743 1245 2035 1308 habiino
2084 1244 2393 1325 pessima
2424 1243 2858 1326 intentione,
2909 1254 2982 1307 et
3026 1264 3173 1306 non

600 1356 759 1419 dico
807 1377 946 1419 non
998 1355 1312 1438 possin0,
1362 1374 1476 1416 rna
1524 1374 1664 1415 non
1714 1351 1983 1415 voliino
2032 1352 2336 1433 exequir
2386 1352 2452 1413 el
2484 1351 2850 1433 Mandato,
2898 1351 2958 1414 si
3004 1370 3171 1432 cog-

598 1483 814 1526 nosce
862 1460 1630 1526 evidentissimamente
1679 1480 1812 1543 per
1858 1479 1952 1522 un
1984 1458 2314 1540 Capitolo
2365 1458 2455 1521 de
2503 1457 2703 1521 detta
2735 1458 2983 1521 ultima
3012 1477 3175 1520 con-

599 1570 948 1651 clusione,
1019 1571 1207 1632 dove
1255 1566 1514 1630 (116666
1565 1565 1849 1629 deversi
1894 1564 2179 1629 interim
2238 1585 2373 1647 per
2418 1566 2575 1628 loro
2624 1564 3028 1645 examinat,
3104 1576 3179 1627 et

596 1694 892 1759 separat
953 1676 1006 1739 il
1052 1678 1238 1739 bene
1307 1675 1424 1736 dal
1470 1674 1692 1753 male,
1765 1674 1857 1736 de
1921 1674 1991 1735 le
2058 1690 2279 1756 opere
2348 1672 2437 1735 de
2509 1671 2743 1753 questi
2807 1670 3175 1753 haeretici,

599 1783 934 1848 accioche
977 1782 1388 1846 finalmente
1439 1780 1497 1843 si
1545 1779 1726 1863 sapii
1776 1782 1911 1843 che
1956 1778 2077 1843 via
2124 1780 2184 1841 si
2231 1777 2427 1841 habii
2476 1781 2568 1841 ad
2616 1780 2839 1861 tenir,
2888 1779 2959 1842 16
3007 1779 3175 1860 qual

541 1876 552 1883 ’
597 1910 784 1973 6656,
835 1892 1018 1954 61116
1064 1891 1196 1953 6116
1243 1907 1376 1971 per
1421 1887 1613 1950 mille
1664 1886 1825 1968 capi
1874 1886 1912 1949 ὲ
1960 1885 2175 1967 piena
2220 1888 2312 1949 de
2342 1885 2654 1967 impieta,
2708 1895 2781 1948 et
2809 1886 3178 1966 scandale,

598 2000 691 2061 ad
737 1996 849 2061 dir
908 1998 999 2060 de
1045 2016 1309 2079 pensar
1355 1997 1619 2059 adesso.
1678 1995 1811 2057 che
1859 1992 1977 2055 via
2024 2012 2102 2055 se
2146 1992 2346 2055 habii
2394 1992 2485 2055 ad
2532 1991 2715 2055 tenir
2771 1993 2843 2055 in
2890 1994 2959 2056 le
3007 2013 3179 2057 cose

598 2108 688 2168 de
736 2106 808 2168 16
851 2104 1060 2179 fede;
1109 2103 1170 2166 si
1218 2104 1401 2165 vede
1450 2103 1973 2165 oculatamente
2021 2102 2153 2162 che
2204 2100 2240 2163 ἑ
2291 2110 2540 2162 666116
2596 2102 2930 2181 predetto
2974 2100 3177 2163 Man·

597 2214 786 2276 (1616.
879 2211 1016 2274 Nel
1078 2212 1244 2292 qual
1308 2210 1368 2273 si
1415 2208 1837 2272 commanda
1902 2219 2489 2288 expressamente
2553 2207 2686 2269 che
2744 2206 3178 2289 seguitando

595 2321 668 2383 la
713 2318 1068 2385 sententia
1115 2319 1206 2380 de
1257 2318 1325 2379 16
1373 2313 1588 2379 Sede'
1618 2314 2043 2397 Apostolica
2092 2314 2187 2398 (A
2233 2316 2305 2378 16
2351 2315 2521 2395 qual
2568 2314 2722 2376 sola
2752 2313 3181 2395 appar-tiene

602 2424 874 2488 iudicar
921 2427 1021 2487 tal
1069 2444 1269 2505 cosa,
1343 2432 1414 2485 et
1459 2431 1613 2485 tuto
1675 2423 1742 2484 61
1789 2420 2372 2485 Christianesimo
2422 2421 2458 2483 ὲ
2509 2430 2755 2484 tenuto
2804 2421 2877 2482 in
2924 2431 3183 2503 questa

597 2541 806 2615 parte
871 2532 1223 2614 seguirla,
1295 2549 1498 2593 como
1567 2549 1852 2609 sempre
1900 2529 1995 2590 116
2038 2527 2247 2609 fatto)
2314 2527 2448 2591 tuti
2505 2527 2738 2609 questi
2786 2527 2949 2591 libri
3016 2548 3181 2591 curn

597 2640 835 2721 quello
885 2640 1016 2702 6116
1063 2639 1140 2701 16
1188 2638 1328 2702 6551
1375 2658 1452 2701 56
1501 2636 1871 2715 66611666,
1922 2654 1961 2698 6
2012 2638 2183 2715 ben,
2256 2656 2299 2699 o
2346 2635 2531 2697 male
2582 2635 2763 2697 siino
2810 2633 3181 2716 prohibiti,

600 2756 673 2810 et
719 2747 836 2809 del
885 2754 1038 2809 tuto
1090 2746 1184 2809 da
1229 2744 1647 2808 annihilare.
1742 2743 1803 2806 11
1850 2744 1982 2806 che
2028 2743 2101 2805 in
2150 2741 2357 2805 simili
2406 2741 2553 2805 casi
2602 2762 2883 2824 sempre
2930 2741 3007 2805 fu
3054 2745 3181 2805 ob·

598 2863 883 2918 servato
935 2864 1008 2917 et
1053 2853 1146 2917 da
1195 2852 1244 2917 11
1293 2850 1630 2935 Apostoli
1677 2870 1880 2914 come
1928 2870 2157 2933 appar
2204 2856 2299 2914 ne'
2342 2850 2391 2913 li
2440 2848 2592 2931 atti,
2639 2858 2713 2912 et
2758 2850 2851 2912 da
2897 2848 2947 2912 li
2991 2850 3177 2913 Pon-

597 2961 804 3043 tifici,
873 2970 944 3024 et
990 2960 1379 3025 universali
1427 2952 1758 3040 Concilii,
1826 2960 2111 3040 quando
2162 2977 2241 3019 se
2287 2958 2382 3020 ha
2428 2964 2723 3020 trattato
2772 2957 2863 3020 de
2912 2957 2961 3020 11
3007 2944 3179 3020 libri

598 3069 690 3132 de
738 3069 1140 3150 Haeretici,
1203 3069 1255 3131 li
1317 3067 1511 3149 quali
1559 3086 1636 3129 se
1683 3085 1827 3129 non
1877 3067 2265 3128 havessero
2331 3063 2402 3126 in
2452 3083 2529 3126 se
2590 3065 2895 3144 qualche
2958 3081 3178 3146 appa-

597 3174 828 3238 rentia
875 3176 964 3237 de
1012 3177 1204 3237 bono
1253 3195 1397 3236 non
1430 3176 1823 3237 sarebbero
1872 3171 2255 3254 periculosi
2303 3170 2635 3234 6661666
2682 3171 2775 3232 (16
2801 3169 2914 3232 far
2946 3170 3179 3234 stima.

597 3281 688 3344 Et
735 3282 974 3362 quello
1024 3284 1156 3359 che
1207 3281 1242 3343 ἐ
1291 3283 1486 3344 bono
1539 3281 1610 3342 in
1659 3282 1851 3361 1616,
1900 3280 2119 3342 molto
2170 3276 2380 3341 melio
2428 3277 2489 3339 si
2536 3287 2775 3357 trova,
2846 3287 2918 3339 et
2964 3297 3185 3340 senza

603 3389 810 3451 alcun
857 3387 1182 3470 pericolo
1231 3407 1320 3450 66
1368 3387 1418 3450 11
1468 3386 1630 3450 libri
1679 3385 2063 3468 approbati
2112 3384 2205 3447 da
2251 3386 2321 3447 la
2370 3383 2675 3447 Chiesia.
2934 3386 2937 3389 ’

781 3497 1070 3557 Ancora
1118 3496 1358 3557 hanno
1411 3496 1746 3556 concluso
1775 3500 2305 3576 presumptuosa
2336 3500 2409 3554 et
2438 3491 2681 3572 iniqua
2714 3489 2999 3572 mente,'
3022 3493 3181 3570 che,

601 3622 646 3664 a
674 3611 925 3683 questo
961 3599 1105 3663 San
1141 3600 1453 3664 Martino
1483 3601 1813 3683 proxime
1841 3600 2081 3662 futuro
2113 3599 2173 3661 si
2204 3597 2649 3680 congregino
2697 3596 2766 3660 in
2800 3595 3017 3680 Spira
3044 3598 3183 3660 tuti

600 3707 650 3772 li
697 3708 862 3771 stati
897 3711 1078 3770 cossi
1113 3707 1598 3772 Ecclesiastici
1646 3727 1845 3771 come
1890 3705 2215 3787 seculari,
2266 3707 2453 3768 dove
2496 3724 2574 3766 se
2605 3703 2800 3768 habii
2846 3725 2891 3766 a
2922 3713 3183 3768 trattar

601 3815 692 3880 de
741 3817 808 3879 16
858 3835 1025 3879 6656
1074 3817 1164 3878 (16
1212 3817 1282 3877 16
1317 3814 1664 3896 Religion
1715 3823 1788 3877 et
1835 3813 2163 3877 doctrina
2196 3811 2629 3883 Christiana;
2682 3827 2853 3873 cosa
2898 3809 2969 3872 in
3002 3829 3178 3875 vero

597 3922 848 4006 impia,
920 3934 992 3986 et
1037 3921 1444 4005 periculosa
1490 3943 1533 3984 a
1579 3923 1650 3986 16
1699 3917 2198 4000 Christianita,
2271 3920 2329 3982 si
2378 3937 2578 3982 come
2627 3939 2669 3980 a
2714 3920 2871 3981 loro
2919 3919 3179 4000 pertie-

597 4049 804 4094 nesse
853 4051 1068 4094 senza
1115 4031 1184 4093 el
1231 4049 1412 4113 capo
1483 4030 1572 4092 de
1619 4030 1691 4091 la
1739 4027 2024 4091 Chiesia
2072 4027 2433 4109 disputar,
2504 4046 2546 4089 o
2596 4025 2891 4088 decider
2936 4027 3027 4088 de
3076 4028 3178 4090 tal

599 4137 931 4218 materia,
994 4146 1068 4201 et
1113 4158 1256 4200 non
1303 4137 1427 4219 piu
1475 4145 1662 4198 tosto
1713 4135 1967 4198 obedit
2028 4135 2076 4197 li
2124 4135 2232 4196 sui
2291 4131 2643 4216 superiori
2706 4141 2778 4195 et
2824 4133 3025 4195 viver
3072 4155 3177 4197 se-

597 4245 828 4307 cundo
895 4245 962 4307 el
1008 4245 1143 4307 rito
1209 4245 1302 4308 da
1362 4246 1432 4309 16
1479 4246 1644 4326 lege
1692 4243 1955 4306 Divina
2026 4252 2097 4305 et
2144 4243 2451 4304 humana
2512 4240 2872 4320 instituto,
2944 4250 3021 4305 et
3078 4241 3177 4304 fin

595 4352 715 4434 qui
763 4351 1202 4415 continuato,

769 4458 1219 4522 Finalmente
1284 4461 1520 4522 hanno
1571 4459 1908 4521 concluso
1978 4459 2067 4518 de
2128 4475 2438 4520 renovar
2506 4456 2574 4516 la
2622 4454 2921 4518 materia
2987 4455 3079 4518 de
3128 4455 3177 4518 11

592 4565 912 4646 gravami
962 4574 1216 4627 contra
1265 4567 1335 4628 16
1365 4563 1556 4629 Sede
1591 4565 2014 4649 Apostolica
2062 4572 2136 4626 et
2183 4565 2250 4626 el
2284 4559 2490 4626 Stato
2524 4561 3031 4625 Ecclesiastico
3084 4563 3174 4626 de

593 4669 1018 4752 Germania,
1079 4672 1395 4736 secundo
1445 4674 1516 4736 la
1563 4672 1793 4736 forma
1838 4691 2053 4753 presa
2118 4670 2189 4732 in
2238 4672 2307 4732 la
2354 4669 2745 4751 penultima
2798 4667 3050 4732 Diaeta
3098 4671 3177 4732 de

589 4776 1075 4863 Norz‘mberga,
1140 4799 1283 4842 non
1341 4782 1672 4844 obstante
1723 4780 1854 4842 che
1903 4777 2119 4860 quelli
2168 4777 2493 4859 gravami
2548 4795 2683 4859 per
2728 4778 2797 4840 la
2844 4775 3175 4858 maggior

591 4893 807 4972 parte
855 4880 1036 4950 siino
1086 4885 1285 4968 falsi,
1361 4897 1434 4950 et
1478 4886 1732 4969 iniqui,
1804 4895 1878 4950 et
1922 4884 1994 4948 in
2044 4885 2279 4949 alcuni
2329 4883 2516 4947 lochi
2564 4882 2848 4948 erronei
2908 4892 3052 4946 tam
3102 4882 3175 4948 in
