3575 5775
1692 574 2188 633 0-<35268>-0

662 738 799 801 q-ue
848 719 1151 802 gloriam
1212 731 1280 783 et
1330 721 1487 788 Deo
1554 730 1624 784 et
1688 724 1954 787 mundo
2019 735 2092 791 et
2139 726 2481 808 singulari
2532 726 2773 791 virtuti
2824 736 3106 793 vestrae
3155 738 3230 793 et

663 828 1145 910 expectationi
1210 838 1623 897 cunctarum
1684 832 2000 912 gentium
2051 834 2418 899 exhibere.
2461 835 2724 899 Datum
2775 836 3040 899 XXIII
3085 836 3232 899 Au·

661 934 853 1017 gusti
898 935 1306 1003 MDXXV.
1398 937 1613 1001 Anno
1662 940 2000 1003 secundo.

1342 1531 1347 1542 ,
1410 1537 1417 1546 ,
1865 1466 2018 1533 248.

1226 1592 1547 1673 Clemens
1602 1590 1758 1672 VII.
1819 1592 2240 1673 Treverensi
2295 1592 2684 1674 cardinali.

738 1736 745 1743 ’
810 1714 1096 1821 (blamont.
1132 1743 1254 1806 ΠΙ.
1290 1743 1572 1821 Epistolae
1610 1748 1685 1805 ad
1718 1743 1994 1823 principe·
2031 1764 2131 1823 pei·
2168 1749 2494 1808 Sadoletum
2531 1752 2779 1824 scriptae
2813 1750 2903 1809 fol.
2939 1750 3076 1823 201.)

1640 1875 1748 1945 (23.
1788 1878 2020 1939 Augusti
2064 1880 2233 1941 1525.)

839 2021 1043 2085 Ven¹⁸
1094 2022 1347 2086 Frater
1402 2021 1703 2085 salutem
1750 2028 1884 2083 etc.
1995 2018 2353 2101 Quantum
2422 2022 2813 2104 profecerit
2876 2023 2948 2085 in
3010 2024 3228 2086 tantis

660 2129 1087 2195 Germaniae
1149 2130 1461 2192 motibus
1518 2139 1681 2191 tuae
1744 2126 2214 2191 fraternitatis
2274 2128 2499 2191 virtus
2563 2138 2633 2192 et
2693 2131 3072 2211 prudentia
3132 2134 3224 2194 ad

660 2238 1034 2320 impiorum
1081 2237 1444 2300 hominum
1492 2237 1832 2298 turnultus
1880 2235 2237 2297 sedandos
2253 2283 2272 2315 ,
2342 2245 2464 2297 aut
2531 2236 2744 2299 etiam
2806 2237 3016 2301 armis
3078 2237 3222 2301 vin·

662 2345 1028 2425 dicandos‚
1080 2355 1187 2407 est
1234 2344 1441 2407 nobis
1488 2344 1703 2425 plane
1753 2341 2138 2423 cognitum,
2181 2341 2494 2423 nihilque
2527 2364 2786 2406 novum
2819 2345 2910 2407 de
2941 2346 3226 2423 virtute,

661 2464 733 2515 et
778 2453 1125 2534 religione
1170 2462 1297 2515 tua
1340 2451 1837 2516 intelleximus
1931 2447 2189 2515 Sumus
2252 2449 2436 2515 enim
2485 2450 2749 2515 iamdiu
2809 2451 2882 2517 in
2945 2474 3030 2515 ea
3077 2454 3224 2535 opi·

662 2563 901 2638 nione‚
960 2570 1035 2622 ut
1095 2559 1166 2622 in
1234 2568 1304 2620 te
1352 2540 1740 2621 iudicemus
1790 2555 2039 2639 vigere
2103 2560 2506 2638 exemplum
2575 2568 2646 2621 et
2701 2558 2986 2639 pietatis
3051 2580 3228 2643 erga

661 2668 910 2748 Deum,
962 2676 1033 2727 et
1080 2664 1511 2745 integritatis
1560 2662 1884 2725 eximiae.
1981 2664 2162 2725 Illud
2215 2666 2518 2727 maxime
2569 2666 2852 2746 quidem
2918 2688 3048 2730 nos
3107 2670 3222 2730 de-

660 2773 951 2837 lectavit
998 2772 1067 2833 in
1119 2781 1319 2835 tanta
1366 2771 1783 2834 confusione
1849 2790 2078 2833 rerum
2144 2772 2487 2851 omnium,
2553 2784 2623 2835 et
2686 2775 3227 2854 perturbatione

658 2893 883 2960 status
930 2879 1391 2961 ecclesiastici
1436 2879 1536 2942 ita
1584 2877 1919 2942 enituisse
1968 2878 2300 2944 virtutem
2348 2892 2561 2958 tuam,
2597 2891 2674 2942 ut
2719 2880 3225 2963 intelligerent,

662 2988 1135 3066 et‚‚sentirent
1180 2987 1518 3069 improbi,
1588 2985 1856 3052 Summi
1931 2987 2063 3050 Dei
2141 2985 2573 3052 Sacerdotes
2653 2988 2864 3054 etiam
2941 2992 3033 3053 ad
3109 3011 3226 3054 res

656 3117 957 3178 magnas
1006 3096 1469 3175 .temp0rales
1547 3097 1904 3174 gerendas
1986 3094 2287 3159 inveniri
2365 3095 2682 3159 idoneas.
2807 3095 3221 3178 Quanquam

658 3207 1002 3271 nollemus
1048 3223 1233 3284 opus
1278 3201 1496 3265 fuisse
1544 3201 1789 3264 armis:
1840 3202 1966 3264 sed
2016 3201 2075 3264 si
2121 3222 2318 3266 arma
2373 3202 2776 3266 necessaria
2822 3213 3018 3284 sunt,
3079 3223 3223 3269 non

657 3323 823 3376 sunt
881 3289 1005 3374 illa
1065 3309 1545 3392 repudianda,
1608 3308 1982 3390 presertim
2051 3309 2110 3372 si
2171 3310 2261 3370 ad
2327 3309 2944 3373 conservationem
3006 3331 3222 3374 verae

660 3431 731 3484 et
764 3440 980 3484 sanae
1031 3416 1289 3483 Christi
1338 3415 1548 3496 fidei,
1605 3427 1677 3478 et
1724 3418 1818 3478 ad
1865 3415 2302 3496 reipublicae
2352 3415 2798 3480 Christianae
2847 3418 3222 3480 utilitatem

658 3536 943 3608 sumpta
986 3523 1329 3593 fuerunt...
1390 3521 1596 3604 Quod
1644 3522 1715 3584 in
1766 3532 1836 3584 te
1887 3523 2245 3604 evenisse,
2310 3534 2641 3605 tuamque
2688 3522 2904 3586 >animi
2953 3525 3194 3608 magni

662 3634 973 3698 tusdinem
1023 3652 1181 3701 cum
1232 3632 1386 3694 Deo
1438 3639 1509 3694 et
1556 3650 1712 3692 cum
1760 3630 2113 3711 religione
2171 3630 2388 3694 fuisse
2457 3631 2954 3711 coniunctam,
3007 3631 3220 3712 pluri-

652 3762 843 3806 mum
890 3741 1307 3821 gaudemus,
1356 3739 1693 3818 'suaeque
1743 3736 2204 3801 Fraternitati
2252 3739 2342 3800 de
2375 3747 2574 3802 tanta
2605 3737 2960 3820 exquisita
3009 3740 3220 3800 laude

650 3851 1121 3930 gratulamur.
1190 3847 1379 3910 -Nos
1443 3845 1763 3927 quidem,
1825 3845 1942 3927 qui
1999 3845 2126 3908 tibi
2189 3865 2471 3926 semper
2527 3867 2620 3908 ex
2682 3845 2914 3910 animo
2979 3845 3217 3928 affecti

657 3956 956 4036 fuimuS,
1017 3955 1511 4037 insignemque
1582 3973 1755 4034 erga
1818 3963 1888 4016 te
1959 3954 2310 4034 gessimus
2371 3953 2968 4030 benivolentiam,
3033 3956 3219 4018 hanc

658 4075 847 4128 tuam
897 4063 1178 4126 laudem
1230 4061 1549 4125 ducimus
1596 4061 1804 4124 nobis
1853 4081 2040 4142 pene
2074 4081 2512 4126 communem
2545 4081 2700 4124 esse
2734 4071 2987 4141 tecum,
3039 4082 3221 4144 quae

659 4181 729 4234 et
776 4170 835 4234 si
882 4169 1161 4250 magnis
1208 4169 1601 4248 laboribuS,
1631 4179 1703 4231 et
1734 4167 2326 4232 sollicitudinibus
2359 4169 2490 4230 fuit
2531 4167 2772 4248 mixta,
2819 4171 2952 4232 hoc
2985 4179 3220 4250 tamen

656 4277 787 4343 fait.
834 4276 1215 4358 insignior,
1289 4277 1481 4357 quod
1543 4275 1925 4340 illustriore
1991 4277 2418 4340 documento
2481 4275 2848 4356 patefacta
2903 4285 3042 4350 est;
3113 4289 3224 4338 est

658 4385 845 4447 enim
893 4383 1115 4446 virtus
1162 4383 1231 4445 in
1294 4381 1834 4446 difficultatibus
1897 4382 2305 4464 perfectior.
2422 4383 2768 4445 Volumus
2815 4381 3055 4465 itaque
3104 4403 3222 4446 ex-

657 4491 974 4556 istimare
1028 4491 1577 4554 Fraternitatem
1638 4502 1828 4553 tuam
1898 4510 2026 4551 nos
2092 4499 2165 4552 et
2229 4489 2464 4552 multis
2512 4488 2918 4570 praeteritis
2967 4488 3224 4552 officiis

657 4597 785 4662 tibi
844 4618 1001 4660 esse
1062 4598 1433 4662 devinctos
1454 4647 1473 4678 ,
1554 4609 1625 4660 et
1694 4599 1827 4660 hoc
1892 4596 2160 4660 recenti
2227 4606 2488 4659 eventu
2549 4597 2648 4659 ita
2721 4596 3053 4660 incitatos
3125 4599 3218 4658 ad

654 4723 967 4780 amorem
1018 4715 1091 4768 et
1130 4705 1548 4768 charitatem
1595 4703 1717 4784 tui,
1766 4715 1842 4766 ut
1871 4703 2042 4768 nihil
2090 4705 2200 4783 sit,
2251 4706 2442 4784 quod
2491 4715 2603 4766 tua
2641 4723 2878 4782 causa,
2913 4703 3222 4766 Domino

654 4813 1250 4893 adiuvante,-non
1328 4812 1632 4876 libenter
1698 4811 1954 4874 facturi
2011 4812 2226 4873 simus
2361 4811 2509 4874 Nec
2584 4831 2754 4874 vero
2821 4831 3000 4892 opus
3061 4831 3224 4874 esse

656 4931 984 5004 putamus
1034 4928 1101 4984 te
1166 4919 1471 5001 hortari,
1550 4928 1623 4981 ut
1685 4918 1753 4982 in
1819 4917 2150 5003 pristina,
2233 4928 2305 4980 et
2365 4919 2502 4980 iam
2565 4931 2896 5000 suscepta
2961 4917 3226 4982 virtute
