3575 5775
35 445 38 452 ’
35 389 40 408 ““
37 251 48 376 -·“”-Ἲ-

1674 599 2170 656 (ν-<Β4688>-0

1843 981 1994 1046 216.

977 1098 1296 1178 Clemens
1352 1098 1509 1178 VII.
1566 1097 2019 1190 Perdinando
2075 1095 2466 1176 Archiduci
2521 1096 2876 1176 Austriae.

896 1245 1082 1316 (mem.
1120 1245 1212 1304 Π.
1252 1245 1425 1320 Epist.
1468 1246 1542 1304 ad
1577 1247 1854 1320 principes
1891 1262 1993 1319 per
2033 1245 2361 1304 andoletum
2398 1245 2646 1317 scriptae
2681 1243 2772 1302 fol.
2812 1243 2946 1312 154.)

1680 1363 1785 1434 (29.
1829 1369 1958 1416 Maii
2007 1373 2178 1429 1525.)

818 1507 1096 1570 Dilecte
1144 1507 1245 1570 fili
1306 1517 1437 1570 ete.
1534 1507 1771 1571 Lectis
1833 1508 2084 1571 litteris
2147 1510 2318 1588 tuis,
2391 1529 2574 1590 quae
2640 1510 2730 1571 de
2795 1508 3212 1570 tumultibus

647 1615 1058 1698 agrestium,
1109 1625 1179 1677 et
1227 1626 1493 1696 quanto
1543 1615 1609 1677 in
1664 1618 1981 1698 periculo
2013 1616 2365 1678 Nobilitas
2414 1626 2534 1679 tua
2569 1626 2973 1678 versaretur
3006 1613 3212 1676 nobis

639 1723 1094 1804 nunciabant,
1145 1743 1315 1784 sane
1351 1743 1483 1804 pro
1520 1745 1627 1803 e0,
1678 1723 1859 1786 sicut
1899 1725 2289 1806 debuimuS,
2339 1725 2670 1788 commoti
2704 1724 2997 1792 fuimus:
3047 1743 3210 1785 nam

640 1839 711 1893 et
761 1829 1129 1911 dignitatis
1179 1839 1393 1912 atque
1442 1831 1884 1892 auctoritatis
1935 1841 2098 1893 tuae
2149 1833 2601 1894 conservatio
2652 1841 2721 1894 et
2766 1834 2955 1894 salus
2995 1829 3212 1893 totius

640 1935 1111 2000 Germanicae
1152 1937 1499 2019 NationiS,
1551 1959 1759 2019 quam
1809 1939 2302 2019 prolabentem
2354 1949 2424 2001 et
2473 1942 2562 2001 ad
2614 1939 2968 2001 interitum
3021 1938 3211 2000 incli-

638 2054 881 2108 natam
912 2053 1312 2108 sustentare
1362 2047 1593 2126 quoad
1628 2066 2001 2128 possumus
2051 2067 2286 2108 sumus
2328 2046 2588 2128 cupidi,
2641 2065 2968 2128 magnam
3003 2045 3212 2106 nobis

640 2173 881 2215 curam
944 2153 1373 2232 iniecerunt,
1447 2163 1519 2213 ut
1585 2153 1744 2214 Tibi
1809 2173 1948 2215 non
2013 2156 2424 2216 deessemus
2487 2167 2730 2218 nostra
2794 2175 2932 2234 ope
2995 2165 3210 2234 atque

641 2260 931 2340 auxiliO,
980 2268 1196 2341 atque
1245 2259 1313 2321 in
1364 2259 1691 2322 maximis
1740 2260 2000 2322 nostris
2051 2272 2121 2323 et
2161 2259 2364 2324 Sedis
2397 2261 2864 2342 Apostolicae
2913 2259 3207 2322 difficul-

643 2365 930 2448 tatibuS,
982 2387 1157 2447 quas
1204 2366 1335 2428 tibi
1385 2387 1541 2429 esse
1590 2366 1992 2430 notissimas
2041 2367 2326 2448 scimuS,
2379 2367 2646 2449 aliquid
2695 2380 2926 2429 tamen
2980 2387 3208 2429 corra-

643 2474 989 2554 deremuS,
1040 2493 1178 2555 quo
1227 2482 1302 2534 tu
1351 2474 1611 2537 amoris
1660 2473 1882 2536 nostri
1933 2487 2002 2536 et
2051 2474 2265 2536 studii
2315 2476 2404 2536 de
2455 2485 2575 2537 tua
2623 2476 2850 2538 salute
2899 2475 3210 2536 testimo-

642 2580 834 2644 nium
896 2583 1164 2644 habere
1229 2583 1563 2663 locuplex
1625 2601 1896 2662 posseS.
1992 2583 2068 2644 In
2150 2601 2290 2662 quo
2353 2581 2481 2642 tibi
2545 2581 2860 2644 subsidio
2926 2581 3210 2663 conqui-

644 2690 866 2751 rendo
914 2688 1285 2771 praeclara
1334 2690 1664 2751 voluntas
1694 2689 1878 2751 Ven.
1929 2689 2225 2751 fratrum
2255 2699 2654 2751 nostrorum
2696 2690 2766 2750 ὃ.
2804 2689 2896 2750 R.
2933 2689 3010 2751 E.
3045 2688 3210 2750 Car-

646 2795 983 2860 dinalium
1032 2781 1287 2876 extitit,
1336 2816 1633 2877 quorum
1677 2817 2042 2858 assensum
2077 2795 2345 2877 aliquot
2388 2817 2476 2858 ex
2521 2796 2810 2877 reliquis
2845 2795 3215 2858 ordinibus

644 2904 1041 2985 consecuti,
1116 2925 1455 2967 summam
1520 2906 1873 2987 quandam
1925 2904 2272 2987 pecuniae
2332 2906 2462 2967 sub
2511 2904 2652 2965 fide
2703 2916 2946 2966 nostra
2993 2904 3212 2966 liben-

647 3011 836 3075 tibus
885 3012 1137 3075 animis
1186 3012 1638 3075 contribuere
1687 3011 1984 3094 polliciti
2035 3022 2215 3092 sunt,
2267 3032 2496 3092 neque
2532 3013 2718 3073 enim
2749 3010 2955 3074 aliter
3002 3032 3214 3092 quam

646 3139 738 3182 ex
785 3120 1054 3182 tributo
1106 3128 1177 3182 et
1224 3129 1465 3182 mutuo
1498 3118 1749 3182 confici
1790 3139 1907 3181 res
1943 3120 2202 3200 potuit;
2241 3140 2326 3181 eo
2361 3120 2744 3181 deventum
2779 3130 2888 3181 est
2919 3130 3217 3201 propter

647 3226 1087 3290 calamitates
1144 3227 1585 3307 superiorum
1652 3238 2084 3309 temporum,
2135 3236 2211 3288 ut
2268 3224 2502 3289 Sedes
2563 3227 2980 3307 Apostolica
3031 3248 3214 3307 quae

644 3341 807 3397 ante
857 3333 1218 3415 oppressis
1265 3332 1521 3396 iniuste
1566 3334 2020 3414 Principibus
2069 3334 2460 3397 liberaliter
2508 3334 2999 3411 subveniebat,
3048 3334 3212 3396 alie-

649 3461 810 3502 nam
861 3461 1042 3503 nunc
1090 3440 1249 3523 ipsa
1297 3461 1506 3524 opem
1555 3450 1626 3502 et
1673 3440 2174 3503 liberalitatem
2228 3452 2614 3522 expectare
2664 3452 2984 3523 cogatur.
3081 3440 3214 3503 Ita·

654 3568 791 3629 que
850 3548 1212 3631 descripta
1274 3558 1433 3611 sunt
1490 3548 1826 3611 continuo
1897 3548 2054 3609 XX
2131 3548 2322 3611 milia
2402 3569 2780 3611 aureorum
2843 3570 3024 3629 quae
3085 3548 3216 3612 tibi

654 3656 811 3718 istic
860 3658 1205 3718 solvenda
1232 3656 1723 3719 mandavimus
1755 3656 1869 3719 hic
1901 3665 2154 3739 postea
2187 3654 2466 3718 Rornae
2500 3677 2630 3737 per
2661 3678 2792 3719 nos
2823 3656 3215 3737 reddenda,

652 3761 1207 3843 conabimurque
1256 3764 1523 3845 aliquid
1588 3764 1890 3845 amplius
1951 3764 2160 3827 etiam
2221 3764 2478 3826 deinde
2541 3784 2796 3845 parare
2859 3762 2918 3825 si
2976 3775 3216 3827 tamen

649 3874 960 3953 probare
1010 3877 1082 3933 et
1138 3872 1518 3934 ostendere
1581 3870 2020 3952 potuerimus
2082 3870 2189 3933 his
2252 3869 2370 3951 qui
2429 3870 2880 3933 contribuunt
2941 3892 3082 3934 non
3145 3872 3216 3934 in

650 4000 780 4043 nos
828 3979 1020 4041 solos
1068 3986 1291 4040 totum
1341 3997 1519 4039 onus
1580 3976 1920 4040 reiectum
1997 3998 2192 4057 esse,
2265 3980 2390 4039 sed
2457 3990 2526 4040 et
2577 3978 2831 4040 Noboem
2887 3988 3079 4041 tuam
3147 3990 3218 4039 et

650 4095 977 4149 coeteros
1024 4083 1451 4148 Germaniae
1501 4084 1873 4168 Principes
1921 4105 2052 4165 pro
2103 4104 2229 4147 sua
2292 4087 2518 4148 salute
2583 4096 2652 4147 et
2701 4086 3048 4169 dignitate
3111 4106 3216 4148 re-

648 4194 940 4256 tinenda
998 4213 1223 4274 aeque
1273 4213 1356 4255 ac
1406 4213 1535 4256 nos
1584 4202 1653 4255 et
1701 4194 2031 4255 laborare
2081 4202 2150 4255 et
2200 4192 2545 4255 conferre.
2641 4192 2822 4255 Nam
2871 4192 3061 4274 quod
3109 4212 3214 4255 or-

650 4299 798 4362 dini
846 4300 1331 4363 ecclesiastico
1381 4300 1453 4363 in
1503 4299 1653 4361 istis
1719 4299 2134 4379 regionibus
2196 4300 2630 4382 periclitanti
2695 4299 3216 4377 subveniamu5‚

651 4406 1020 4469 videamur
1090 4406 1389 4469 forsitan
1460 4426 1609 4469 rem
1684 4406 2136 4489 profligatam
2218 4408 2558 4479 curaturi:
2633 4407 2954 4470 audimus
3030 4408 3218 4469 enim

649 4513 913 4596 passim
946 4514 1181 4577 omnia
1210 4515 1659 4577 sacerdotum
1692 4514 1867 4593 iura,
1919 4516 2306 4593 commoda,
2358 4524 2795 4594 ornamenta,
2844 4513 3220 4595 impiorum

649 4619 887 4702 potius
935 4620 1232 4683 avaritia
1280 4640 1491 4702 quam
1537 4621 1722 4685 iusto
1765 4620 1952 4703 odio,
1991 4623 2303 4701 praedae
2353 4631 2422 4683 et
2473 4620 2854 4702 direptioni
2888 4620 3224 4703 exposita

650 4726 892 4809 fuisse,
942 4728 1011 4790 in
1064 4748 1203 4809 quo
1252 4727 1591 4791 mittimus
1638 4727 1965 4791 iniuriam
2013 4727 2274 4789 factam
2331 4727 2798 4809 omnipotenti
2847 4728 3047 4808 Deo,
3107 4728 3219 4790 cui

652 4855 809 4899 cum
857 4837 950 4898 ab
997 4834 1269 4917 ignaris
1319 4836 1531 4899 etiam
1590 4838 1756 4899 dum
1818 4856 2033 4898 verae
2095 4832 2259 4895 fidei
2327 4834 2662 4915 gentibus
2723 4834 2779 4896 is
2843 4836 3222 4915 coleretur,

652 4951 803 5006 erat
851 4952 1087 5006 tamen
1136 4940 1347 5005 tertia
1394 4942 1545 5005 fere
1593 4961 1762 5024 pars
1811 4941 2248 5005 terrestrium
2297 4961 2508 5022 opum
2560 4943 2629 5005 in
2683 4940 2872 5022 agris
2930 4950 3002 5005 et
3056 4962 3222 5025 pos-

2203 5076 2226 5108 Ι
