3575 5775
1479 534 1592 620 νε
1671 568 1741 621 37
1822 568 1937 621 cm

415 711 671 775 stianis
737 732 892 775 esse
956 713 1049 774 ad
1117 734 1323 794 quem
1373 712 1602 793 magis
1651 734 1861 794 quam
1911 716 2003 775 ad
2053 712 2545 775 celsitudinem
2596 720 2791 774 tuam
2839 732 2992 793 per-

411 818 644 882 tineat
707 819 1074 883 nobiscum
1139 840 1272 902 pro
1334 820 1730 883 catholicae
1796 819 1963 883 fidei
2028 821 2300 882 unitate
2357 821 2687 882 laborare
2738 839 2991 900 oppor-

412 935 730 1006 tuneque
793 927 1210 1009 providere,
1265 936 1334 989 et
1383 928 1573 1007 quod
1623 935 1905 991 veteres
1955 926 2287 989 catholici
2335 927 2804 1009 imperatores
2852 936 2995 988 tam

411 1055 456 1095 e
509 1031 819 1095 Graecia
882 1053 1094 1114 quam
1143 1032 1482 1097 Germani
1544 1053 1685 1097 non
1743 1036 1971 1097 solum
2039 1034 2252 1097 exilio
2304 1044 2374 1097 et
2422 1034 2628 1116 penis
2677 1034 2804 1097 sed
2853 1032 2996 1096 suis

413 1140 635 1204 etiam
684 1140 1179 1203 sacratissimis
1243 1141 1525 1222 legibus
1595 1162 1841 1205 omnes
1891 1163 1932 1203 a
1983 1142 2397 1205 Catholicae
2444 1141 2813 1222 religionis
2860 1148 3037 1219 tra-0

413 1248 588 1309 mite
641 1247 1012 1309 deviantes
1058 1249 1414 1311 hereticos
1463 1248 1770 1330 censeri,
1837 1270 1918 1311 ac
1972 1249 2035 1311 ei
2095 1248 2454 1312 hominum
2512 1248 2761 1329 generi
2822 1247 2996 1309 nihil

411 1376 512 1417 ex
563 1354 957 1417 rationibus
1007 1355 1181 1417 nihil
1231 1376 1322 1418 ex
1371 1356 1655 1438 legibus
1704 1376 2076 1419 commune
2142 1376 2299 1419 cum
2364 1355 2698 1435 caeteriS,
2769 1354 2994 1437 publi·

410 1482 722 1543 cumque
769 1462 904 1523 hoc
958 1462 1220 1525 crimen
1275 1483 1432 1527 esse
1481 1463 1907 1536 decrevere;
1960 1464 2126 1544 quia
2174 1464 2367 1545 quod
2414 1462 2485 1525 in
2534 1462 2995 1541 Religionem

411 1568 733 1631 divinam
782 1569 1240 1633 committitur
1287 1569 1359 1632 in
1410 1591 1657 1635 omnes
1706 1570 2045 1635 committi
2095 1591 2179 1633 ac
2230 1570 2556 1634 omnibus
2603 1569 2855 1650 injuria
2897 1568 2992 1630 in·

409 1674 593 1739 ferri
651 1676 970 1757 videtur,
1039 1686 1110 1739 et
1175 1698 1298 1740 eos
1362 1678 1480 1760 qui
1549 1678 1719 1742 talia
1782 1686 2277 1760 presumerent
2337 1678 2409 1740 in
2459 1678 2791 1740 Romano
2842 1677 2994 1739 solo

414 1783 907 1846 commorandi
956 1804 1096 1846 non
1149 1784 1414 1847 debere
1462 1787 1732 1849 habere
1781 1785 2234 1866 facultatem,
2304 1784 2617 1865 quinimo
2666 1783 2835 1845 nihil
2886 1783 2997 1845 his

413 1890 918 1971 reliquendum
979 1890 1118 1953 loci
1182 1912 1340 1955 esse
1409 1892 1529 1975 qui
1581 1892 1754 1977 ipsis
1804 1894 2016 1956 etiam
2076 1892 2447 1971 elementis
2508 1891 2834 1955 iniuriam
2896 1890 2995 1953 fa-

413 2006 698 2067 cerent:
768 2018 902 2060 nec
969 2001 1196 2061 solum
1255 1999 1733 2063 hereticorum
1782 2020 2127 2081 personas
2178 2000 2305 2061 sed
2354 2019 2597 2063 eorum
2644 2000 2865 2063 libros
2913 2020 2997 2061 ac

411 2113 876 2169 monumenta
924 2106 1306 2188 persecuti,
1355 2108 1476 2170 illa
1523 2108 1810 2189 ignibus
1860 2108 2044 2169 tradi
2080 2107 2618 2185 mandaverunt,
2668 2127 2758 2169 ne
2806 2106 2996 2169 vide-

413 2213 589 2275 licet
659 2214 840 2275 adeo
913 2212 1315 2277 facinorose
1387 2215 1880 2297 perversitatis
1950 2214 2255 2296 vestigia
2341 2224 2673 2277 extarent
2760 2216 3001 2295 aliqua

415 2320 554 2383 sed
595 2318 895 2383 flammis
944 2323 1314 2384 combusta
1362 2322 1647 2404 penitus
1697 2343 1790 2385 ex
1840 2322 2239 2403 hujusmodi
2288 2322 2511 2384 oculis
2557 2329 2628 2383 et
2662 2321 2999 2383 memoria

417 2429 846 2490 tollerentur
878 2448 962 2490 ac
995 2426 1452 2509 immaginem
1484 2430 1774 2509 sceleris
1802 2440 1874 2491 et
1899 2428 2255 2510 sacrilegii
2283 2427 2840 2509 magnitudinem
2866 2448 2999 2509 par

414 2555 614 2617 pena
673 2545 1113 2617 sequeretur.
1209 2536 1411 2599 Haec
1467 2558 1599 2599 nos
1648 2538 1885 2599 clarae
1933 2556 2315 2599 memor:ae
2364 2536 2997 2619 praedecessorum

417 2656 706 2705 tuorum
753 2642 1077 2705 facinora
1127 2644 1427 2724 egregia
1473 2647 1688 2726 plena
1739 2644 2134 2727 sapientiae
2185 2653 2256 2706 et
2304 2664 2521 2707 verae
2552 2642 2859 2724 pietatiS,
2908 2644 2995 2704 de

415 2770 721 2832 quorum
753 2751 986 2831 gloria
1027 2751 1220 2813 nulla
1267 2772 1577 2833 unquam
1627 2761 1827 2814 aetas
1877 2750 2332 2831 conticescet,
2383 2750 2591 2813 nobis
2640 2759 2804 2812 ante
2838 2768 2995 2812 ocu-

415 2860 534 2922 los
565 2868 1052 2941 proponentes
1104 2878 1186 2922 ac
1237 2878 1394 2922 cum
1443 2870 1564 2923 tua
1613 2859 2038 2924 celsitudine
2088 2858 2564 2938 conferenteS,
2615 2877 2742 2938 spe
2800 2867 2998 2920 certa

415 2987 663 3030 sumus
713 2986 891 3048 quos
937 2975 1013 3028 tu
1064 2966 1396 3030 coelestis
1445 2987 1620 3048 erga
1667 2988 1744 3030 se
1793 2966 2309 3030 beneficentiae
2359 2967 2562 3030 donis
2604 2965 2836 3028 vicisti
2871 2985 2995 3027 eos

416 3074 638 3138 etiam
669 3073 936 3155 pietate
985 3074 1054 3136 in
1082 3075 1316 3137 Deum
1367 3085 1436 3136 et
1485 3075 1675 3138 omni
1724 3076 1985 3138 virtute
2017 3076 2121 3138 Te
2171 3082 2685 3155 superaturum.
2768 3071 2993 3152 Quem

418 3181 612 3244 enim
661 3201 970 3262 unquam
998 3183 1194 3244 Deus
1244 3203 1370 3244 sua
1418 3181 1721 3245 mirabili
1771 3181 2224 3264 providentia
2272 3191 2413 3244 tam
2468 3179 2718 3242 virenti
2760 3189 2995 3242 aetate

417 3291 518 3354 ad
583 3309 924 3354 summum
985 3289 1356 3371 imperium
1419 3290 1742 3370 vocavit,
1816 3289 1929 3351 cui
1990 3289 2261 3372 largius
2324 3298 2395 3351 et
2456 3287 2527 3350 in
2588 3289 2859 3349 honore
2927 3297 2999 3349 et

417 3399 494 3460 in
528 3396 778 3459 iuditio
809 3396 1100 3460 indulsit
1129 3399 1482 3478 unquam?
1549 3395 1775 3476 Quem
1826 3396 2208 3479 majoribus
2259 3403 2330 3457 et
2375 3394 2803 3457 firmioribus
2852 3414 2995 3456 sur·

419 3523 600 3585 gere
665 3502 1146 3568 fundamentis
1207 3515 1278 3566 et
1342 3503 1473 3566 nisi
1540 3504 1631 3565 ad
1681 3504 2186 3584 amplissimam
2235 3503 2518 3564 laudem
2567 3503 2996 3583 sperandam

417 3609 688 3688 voluit,
749 3609 1062 3672 accinxit
1109 3621 1178 3672 te
1228 3621 1556 3674 terrenae
1619 3612 1997 3694 potestatis
2046 3631 2378 3692 supremo
2444 3609 2719 3690 gladio,
2786 3630 2995 3689 quem

419 3719 691 3780 frustra
757 3717 1084 3800 profecto
1145 3717 1419 3780 sereres
1476 3719 1680 3800 juxta
1731 3719 1936 3780 Pauli
1989 3717 2322 3800 Apostoli
2389 3715 2813 3778 sententiam
2864 3712 2996 3776 nisi

418 3846 510 3888 eo
559 3835 842 3888 uterere
891 3845 1047 3886 curn
1097 3826 1444 3888 adversus
1491 3825 1817 3889 infideles
1866 3835 2013 3888 tum
2061 3836 2309 3888 contra
2341 3823 2743 3886 infidelibus
2776 3823 2993 3884 multo

417 3933 821 3996 deteriores
887 3931 1306 3995 haereticos,
1403 3933 1558 3996 Hac
1629 3954 1804 4015 ergo
1879 3945 2043 3995 tuae
2115 3930 2639 4014 magnitudiniS,
2708 3951 2847 4011 qua
2922 3939 2995 3990 ut

414 4039 722 4122 imperio
769 4039 870 4104 ita
925 4040 1194 4122 pietate
1243 4061 1401 4104 esse
1450 4042 1759 4104 maxima
1822 4042 2065 4122 debes,
2134 4061 2263 4122 spe
2328 4039 2512 4116 freti,
2580 4036 2852 4117 tibique
2918 4037 2991 4098 in

415 4148 834 4211 memoriam
899 4149 1325 4210 reducentes
1388 4149 1572 4211 hanc
1630 4149 1927 4229 primam
1980 4168 2135 4212 esse
2187 4148 2499 4210 oblatam
2550 4143 2992 4206 occasionem

417 4253 836 4317 declarandi
885 4275 1094 4334 quam
1147 4253 1273 4316 tibi
1321 4255 1554 4317 unitas
1605 4264 1675 4316 et
1723 4254 1922 4336 quies
1972 4255 2367 4318 catholicae
2418 4251 2765 4314 ecclesiae
2797 4251 2997 4313 cordi

415 4363 534 4441 sit,
585 4360 1080 4424 celsitudinem
1129 4372 1324 4424 tuam
1373 4364 1740 4424 hortamur
1787 4363 1859 4423 in
1894 4361 2199 4424 Domino
2252 4369 2322 4424 et
2372 4381 2501 4441 per
2549 4359 2827 4421 viscera
2878 4356 2993 4421 mi—

414 4468 858 4532 sericordiae
919 4468 1056 4531 Dei
1123 4469 1630 4552 omnipotentis
1691 4469 2113 4550 requirimus
2174 4479 2287 4546 ut,
2341 4469 2749 4530 eorumdem
2798 4487 2993 4528 more

413 4575 1058 4658 praedecessorum
1109 4585 1385 4638 tuorum
1437 4575 1554 4658 qui
1591 4576 1941 4639 Romanis
1976 4574 2441 4638 Pontificibus
2491 4577 2992 4657 praedecesso-

415 4683 618 4746 ribus
681 4682 938 4744 nostris
997 4682 1069 4744 in
1116 4686 1333 4746 rebus
1384 4683 1616 4746 dubiis
1666 4704 1749 4745 ac
1798 4683 2217 4765 periculosis
2265 4703 2545 4766 semper
2596 4683 2993 4760 astiterunt,

415 4792 604 4854 velis
653 4801 990 4872 tanquam
1041 4789 1373 4871 princeps
1427 4791 1851 4868 catholicuS,
1903 4800 1973 4852 et
2022 4791 2109 4852 de
2160 4810 2297 4870 quo
2350 4790 2585 4852 omnia
2632 4810 2814 4870 quae
2865 4809 2994 4872 per

415 4911 492 4962 te
539 4919 674 4980 pro
723 4897 890 4960 fidei
940 4897 1334 4961 catholicae
1386 4901 1822 4962 exaltatione
1872 4896 2176 4979 prestari
2226 4907 2543 4979 possunt,
2596 4897 2799 4960 nobis
2834 4917 2991 4978 pro-
