3575 5775
1311 558 1875 642 '0-43395&

342 725 466 809 qui
513 736 588 803 et
633 728 839 791 Buda
909 749 1040 811 per
1086 738 1540 794 trattamento
1615 732 1685 793 di
1747 741 1999 813 questa
2048 750 2215 793 cosa
2265 750 2385 793 era
2454 728 2709 791 inditta
2764 746 2905 790 una

343 834 539 899 dieta
586 837 679 898 ad
725 835 986 900 festum
1033 836 1242 901 trium
1291 838 1620 920 Regum,
1685 850 1754 901 et
1820 837 2216 920 pregommi
2276 836 2464 900 assai
2520 834 2626 898 ch'
2670 834 2741 898 io
2788 854 2905 898 vo-

341 942 530 1005 lesse
575 941 1013 1023 trovarmivi‚
1058 943 1488 1007 offerendosi
1537 945 1610 1008 di
1659 954 2016 1009 accettare
2065 943 2236 1026 ogni
2282 946 2583 1007 honesta
2631 941 2907 1005 condic-

341 1049 548 1112 cione
597 1050 670 1112 di
718 1052 1026 1113 accordo
1074 1054 1128 1114 sl
1179 1052 1312 1115 che
1369 1072 1500 1134 per
1564 1052 1662 1115 lui
1723 1073 1864 1116 non
1934 1050 2334 1117 manchara.
2429 1050 2724 1133 Risposi
2774 1052 2908 1113 che

341 1178 388 1219 a
434 1168 686 1238 questo
733 1158 974 1239 porrei
1023 1158 1195 1241 ogni
1258 1179 1481 1241 opera
1537 1159 1714 1239 mia,
1776 1160 2038 1241 perche
2107 1162 2251 1222 cosi
2310 1158 2402 1221 mi
2466 1159 2909 1221 comandava

339 1262 426 1327 N.
457 1261 566 1337 S.;
617 1266 1080 1329 concludemo
1131 1268 1263 1329 che
1312 1266 1372 1329 si
1421 1268 1797 1330 mandasse
1846 1268 1894 1329 li
1924 1266 2142 1329 Brevi
2192 1276 2263 1328 et
2295 1265 2642 1329 scrivesse
2676 1286 2719 1327 a
2747 1263 2907 1327 tutti

345 1370 396 1432 li
443 1370 608 1433 altri
660 1371 792 1434 che
838 1373 1220 1436 volessono
1269 1374 1516 1437 venire
1563 1375 2141 1457 personalmente
2190 1394 2232 1437 a
2280 1374 2479 1437 detto
2544 1382 2785 1454 tempo
2833 1371 2901 1433 in

339 1478 544 1541 detto
593 1479 881 1559 luogh0,
931 1498 1066 1542 con
1115 1480 1296 1543 darli
1345 1501 1691 1563 speranza
1742 1484 1871 1544 che
1920 1482 2147 1543 anche
2194 1479 2263 1543 io
2312 1500 2423 1542 me
2472 1480 2543 1543 vi
2592 1478 2904 1542 trovarei

339 1596 414 1647 et
447 1582 596 1649 cosi
634 1586 727 1648 ho
772 1585 952 1648 fatto
989 1595 1060 1649 et
1095 1595 1686 1668 oportunamente
1722 1589 2127 1651 mandando
2155 1589 2489 1650 lelettere
2518 1596 2588 1649 et
2614 1587 2661 1648 li
2689 1586 2905 1649 Brevi

337 1692 651 1773 predetti
699 1712 833 1774 per
880 1691 998 1756 via
1045 1692 1296 1757 sicura.
1391 1694 1481 1757 Et
1529 1696 1647 1776 piu
1701 1696 1788 1757 ho
1840 1695 2084 1758 scritto
2133 1696 2201 1757 al
2244 1694 2455 1756 Sermo
2504 1692 2574 1755 di
2606 1692 2905 1755 Polonia

340 1808 412 1860 et
483 1800 874 1862 mandatoli
944 1800 1154 1882 copia
1212 1801 1328 1864 del
1391 1802 1529 1864 mio
1597 1803 1831 1866 Breve
1899 1803 2097 1865 accio
2166 1804 2296 1864 che
2360 1820 2494 1864 con
2570 1800 2671 1883 gli
2741 1799 2905 1862 altri

335 1904 494 1969 suoi
546 1907 728 1969 veda
779 1909 848 1969 la
896 1928 1066 1971 cura
1116 1917 1188 1971 et
1244 1908 1616 1991 diligentia
1687 1910 1758 1971 di
1829 1910 1913 1972 N.
1988 1908 2060 1973 S.
2138 1910 2325 1972 nelle
2397 1928 2561 1971 cose
2634 1928 2757 1971 soe
2834 1917 2904 1969 et

335 2016 534 2077 hollo
583 2016 963 2077 exhortato
1012 2034 1056 2077 a
1110 2015 1358 2078 venire
1424 2016 1626 2079 anch’
1671 2015 1816 2097 egli
1878 2036 1920 2078 a
1966 2014 2350 2097 Possonia,
2398 2014 2660 2096 perche
2723 2015 2905 2077 oltra

336 2130 594 2203 questa
641 2141 858 2185 causa
907 2123 1038 2185 che
1087 2123 1181 2185 ha
1229 2143 1362 2185 con
1412 2124 1649 2204 quella
1697 2122 2070 2205 religione,
2104 2123 2369 2186 havera
2396 2124 2664 2185 anchor
2695 2140 2903 2202 gran-

337 2228 629 2303 dissima
695 2228 1155 2311 opportunita
1219 2240 1290 2292 et
1350 2230 1703 2294 necessita
1766 2232 1860 2294 da
1919 2240 2217 2295 trattare
2292 2232 2548 2293 alcuna
2614 2250 2781 2291 cosa
2863 2249 2906 2289 a

335 2334 687 2399 beneficio
752 2336 868 2398 del
931 2336 1050 2399 Re
1112 2335 1182 2398 di
1255 2337 1632 2417 Hungaria
1693 2359 1821 2401 suo
1886 2338 2130 2420 nipote
2192 2346 2265 2401 et
2326 2338 2441 2399 del
2499 2356 2628 2399 suo
2677 2356 2902 2417 regno

337 2450 408 2505 et
431 2444 662 2505 anche
687 2442 1066 2525 ragionare
1094 2444 1184 2505 de
1211 2444 1277 2506 le
1305 2463 1470 2506 cose
1497 2444 1615 2507 del
1640 2444 2041 2507 Moscovita
2062 2454 2133 2507 et
2156 2442 2349 2507 forse
2376 2464 2419 2507 a
2444 2452 2623 2505 tutte
2650 2451 2901 2524 queste

339 2548 632 2612 materie
657 2548 964 2631 pigliaro
991 2551 1294 2631 qualche
1343 2553 1534 2614 bono
1557 2552 1809 2615 ordine
1846 2562 1916 2614 et
1941 2551 2275 2615 indirizzo
2323 2553 2444 2614 alh
2484 2549 2902 2632 proprinqui

333 2654 726 2719 imminenti
761 2656 1059 2737 periculi
1101 2659 1232 2720 che
1268 2656 1326 2719 si
1360 2668 1643 2722 temeno
1680 2680 1724 2721 a
1746 2658 1975 2741 primo
2002 2669 2241 2740 tempo
2270 2661 2359 2722 de
2378 2656 2657 2721 Turchi.
2706 2657 2902 2719 Man-

337 2762 450 2825 dai
476 2784 608 2846 per
632 2783 863 2826 messo
893 2784 936 2825 a
973 2772 1182 2846 posta
1207 2767 1274 2828 le
1300 2766 1551 2828 lettere
1578 2765 1649 2828 in
1676 2787 1885 2829 mano
1919 2770 1987 2829 al
2018 2766 2303 2829 Barone
2335 2767 2403 2828 el
2435 2766 2643 2848 quale
2674 2784 2899 2845 penso

335 2870 403 2932 le
449 2869 716 2933 havera
765 2873 1096 2935 mandate
1146 2893 1189 2936 a
1238 2874 1426 2935 buon
1477 2873 1845 2937 cammin0.
1927 2874 2325 2937 Attendero
2357 2873 2594 2955 quello
2628 2871 2897 2953 rispon-

337 2977 652 3040 deranno
701 2979 863 3040 tutti
912 2987 982 3041 et
1031 2999 1108 3042 se
1158 2982 1412 3042 alcuno
1465 2981 1534 3043 di
1582 2983 1736 3044 loro
1771 2981 1977 3044 verra
2012 2983 2585 3063 personalmente
2635 3001 2677 3041 a
2720 2979 2897 3040 ditto

337 3096 722 3161 convent0‚
771 3085 838 3148 io
889 3089 1201 3150 anchora
1250 3089 1552 3151 essendo
1601 3093 1716 3170 qui
1769 3089 2101 3152 dintorno
2150 3109 2261 3152 me
2311 3087 2359 3150 li
2406 3088 2713 3150 troveto.
2809 3085 2897 3147 Et

337 3191 594 3272 perche
643 3191 874 3273 questi
923 3193 1141 3256 Brevi
1188 3193 1409 3257 ultimi
1468 3216 1510 3256 a
1577 3195 1625 3256 li
1675 3193 2119 3258 Serenissimi
2170 3196 2289 3259 Re
2338 3198 2427 3257 de
2478 3193 2777 3256 Polonia
2827 3202 2897 3254 et

337 3295 708 3378 Hungaria
755 3301 993 3363 hanno
1043 3301 1112 3363 la
1161 3301 1478 3364 clausula
1527 3303 1962 3365 credentiale
2012 3303 2127 3365 nel
2177 3303 2495 3381 Eamne,
2563 3301 2662 3382 gli
2730 3301 2893 3362 scri-

335 3407 506 3467 vero
555 3409 686 3468 che
735 3409 1074 3470 talmente
1124 3407 1354 3470 scriva
1405 3417 1475 3470 et
1524 3408 1762 3470 dirizzi
1811 3411 1880 3472 la
1926 3430 2095 3472 cosa
2144 3421 2213 3472 et
2257 3389 2596 3490 precipue
2645 3409 2757 3470 col
2806 3409 2895 3469 de

339 3511 634 3576 Polonia
684 3515 816 3576 che
849 3513 890 3575 'l
941 3535 1081 3576 non
1129 3515 1296 3596 paia
1343 3517 1474 3577 che
1524 3517 1745 3579 habbi
1794 3527 2061 3580 mutato
2112 3517 2446 3598 opinione
2481 3525 2551 3578 et
2584 3515 2892 3578 volendo

339 3617 573 3682 venire
623 3640 762 3682 non
812 3633 1121 3684 restasse
1169 3623 1430 3704 perche
1481 3623 1565 3685 N.
1619 3621 1690 3687 S.
1739 3624 1813 3685 in
1878 3624 2092 3706 quelli
2154 3624 2369 3686 Brevi
2436 3621 2508 3684 di
2571 3621 2679 3684 cio
2752 3641 2892 3684 non

339 3737 594 3805 poteva
641 3727 796 3790 fare
860 3727 1245 3808 mentione,
1296 3750 1438 3792 non
1503 3729 1849 3811 sapiendo
1907 3731 2219 3794 anchora
2286 3739 2537 3813 questo
2602 3736 2887 3809 apunta-

339 3843 591 3914 ment0,
642 3821 714 3896 et
761 3844 946 3896 tutto
996 3833 1053 3897 si
1103 3835 1312 3916 potra
1358 3837 1544 3899 bene
1593 3837 1946 3901 ordinare.

509 3939 602 4004 Se
649 3942 718 4004 le
767 3961 933 4004 cose
983 3952 1053 4004 et
1088 3945 1154 4005 le
1185 3944 1505 4024 pratiche
1543 3943 1613 4006 di
1645 3945 1941 4008 Boemia
1967 3947 2379 4009 andaranno
2428 3947 2641 4024 bene,
2693 3963 2893 4005 come

336 4045 405 4107 io
452 4047 551 4110 sin
605 4053 720 4130 qui
771 4069 1006 4130 spero,
1056 4048 1122 4112 io
1176 4049 1266 4111 mi
1316 4049 1663 4113 ritrovaro
1711 4051 1783 4113 in
1836 4062 2083 4133 queste
2132 4052 2318 4134 parti
2369 4061 2439 4114 et
2485 4050 2891 4114 facilmente

340 4155 540 4234 potro
589 4155 1057 4220 transferirmi
1108 4157 1215 4219 sin
1263 4155 1344 4232 li;
1408 4178 1523 4221 ma
1582 4159 1869 4240 quando
1929 4179 2071 4222 non
2138 4161 2524 4222 andassero
2586 4155 2891 4236 innanzi,

339 4258 409 4320 di
453 4261 577 4325 che
625 4283 715 4325 ne
764 4282 1043 4325 saremo
1093 4273 1336 4346 presto
1386 4264 1636 4344 chiari,
1700 4268 1875 4346 pero
1936 4267 2067 4329 che
2134 4268 2227 4328 da
2275 4273 2538 4347 quanto
2588 4265 2887 4328 faranno

339 4365 602 4431 Moravi
653 4371 723 4432 in
777 4379 1030 4451 questa
1075 4373 1232 4435 loro
1283 4371 1474 4434 dieta
1524 4372 1594 4434 di
1642 4372 1716 4436 S.
1763 4373 2075 4436 Martino
2127 4375 2257 4436 che
2306 4371 2426 4455 gia
2475 4371 2510 4434 ἐ
2545 4371 2615 4434 in
2649 4391 2887 4434 essere

341 4483 410 4534 et
454 4473 553 4537 fra
600 4485 751 4539 otto
800 4476 1032 4558 giorni
1083 4499 1159 4540 se
1210 4500 1299 4542 ne
1347 4480 1613 4542 havera
1663 4479 1862 4542 aviso
1911 4481 2147 4562 pende
2216 4488 2286 4542 et
2350 4478 2886 4560 cognoscerassi

339 4579 492 4660 quel
523 4583 650 4646 che
683 4587 738 4645 sl
772 4583 978 4665 potra
1017 4605 1308 4666 sperare
1339 4585 1410 4647 in
1461 4588 1528 4648 la
1578 4586 1767 4648 dieta
1818 4586 1885 4648 di
1918 4587 2158 4667 Praga
2205 4607 2247 4650 a
2296 4585 2519 4648 Santo
2570 4585 2887 4666 Andrea,

338 4689 584 4766 perche
621 4711 800 4754 sono
839 4692 1178 4754 talmente
1217 4711 1348 4773 per
1382 4694 1534 4755 loro
1583 4692 2088 4774 capitulatione
2130 4691 2304 4754 uniti
2345 4693 2475 4755 che
2519 4692 2562 4754 1’
2586 4712 2726 4754 una
2771 4713 2883 4754 na-

339 4789 522 4855 tione
553 4817 688 4859 non
723 4795 880 4859 fara
904 4817 980 4860 se
1013 4819 1154 4861 non
1190 4798 1426 4880 quello
1461 4801 1592 4862 che
1623 4799 1778 4862 fara
1815 4810 1886 4862 et
1934 4821 1975 4862 a
2024 4801 2154 4862 che
2202 4799 2545 4862 inclinara
2593 4799 2634 4862 1²
2667 4800 2880 4871 altra;

342 4908 410 4960 et
455 4905 614 4979 pero
663 4906 951 4986 quando
999 4905 1057 4968 si
1121 4905 1422 4970 vedesse
1493 4907 1780 4991 fugirne
1849 4907 2020 4988 ogni
2098 4927 2479 4988 speranza,
2552 4907 2882 4970 desidero
