3575 5775
1554 610 2047 667 0-{351785-*0

517 756 638 817 vel
688 756 998 819 incertus
1034 756 1123 819 sit
1169 759 1286 820 vel
1338 758 1810 821 tardiusculus
1841 758 2114 821 futurus
2149 768 2495 839 speretur,
2545 760 2762 821 satius
2795 760 3076 842 quidem

518 864 917 943 putaverim
967 863 1328 945 principes
1375 864 1651 947 imperii
1701 866 2084 928 convenire
2158 887 2364 948 quam
2422 868 2800 949 negocium
2845 869 3074 933 huius-

516 971 709 1033 modi
760 971 1066 1045 differri;
1117 982 1417 1052 possunt
1483 972 1773 1035 ettenim
1845 994 1936 1035 ex
1965 1026 1968 1029 .
1997 974 2403 1055 praeteritis
2451 976 2818 1038 admoneri
2867 996 3078 1057 quam

522 1078 1194 1160 perniciosissimum
1220 1078 1434 1141 fuerit
1465 1083 1557 1142 ab
1588 1080 1788 1142 initio
1821 1101 1964 1143 non
2001 1080 2361 1161 restitisse,
2399 1091 2469 1144 et
2485 1082 2766 1163 quantis
2797 1083 3074 1164 quibus·

516 1207 655 1266 que
704 1186 1038 1268 periculis
1073 1188 1370 1269 quisque
1414 1207 1657 1249 eorum
1691 1186 2000 1267 agitatus
2029 1188 2139 1267 sit,
2193 1210 2230 1251 a
2262 1189 2518 1269 quibus
2552 1188 2834 1253 omnino
2869 1190 3077 1253 liberi

516 1314 671 1356 esse
719 1294 1119 1375 potuissent
1167 1294 1226 1356 si
1274 1295 1372 1375 (ut
1419 1315 1550 1376 par
1598 1291 1777 1379 erat)
1828 1315 2038 1357 cause
2087 1296 2510 1376 gravitatem
2558 1296 2787 1360 metiri
2819 1297 3074 1361 voluis-

514 1414 691 1481 sent,
742 1422 879 1482 que
930 1421 1142 1482 quum
1192 1401 1367 1465 nihil
1414 1403 1577 1464 dum
1630 1402 1865 1485 sopita
1912 1402 2342 1483 conspicitur
2391 1414 2460 1466 et
2507 1404 2693 1467 illius
2739 1404 3077 1486 reliquias

510 1510 775 1592 ubique
824 1510 1070 1573 audire
1120 1509 1323 1591 licet,
1392 1509 1603 1573 facile
1664 1509 1822 1574 fore
1881 1511 2304 1574 crediderim
2367 1512 2557 1593 quod
2618 1532 2796 1593 quos
2862 1522 3074 1575 antea

512 1614 618 1679 rei
666 1616 947 1679 novitas
1002 1636 1293 1680 movere
1352 1636 1495 1679 non
1550 1626 1838 1699 poterat
1902 1620 2189 1681 eosdem
2247 1618 2386 1681 iam
2433 1627 2674 1682 teneat
2717 1619 3074 1700 posterior

511 1725 853 1786 malorum
904 1723 1278 1804 acerbitaS,
1330 1744 1421 1787 ex
1470 1744 1610 1805 qua
1658 1724 2022 1788 cauciores
2068 1726 2489 1806 reddantur,
2535 1734 2613 1789 ut
2658 1727 2908 1791 eadem
2955 1728 3070 1789 vel

511 1830 871 1893 deteriora
899 1830 1439 1912 pertimescant;
1491 1833 1639 1909 sed,
1690 1847 1763 1895 et
1811 1831 1868 1895 si
1905 1832 2091 1895 idem
2125 1843 2517 1896 conventus
2549 1832 2899 1915 proficere
2932 1854 3071 1897 non

508 1937 776 2019 poterit
825 1939 915 2001 ad
964 1958 1081 2001 res
1126 1938 1412 2020 penitus
1458 1938 1868 2019 firmandaS,
1913 1950 2117 2021 peste
2165 1942 2300 2003 hae
2393 1940 2772 2021 eradicata,
2821 1942 3072 2005 saltem

504 2044 774 2126 poterit
816 2046 1071 2107 modus
1119 2044 1467 2127 quispiam
1514 2045 1820 2109 inveniri
1882 2067 2021 2128 quo
2084 2068 2200 2111 res
2259 2048 2734 2129 undequaque
2781 2048 3073 2112 solidior

506 2151 605 2214 sit
650 2173 872 2233 usque
920 2155 1175 2216 saltem
1221 2154 1315 2215 ad
1362 2153 1649 2234 aliquod
1702 2152 2091 2217 Concilium
2123 2156 2314 2236 quod
2348 2155 2731 2237 aliquando
2760 2155 3072 2219 futurum

507 2268 934 2341 expectatur
979 2270 1303 2342 ternpore
1351 2260 1698 2341 quietiori.
1774 2260 2039 2325 Verum
2091 2262 2376 2343 quidem
2424 2263 2484 2325 si
2530 2262 2644 2326 hic
2679 2256 3071 2327 conventus

506 2366 644 2429 erit
706 2366 1149 2448 indicenduS,
1218 2367 1466 2450 putavi
1527 2365 1617 2430 Sti
1686 2368 1781 2429 V⁰
1844 2370 2146 2450 quedam
2209 2389 2366 2432 esse
2431 2358 2863 2453 exponenda
2934 2391 3068 2455 que

506 2476 611 2555 (ut
654 2470 855 2558 puto)
905 2475 1330 2556 cognovisse
1393 2495 1537 2537 non
1600 2475 1732 2538 erit
1793 2475 2040 2538 inutile
2089 2477 2205 2539 vel
2252 2476 2628 2559 ingratum.
2722 2477 2950 2541 Erunt
2993 2478 3065 2542 in

508 2582 635 2644 illo
684 2591 1040 2645 conventu
1091 2583 1439 2664 speciales
1487 2582 1876 2645 comissarii
1933 2593 2267 2665 quattuor
2313 2604 2442 2665 pro
2490 2604 2782 2647 cesarea
2828 2584 3068 2666 Maye-

506 2698 732 2769 state,
798 2686 1190 2753 Guilelmus
1250 2690 1559 2753 Bavarie
1624 2700 1693 2751 et
1742 2690 2121 2753 Heinricus
2170 2690 2762 2755 Braunsbicensis
2810 2692 3066 2771 DuceS,

502 2795 889 2859 Casimirus
932 2796 1653 2880 Brandenburgensis
1684 2807 1756 2860 et
1786 2798 2543 2883 PhilippusBadensis
2577 2799 3065 2873 Marchione83

498 2905 633 2968 sed
660 2925 872 2986 quum
897 2905 1085 2968 inter
1130 2916 1370 2968 cetera
1397 2907 1771 2968 tractanda
1803 2907 1934 2968 hoc
1967 2925 2180 2968 unum
2218 2899 2349 2968 erit
2381 2905 2863 2988 praecipuum,
2911 2906 3070 2987 ipsa

499 3011 776 3074 heresis
826 3014 1169 3093 luterana,
1221 3022 1292 3074 et
1337 3014 1470 3075 hec
1519 3015 1676 3094 ipsa
1724 3033 2126 3094 quanquam
2175 3011 2630 3075 Germaniam
2678 3023 2900 3076 totam
2947 3012 3064 3076 im·

502 3119 1029 3201 presentiarum
1080 3122 1568 3182 tantummodo
1616 3120 1961 3200 infecerit,
2007 3140 2220 3200 quum
2259 3130 2494 3182 tamen
2545 3121 2633 3182 ad
2669 3120 2810 3182 alia
2841 3139 3066 3200 regna

498 3235 885 3310 penetrare
915 3227 1157 3308 possit,
1191 3247 1559 3289 commune
1585 3227 1869 3289 videtur
1895 3227 2270 3309 negocium
2299 3235 2694 3290 ceterorum
2723 3226 2934 3288 etiam
2959 3246 3063 3289 re-

500 3353 808 3416 gnorum
827 3335 961 3413 cui,
985 3343 1054 3396 et
1071 3334 1383 3415 reliquos
1406 3342 1816 3416 potentatus
1840 3333 2181 3397 interesse
2209 3334 2514 3396 maxime
2542 3333 2937 3412 conveniat,
2965 3333 3063 3396 sic

506 3452 833 3503 oratores
900 3441 1201 3504 Francie
1262 3441 1529 3522 Anglie
1589 3441 1960 3523 Hungarie
2018 3441 2314 3503 Polonie
2380 3440 2820 3505 Venetorum
2870 3441 3066 3504 ducis

498 3547 895 3612 Mediolani
931 3560 1001 3612 et
1031 3549 1229 3630 alios,
1272 3558 1601 3631 preterea
1650 3570 1867 3612 unum
1915 3559 2036 3612 aut
2083 3552 2382 3612 alterum
2430 3550 2550 3630 qui
2596 3568 2730 3631 pro
2777 3531 3068 3630 reliquis

499 3654 831 3718 dominiis
877 3655 1083 3718 Italie
1129 3656 1291 3718 huic
1339 3654 1525 3737 pesti
1572 3655 2032 3737 proximior-is
2091 3655 2286 3718 vices
2349 3665 2602 3736 agant,
2669 3656 2740 3717 in
2813 3657 3066 3719 eodem

498 3772 896 3836 conventu;
946 3773 1159 3844 atque
1207 3763 1371 3826 ideo
1417 3770 1495 3824 ut
1528 3782 1739 3843 quum
1772 3765 1861 3824 de
1895 3782 2108 3824 causa
2137 3761 2305 3824 fidei
2337 3761 2734 3824 Christiane
2766 3771 3065 3825 tractan-

499 3870 669 3932 dum
732 3868 825 3931 sit
886 3871 1079 3951 quod
1140 3869 1369 3934 eidem
1425 3869 1691 3950 prefati
1754 3880 2164 3952 potentatus
2243 3890 2409 3933 suos
2472 3871 2724 3934 adesse
2789 3879 3061 3951 putent,

498 3977 684 4040 sicut
730 3977 802 4039 in
830 3977 1153 4059 negoci0,
1204 3978 1393 4059 quod
1428 3997 1569 4039 non
1606 3987 1714 4040 est
1747 3977 2129 4040 Germanie
2156 3977 2526 4059 proprium
2559 3997 2804 4038 verum
2853 3975 3063 4038 etiam

496 4085 829 4147 omnibus
882 4085 1127 4166 regnis
1190 4083 1749 4148 Christianorum
1809 4105 2218 4164 commune,
2286 4096 2362 4146 ut
2432 4102 2610 4164 quos
2669 4103 2809 4146 una
2881 4082 3062 4146 fides

496 4192 907 4272 connexuit,
970 4194 1301 4255 studeant
1348 4202 1421 4255 et
1480 4192 1735 4274 quibus
1797 4203 2096 4273 possunt
2157 4191 2468 4254 consiliis
2535 4191 2835 4253 eandem
2903 4210 3058 4272 pro-

496 4318 827 4382 pugnare
891 4308 962 4362 et
1030 4300 1263 4362 tutari.
1374 4301 1491 4362 Ad
1554 4301 1744 4380 quod
1804 4299 2016 4362 etiam
2079 4299 2454 4381 plurimum
2521 4298 2955 4360 conduceret
3001 4298 3061 4360 si

498 4405 827 4469 Helve'cii
876 4406 1201 4469 nunctios
1249 4427 1413 4470 suos
1463 4407 1715 4470 eodem
1762 4407 2233 4477 destinarent3
2299 4408 2390 4468 de
2445 4405 2584 4467 illis
2651 4404 2881 4468 sentio
2945 4405 3062 4487 qui

496 4513 609 4575 his
658 4513 1019 4576 erroribus
1066 4535 1205 4577 non
1255 4515 1721 4594 adheserunt,
1774 4535 2092 4597 quosque
2154 4515 2398 4576 eadem
2457 4511 2679 4594 pestis
2743 4513 3062 4576 nonnihil

496 4620 682 4683 inter
752 4641 919 4684 suos
977 4619 1261 4684 afflixit:
1313 4621 1440 4683 sed
1490 4628 1655 4682 ante
1704 4620 1940 4684 omnia
1985 4630 2305 4702 putarem
2359 4619 2691 4683 Cesarem
2739 4639 2897 4684 esse
2946 4621 3059 4682 ad-

499 4728 921 4809 ducendum,
972 4729 1163 4809 quod
1188 4737 1431 4809 preter
1462 4728 1620 4790 illos
1652 4728 2101 4790 comissarios
2132 4747 2296 4790 suos
2330 4726 2795 4791 Germanicos
2824 4747 3054 4809 quem·

499 4833 689 4916 piam
737 4835 1113 4916 hispanum
1172 4835 1399 4897 virum
1462 4854 1756 4916 gravem
1821 4845 1892 4898 et
1953 4836 2320 4897 cordatum
2383 4834 2729 4918 mitteret,
2796 4835 2914 4916 qui
2985 4834 3052 4898 in

504 4951 861 5005 conventu
908 4943 1065 5024 ipso
1118 4943 1514 5024 explicaret
1560 4962 1786 5023 regna
1832 4943 1954 5004 illa
2000 4942 2530 5024 Hyspaniarum
2580 4943 3052 5006 attrocitatern
