3575 5775
1485 523 1984 582 0-<BVIIsp-0

459 670 826 734 vesaniam
899 681 968 733 et
1034 671 1536 735 contumatiam
1608 684 1678 735 et
1749 674 2296 739 obstinationem
2372 678 2683 739 addente
2753 678 2846 740 ad
2894 698 3022 740 nos

459 779 868 842 necessario
931 779 1252 842 defertur
1321 779 1712 843 necessitas
1775 781 2215 855 vindicandi;
2289 803 2450 846 nam
2522 792 2593 845 et
2663 782 3021 847 interitum

457 888 579 949 vel
627 886 958 949 minimae
1025 886 1179 949 ovis
1248 907 1338 949 ex
1396 906 1620 971 grege
1691 898 1937 951 nostro
2010 909 2166 951 cum
2239 890 2484 952 dolore
2556 888 2843 953 ferimus
2860 939 2879 971 ,
2950 900 3022 955 et

455 1014 742 1075 poenae
813 991 1332 1056 animadversio
1409 994 1931 1058 mansuetudini
2020 1006 2305 1059 nostrae
2379 999 2840 1061 vehementer
2912 1007 3022 1061 est

455 1100 883 1165 contraria“.

643 1208 843 1289 Quae
889 1210 1147 1271 verba!
1197 1228 1406 1289 quam
1455 1210 1738 1273 diversa
1787 1212 1879 1273 ab
1928 1208 2135 1273 editis
2181 1210 2605 1275 lutheranis!

643 1317 742 1378 At
768 1336 909 1379 non
942 1316 1224 1378 diversa
1250 1324 1520 1379 tantum
1547 1318 1674 1380 sed
1700 1326 1770 1379 et
1789 1317 2164 1398 contraria,
2191 1316 2259 1380 in
2292 1318 2749 1399 sequentibus
2782 1339 3017 1381 occur-

453 1432 656 1485 runt:
703 1424 1024 1502 „Testem
1049 1423 1279 1485 Deum
1315 1424 1872 1507 omnipotentem
1916 1434 1986 1486 et
2014 1434 2204 1487 tuam
2231 1425 2673 1488 nobilitatem
2697 1425 3015 1507 facimuS,

455 1552 594 1593 nos
641 1530 780 1594 iam
829 1533 920 1592 ab
969 1530 1168 1593 initio
1219 1551 1374 1593 cum
1432 1530 1722 1593 Martini
1769 1532 2103 1612 Lutheri,
2172 1552 2377 1614 quem
2438 1531 2655 1595 filium
2716 1532 3017 1614 amplius

453 1647 779 1701 nostrum
828 1657 1088 1700 vocare
1137 1658 1280 1700 non
1327 1658 1700 1719 possumus
1749 1686 1765 1702 .
1818 1686 1834 1702 .
1885 1687 1898 1702 .
1960 1638 2221 1701 diutius
2288 1660 2443 1702 esse
2508 1660 2760 1722 passos
2806 1660 3015 1720 quarn

450 1746 779 1808 forsitam
811 1744 1194 1827 pastoralis
1226 1764 1436 1807 curae
1466 1744 1840 1827 vigilantia
1881 1748 2319 1828 postulabat:
2377 1748 2505 1810 sed
2554 1766 2639 1808 ea
2687 1766 2813 1826 spe
2860 1763 3017 1809 esse

451 1874 712 1936 passos
756 1853 948 1935 quod
987 1852 1180 1915 illum
1224 1852 1314 1914 ad
1347 1852 1860 1934 poenitentiam
1910 1853 2230 1916 converti
2280 1863 2351 1918 et
2393 1859 2581 1917 tuam
2608 1833 3015 1917 nobilitatem

451 1983 598 2025 non
655 1958 921 2047 offendi
976 1958 1395 2041 optavimus
1503 1958 1622 2022 Sic
1686 1959 1872 2023 enim
1931 1959 2284 2023 communi
2340 1958 2647 2023 omnium
2714 1982 3019 2024 sermone

435 2066 974 2153 praedicabatur
1031 2064 1161 2129 tibi
1208 2064 1410 2129 illum
1471 2066 1755 2130 charum
1802 2071 2270 2151 acceptumque
2316 2088 2473 2150 esse,
2522 2073 2767 2151 tuoque
2814 2067 3015 2133 illum

437 2173 840 2261 patrocinio
887 2172 1106 2259 magis
1152 2174 1481 2261 confisum
1530 2195 1732 2257 quam
1779 2175 2128 2258 oportebat,
2175 2176 2308 2237 hos
2356 2183 2593 2237 tantos
2642 2174 2776 2238 sibi
2824 2195 3013 2238 arro-

449 2282 748 2365 gantiae
797 2281 1084 2363 spiritus
1132 2281 1665 2363 assumpsisse“.

593 2388 790 2452 Haec
838 2392 1063 2451 verba
1113 2388 1397 2450 omnino
1447 2388 1803 2451 contraria
1853 2396 2017 2451 sunt
2056 2388 2385 2452 laudibus
2418 2388 2780 2453 Fride'rico
2830 2388 3015 2453 datis

449 2518 590 2580 pro
639 2496 991 2559 constanti
1039 2495 1580 2577 oppugnatione
1629 2495 1943 2575 Lutheri,
1991 2516 2120 2577 pro
2167 2496 2432 2559 reiecta
2481 2496 2630 2559 eius
2658 2496 3015 2559 familiari-

447 2615 626 2684 tate,
658 2625 788 2686 pro
817 2602 1161 2667 fidelitate
1192 2613 1326 2666 etc.
1393 2602 1673 2666 Nemini
1709 2602 1929 2683 igitur
1957 2603 2246 2666 dubium
2280 2604 2447 2687 quin·
2482 2602 2541 2666 si
2573 2624 2715 2666 una
2740 2603 3016 2667 sincera

451 2722 588 2791 est,
616 2711 842 2774 altera
864 2710 1148 2773 omnino
1176 2709 1417 2791 spuria
1462 2710 1552 2772 sit
1580 2711 1942 2782 habenda:
1974 2731 2133 2773 nam
2166 2731 2303 2773 uno
2341 2710 2454 2773 die
2490 2713 2671 2773 duae
2698 2710 2797 2773 sic
2830 2710 3014 2774 inter

448 2840 532 2882 se
582 2828 989 2902 pugnantes
1038 2815 1386 2901 epistolae
1434 2816 1742 2901 scriptae
1803 2817 2201 2901 missaeque
2261 2838 2416 2881 esse
2478 2837 2621 2881 non
2681 2827 3011 2900 possunt;

449 2947 598 2988 una
646 2945 820 3008 ergo
869 2925 1050 2988 falsa
1097 2934 1238 2997 est;
1290 2927 1415 2988 sed
1465 2917 1857 3008 quaenam?

635 3031 818 3094 Illud
896 3032 1421 3095 observandum
1498 3052 1673 3115 prae
1753 3033 2055 3095 caeteris
2130 3033 2321 3113 quod
2396 3033 2561 3094 dum
2638 3033 3014 3095 lutherana

451 3139 764 3223 epistola
854 3159 1037 3220 quae
1130 3140 1412 3203 Romae
1500 3137 2087 3203 circumferentur
2165 3159 2381 3201 voces
2473 3138 2792 3220 ignorat,
2832 3163 2835 3168 ·
2894 3159 3011 3201 va-

445 3248 693 3310 ticana
739 3255 812 3309 et
857 3247 1227 3329 cognoscit
1277 3256 1348 3310 et
1394 3247 1883 3310 reminiscitur.
2003 3246 2433 3310 Resciverat
2494 3245 2897 3308 Fridericus
2971 3267 3015 3309 a

447 3354 840 3418 Valentino
877 3355 966 3416 de
986 3353 1370 3440 Deitleben
1404 3354 1635 3435 „quod
1653 3353 1937 3436 publica
1971 3353 2162 3418 fama
2194 3351 2596 3416 affirmabat
2628 3353 3014 3416 Lutherum

447 3465 548 3526 ab
595 3462 752 3544 ipso
824 3461 938 3542 ali,
1002 3461 1233 3524 foveri
1304 3471 1375 3524 et
1436 3462 1823 3524 clementer
1887 3461 2202 3540 haberi“,
2252 3460 2504 3543 'itaque
2570 3460 2639 3522 in
2712 3459 3014 3541 epistola

444 3569 785 3632 vaticana
818 3569 965 3632 Leo
1016 3568 1261 3632 scribit
1310 3567 1635 3632 electori:
1694 3568 2083 3649 „communi
2114 3567 2420 3631 omnium
2454 3587 2778 3630 sermone
2811 3587 3011 3648 prae-

447 3675 1277 3738 dicabatur-Lutherum
1353 3674 1484 3737 tibi
1549 3677 1837 3737 charum
1901 3685 2414 3756 acceptumque
2487 3695 2682 3753 esse,
2716 3683 3011 3756 -tuoque

443 3783 645 3846 illum
673 3782 1073 3864 patrocinio
1103 3784 1234 3845 hos
1261 3791 1497 3844 tantos
1528 3781 1660 3844 sibi
1689 3783 2142 3864 arrogantiae
2168 3781 2457 3863 spiritus
2482 3778 3011 3863 assumpsisse“.

631 3889 721 3951 Et
766 3891 1004 3973 logica
1060 3899 1132 3952 et
1179 3888 1472 3952 historia
1519 3890 1747 3970 magis
1796 3889 1956 3952 huic
2008 3889 2474 3968 conveniunt,
2542 3908 2751 3969 quam
2822 3888 3010 3969 stylo

445 3997 778 4061 mendaci
859 4017 1001 4078 quo
1079 3995 1415 4060 asseritur
1485 3997 1756 4058 Ducem
1844 3995 2203 4060 Saxoniae
2302 4007 2621 4078 „semper
2694 3993 3012 4057 infensos

443 4104 786 4168 habuisse
845 4103 1237 4186 iniquitatis
1296 4101 1423 4166 filii
1484 4103 1775 4166 Martini
1843 4103 2135 4167 Lutheri
2198 4103 2556 4167 conatus“.
2674 4099 2764 4163 Et
2830 4103 3010 4164 haec

445 4231 584 4294 pro
631 4231 888 4292 magna
933 4209 1515 4293 praesumptione
1565 4219 1815 4272 contra
1863 4209 2342 4274 sinceritatem
2392 4206 2739 4290 epistolae
2788 4210 3010 4272 luthe-

445 4340 669 4382 ranae
717 4319 1049 4382 habenda
1097 4326 1439 4382 tenemus·

633 4423 809 4506 Sed,
877 4445 1146 4506 quaeso
1163 4473 1181 4507 ,
1245 4427 1602 4507 quomodo
1669 4435 1951 4507 poterat
2012 4425 2378 4487 Aleander
2449 4421 2818 4503 epistolam
2870 4421 3013 4485 diei

450 4538 492 4594 8
539 4533 706 4614 Julii
753 4533 1158 4615 ignorare?
1241 4531 1394 4594 Nec
1442 4552 1698 4595 revera
1743 4531 2136 4614 ignoravit;
2204 4529 2453 4612 ignota
2518 4528 2621 4591 illi
2687 4527 2819 4591 fuit
2869 4529 3006 4612 epi-

447 4642 637 4704 stola
687 4663 724 4703 a
771 4639 1162 4703 lutheranis
1211 4638 1469 4703 deinde
1519 4639 1741 4712 edita3
1796 4638 1994 4701 novit
2044 4635 2397 4720 apprime,
2446 4634 2703 4718 retulit,
2752 4635 2823 4699 in
2872 4638 3005 4700 col-

447 4747 759 4811 lectione
807 4768 936 4810 sua
983 4746 1382 4829 composuit
1432 4746 1808 4828 epistolam
1872 4745 2295 4810 vaticanam.
2410 4743 2609 4808 Haec
2675 4743 3009 4824 ergo'in-

447 4852 861 4918 dubitanter
908 4853 1222 4936 sincera,
1284 4874 1455 4917 vere
1504 4854 1751 4935 missa,
1822 4853 2029 4916 unice
2098 4852 2360 4934 scripta
2408 4851 2575 4924 fuit;
2645 4871 2777 4914 nec
2825 4850 3011 4914 inter
