3575 5775
1711 568 2205 626 0-<133348>-0

677 736 891 798 super
957 716 1148 797 quod
1217 734 1348 797 per
1412 716 1596 779 hanc
1665 714 1855 779 viam
1926 714 1995 777 in
2063 714 2465 779 Christiana
2525 714 2875 797 religione
2938 714 3267 779 schisma

677 834 1045 886 aeternum
1093 822 1433 887 inducere
1481 841 1892 903 possemu3‚
1960 822 2469 885 dissidentibus
2530 822 2603 885 in
2649 823 2776 905 iis,
2838 843 3023 904 quae
3086 844 3264 907 per-

677 930 904 993 tinent
950 930 1040 993 ad
1087 926 1330 1009 fidem,
1379 927 1788 1009 Germanis,
1840 948 1881 991 a
1930 928 2235 992 coeteris
2284 928 2740 992 Nationibus:
2802 950 3017 1011 quum
3068 928 3267 993 veri·

677 1037 901 1101 simile
965 1057 1105 1099 non
1173 1036 1264 1098 sit
1323 1034 1502 1099 alias
1551 1034 1897 1099 Nationes
1969 1036 2147 1099 citra
2207 1034 2575 1099 Pontificis
2636 1036 3138 1118 autoritatem,
3220 1057 3271 1098 a

677 1144 1054 1209 Germanis
1099 1144 1322 1225 leges,
1374 1151 1498 1205 aut
1539 1141 1713 1205 ritus
1760 1153 2251 1225 suscepturas:
2302 1143 2496 1225 quod
2542 1153 2883 1226 quantum
2931 1144 3271 1208 futurum

678 1252 766 1315 sit
815 1259 1263 1333 oportunum,
1314 1258 1385 1312 et
1433 1249 1879 1312 commodum
1928 1248 2321 1312 rationibus
2352 1250 2573 1333 pacis,
2626 1272 2835 1334 quarn
2862 1261 3271 1335 tantopere

681 1360 864 1421 inter
913 1357 1354 1421 Christianos
1403 1356 1776 1438 Principes
1823 1355 2275 1437 affectamuS,
2339 1359 2573 1421 nullus
2623 1368 2732 1421 est
2779 1358 2900 1441 qui
2948 1359 3270 1423 nesciat.

677 1464 1070 1529 Infelicitas
1115 1483 1332 1547 porro
1383 1462 1726 1545 maxima,
1794 1473 1866 1526 et
1912 1463 2299 1547 indignitas
2346 1463 2647 1547 insignis
2692 1465 2910 1529 fuerit
2957 1466 3270 1531 Christi-

679 1594 858 1636 anae
915 1570 1322 1654 religionis,
1392 1572 1641 1633 eadem
1689 1572 1985 1633 vulnera
2051 1570 2388 1635 continue
2453 1571 2823 1655 refricare,
2894 1583 3113 1656 atque
3192 1574 3271 1637 in

678 1680 967 1743 dubium
1018 1698 1103 1741 ea
1150 1698 1522 1757 revocare,
1572 1698 1756 1759 quae
1806 1676 2075 1741 centies
2123 1681 2215 1741 ab
2265 1678 2607 1761 Ecclesia,
2658 1701 2701 1741 a
2746 1679 3101 1762 ConsiliiS,
3163 1682 3273 1745 ab

679 1785 1256 1869 ImperatoribuS,
1305 1784 1658 1866 RegibuS‚
1709 1795 1781 1849 et
1810 1784 2141 1848 universo
2177 1784 2574 1850 Christiano
2608 1789 2878 1870 populo
2908 1788 3276 1852 damnata

683 1896 907 1958 fuere:
967 1894 1355 1955 Praeterea
1416 1892 1486 1953 in
1535 1892 1669 1954 hac
1719 1892 2282 1974 congregatione
2330 1892 2389 1956 si
2437 1893 2664 1957 omnis
2713 1892 2979 1958 ordinis
3026 1895 3271 1959 homi·

681 2023 808 2064 nes
821 2048 839 2082 ,
904 2001 1094 2082 quod
1151 1997 1493 2062 affectare
1541 1998 1872 2062 videntur
1934 2008 2007 2061 et
2054 2008 2336 2081 petunt,
2385 2000 2868 2082 admittentur,
2917 2012 2989 2065 et
3037 2003 3273 2083 plebs

679 2130 818 2171 una
866 2128 1023 2171 cum
1073 2106 1546 2190 Principibus,
1595 2106 1968 2189 PraelatiS‚
2018 2116 2089 2170 et
2138 2106 2590 2189 Principibus
2637 2108 2920 2187 sedeat,
2968 2118 3043 2171 et
3092 2130 3271 2173 sen-

677 2214 968 2279 tentiam
1027 2215 1246 2294 dicat,
1319 2215 1490 2296 quid
1537 2213 1847 2277 futurum
1898 2213 2021 2295 sit,
2087 2235 2362 2298 quaeve
2426 2216 2719 2279 decreta
2778 2214 3029 2279 haberi
3075 2214 3273 2279 inde

679 2322 989 2405 possint,
1050 2321 1349 2404 quisque
1395 2322 1531 2383 sibi
1579 2321 1869 2403 cogitet.
1964 2318 2043 2385 Si
2108 2343 2247 2385 non
2306 2322 2801 2403 admittentur,
2858 2322 3026 2405 quid
3093 2323 3273 2387 sine

679 2429 850 2511 ipsis
898 2428 1232 2491 stabilitis
1279 2437 1352 2490 et
1398 2427 1686 2491 sancitis
1735 2427 2141 2491 attributuri
2188 2428 2366 2511 sint,
2414 2450 2544 2493 nos
2591 2429 2836 2511 dicite,
2884 2428 3003 2511 qui
3048 2428 3275 2493 scitis

679 2556 804 2599 eos
864 2534 1004 2598 iam
1070 2534 1244 2598 nulli
1307 2535 1653 2598 sanctioni
1702 2534 2117 2599 Pontificiae
2166 2548 2289 2599 aut
2334 2536 2868 2620 Imperatoriae,
2916 2537 3037 2599 vel
3084 2556 3273 2601 con·

680 2642 900 2707 siliari
969 2643 1422 2705 autoritatem
1495 2641 1806 2723 aliquam
1890 2642 2299 2726 reliquisse;
2372 2646 2781 2708 clamabunt
2852 2643 3093 2707 statim
3184 2665 3275 2709 se

683 2751 1033 2831 excluso5,
1069 2769 1159 2812 ne
1191 2748 1262 2813 in
1293 2768 1538 2812 eorum
1573 2749 1767 2813 corio
1803 2750 2211 2813 ludentibus
2244 2750 2679 2833 assisterent,
2727 2759 2801 2815 et
2847 2770 2996 2814 rem
3046 2770 3275 2814 suam

679 2864 1217 2941 cognoscerent.
1309 2855 1562 2939 Itaque
1617 2876 1851 2940 neque
1923 2857 2015 2921 ad
2080 2878 2368 2943 pacem,
2444 2879 2675 2947 neque
2745 2860 2839 2923 ad
2911 2856 3271 2942 quietem,

679 2985 910 3048 neque
959 2963 1050 3027 ad
1099 2963 1552 3027 concordiam
1600 2963 2029 3030 Germaniae
2078 2965 2712 3049 congregationem
2774 2967 2957 3030 hanc
3002 2965 3275 3047 profu·

679 3081 907 3134 turam
953 3070 1210 3136 iudico,
1305 3068 1514 3150 Quod
1563 3071 1621 3134 si
1670 3070 1976 3153 omissiS,
2050 3093 2231 3154 quae
2289 3074 2381 3135 ad
2440 3071 2655 3136 fidem
2704 3083 2777 3136 et
2820 3071 3275 3154 religionem

681 3169 1041 3260 spectant,
1099 3176 1414 3241 dixerint
1459 3177 1678 3261 aliqui
1725 3179 2124 3261 predictam
2172 3181 2827 3264 congregationem·
2859 3177 3273 3261 suscipien-

680 3287 842 3348 dam
892 3305 1050 3349 esse
1114 3285 1184 3347 in
1251 3287 1434 3348 hanc
1497 3285 1881 3368 rationem,
1942 3296 2020 3350 ut
2081 3285 2264 3370 lapsi
2309 3308 2543 3351 mores
2599 3297 2673 3352 et
2721 3286 2907 3351 Cleri
2954 3286 3275 3351 licentia

680 3401 1096 3456 coerceatur
1141 3401 1212 3454 et
1248 3391 1692 3457 restituatur:
1739 3395 1915 3457 illud
1943 3397 2384 3477 respondere
2409 3396 2635 3459 libere
2667 3413 2977 3477 possum,
3014 3395 3275 3477 hujus·
3348 3431 3358 3442 ·

681 3498 872 3562 modi
919 3500 1370 3581 corruptelae
1416 3499 1556 3563 iam
1604 3501 1778 3564 satis
1828 3512 2131 3582 cautum,
2180 3513 2253 3565 et
2296 3501 2661 3584 provisum
2694 3521 2872 3581 esse,
2922 3509 2994 3564 et
3040 3502 3275 3584 leges

681 3605 754 3668 in
801 3608 936 3668 hac
984 3626 1063 3669 re
1111 3608 1367 3670 multas
1415 3608 1596 3672 latas
1645 3627 1839 3690 esse,
1888 3628 2071 3690 quae
2120 3609 2179 3672 si
2226 3609 2597 3673 observari
2642 3609 3103 3690 mandentur,
3192 3621 3275 3674 et

681 3714 774 3777 ad
819 3712 892 3775 id
941 3733 1052 3778 me
1099 3712 1479 3778 sufficienti
1527 3714 1869 3780 facultate
1916 3715 2259 3779 munitum
2304 3716 2754 3797 vocaverint,
2816 3713 3053 3778 statim
3104 3735 3271 3780 om·

681 3819 800 3886 nia
843 3819 1110 3886 fuerint
1153 3823 1504 3888 restituta.
1594 3823 1778 3887 Tota
1824 3823 1958 3887 nisi
1993 3824 2201 3887 huius
2246 3823 2351 3887 rei
2396 3824 2578 3887 ratio
2625 3824 2697 3886 in
2741 3822 2881 3885 hoc
2927 3819 3069 3884 sita
3120 3835 3273 3905 est,

687 3937 762 3992 ut
811 3948 994 4011 quae
1043 3931 1412 3994 commode
1459 3929 1885 4012 adinventa,
1954 3941 2025 3993 et
2072 3939 2268 3994 recte
2317 3930 2410 3994 ad
2455 3949 2709 4013 pacem
2790 3938 2863 3992 et
2907 3927 3271 3994 unionem

683 4036 1246 4102 Christianorum
1315 4037 1732 4118 excogitata
1807 4045 1879 4101 et
1958 4037 2152 4100 edita
2215 4046 2411 4101 sunt:
2494 4057 2579 4100 ea
2647 4036 2935 4120 inquam
3006 4037 3273 4102 omnia

681 4145 1188 4226 custodiantur,
1238 4153 1310 4207 et
1356 4154 1749 4208 serventur.

861 4249 1124 4331 Quinto
1196 4271 1339 4332 quo
1409 4251 1505 4314 ad
1565 4251 1933 4314 materiam
2004 4251 2499 4333 gravaminum
2558 4249 2733 4312 illud
2802 4248 2991 4312 idem
3060 4249 3271 4333 dico,

683 4358 873 4438 quod
923 4367 994 4421 et
1041 4358 1216 4422 alias
1263 4356 1608 4440 praefatis
1657 4357 2016 4440 deputatis
2057 4357 2421 4440 respondi,
2468 4356 2639 4420 mihi
2670 4356 2899 4437 magis
2929 4357 3271 4440 placere,

681 4474 758 4526 ut
807 4465 1102 4528 materia
1149 4465 1327 4528 haec
1375 4485 1506 4546 per
1533 4463 1876 4530 Oratores
1924 4465 2241 4529 eruditos
2288 4473 2361 4528 et
2400 4467 2585 4528 bene
2613 4462 2999 4528 instructos
3048 4468 3269 4545 apud

683 4568 1213 4634 Sanctissimum
1265 4571 1644 4636 Dominum
1691 4572 2027 4635 Nostrum
2087 4581 2159 4635 et
2206 4570 2471 4636 Sedem
2519 4569 3015 4653 Apostolicam
3066 4579 3269 4636 trac-

683 4686 992 4741 taretur:
1049 4678 1266 4759 idque
1313 4687 1457 4742 tam
1503 4698 1635 4761 pro
1687 4679 2037 4760 dignitate
2085 4677 2294 4742 Sedis
2341 4677 2735 4762 praefatae,
2783 4696 2995 4759 quarn
3040 4673 3267 4743 Sacri

683 4784 993 4848 Romani
1027 4785 1334 4866 Imperii,
1384 4807 1428 4848 a
1459 4785 1716 4868 quibus
1749 4785 1963 4849 etiarn
1995 4788 2202 4868 plura
2232 4785 2675 4870 impetraturi
2721 4791 2979 4864 essent,
3029 4804 3266 4867 quam

682 4891 754 4958 in
800 4893 1176 4956 multorum
1225 4891 1564 4976 opinione
1621 4897 1901 4959 cadant.
1996 4892 2465 4957 Nihilominus
2510 4892 2569 4956 si
2616 4889 2991 4956 maluerint
3056 4893 3267 4958 hanc
