3575 5775
1403 578 1898 641 unbem&

550 730 783 796 Ambo
844 728 949 796 illi
1013 732 1335 813 theologi
1388 731 1845 797 lovanienses
1908 728 2206 834 polliciti
2271 706 2454 796 sunt
2493 754 2570 797 se
2633 728 2932 833 amplius

364 861 510 902 non
558 840 1045 903 nominaturos
1090 840 1459 902 Erasmum
1506 840 1978 919 haereticum,
2045 822 2423 903 dummodo
2480 851 2716 903 tamen
2779 839 2931 923 ipse

361 969 402 1009 a
452 946 849 1011 mordendo
898 958 969 1010 et
1016 966 1361 1029 perversa
1408 947 1791 1010 scribendo
1839 956 2226 1029 temperet:
2275 968 2434 1011 meo
2483 932 2744 1009 iudicio
2783 968 2930 1044 am·

358 1052 555 1135 plius
604 1054 695 1116 ab
746 1054 849 1116 eis
896 1052 1165 1135 requiri
1213 1074 1355 1117 non
1407 1056 1641 1118 debet.
1758 1052 1837 1117 Si
1897 1055 2070 1137 quid
2136 1050 2328 1117 aliud
2393 1065 2499 1117 est
2560 1029 2750 1137 quod
2825 1056 2935 1115 vel

356 1162 496 1221 hac
550 1158 619 1223 in
668 1182 767 1240 re,
816 1161 932 1222 vel
981 1160 1050 1221 in
1102 1159 1243 1221 alia
1285 1158 1448 1223 Sum*³
1484 1157 1572 1223 D.
1630 1160 1717 1223 N.
1775 1162 1895 1223 vel
1954 1160 2108 1223 ΚΜ
2163 1157 2251 1223 D.
2309 1157 2400 1224 V.
2449 1158 2734 1223 interea
2771 1149 2934 1223 dum

357 1262 483 1329 hic
528 1288 767 1331 moror
814 1288 856 1330 a
903 1288 1013 1329 me
1063 1268 1269 1347 velit,
1343 1289 1493 1331 sum
1556 1268 1646 1329 ad
1715 1268 1986 1348 omnia,
2061 1268 2240 1331 sicut
2298 1269 2566 1369 debeo,
2639 1270 2927 1361 paratis·

360 1373 605 1437 simus,

2147 1476 2535 1585 theodoricus
2559 1447 2830 1584 ΙΠριιᾷιὶιι.
2834 1570 2841 1586 ,

1570 2016 1723 2084 263.

365 2152 863 2233 Communitas
914 2152 1188 2254 Pragae
1242 2152 1508 2233 Baroni
1564 2152 1830 2254 Burgio
1889 2150 2162 2235 Oratori
2218 2150 2434 2235 Sedis
2471 2151 2938 2314 Apostolioae.

1170 2301 1411 2370 (Armar.
1448 2299 1546 2356 n
1587 2316 1753 2373 capsa
1784 2300 1912 2357 m
1949 2300 2016 2358 N,
2053 2300 2156 2372 17.)

1342 2418 1451 2486 (29-
1494 2419 1747 2467 Octobris
1793 2417 1966 2485 1525.)

546 2551 937 2634 Magnifice
984 2550 1583 2634 Nobilissimeque
1632 2551 1975 2633 Domine,
2025 2548 2332 2616 Domine
2379 2552 2585 2616 nobis
2638 2547 2941 2633 plurima

368 2660 879 2723 benevolentia
928 2658 1325 2722 conciliate.
1417 2658 1787 2722 Nobilitati
1843 2658 2146 2721 Vestrae
2208 2659 2758 2764 eminentissime
2824 2662 2934 2722 ob-

368 2768 619 2849 sequia
668 2778 910 2829 nostra
960 2788 1243 2849 semper
1288 2768 1357 2830 in
1410 2768 1737 2829 omnibus
1784 2764 2236 2857 paratissima
2285 2766 2579 2853 dicimus
2630 2777 2700 2828 et
2731 2766 2939 2847 signi-

372 2874 686 2940 ficamus,
718 2869 1035 2937 Certiore
1071 2870 1441 2938 didicimus
1468 2887 1888 2957 argumento
1937 2872 2217 2936 virtutis
2254 2872 2464 2935 etiam
2499 2857 2944 2954 experientia

372 2982 838 3062 cognovimus
889 2980 1409 3044 Sublimitatem
1462 2981 1791 3044 Vestram
1844 2993 1910 3042 et
1945 2975 2550 3060 Magnificentiam
2600 2979 2941 3070 singulari

374 3091 681 3170 quadam
752 3090 985 3168 gratia
1054 3110 1211 3152 cum
1280 3100 1579 3170 propter
1645 3087 1785 3151 alia
1855 3089 2107 3165 multa,
2180 3095 2324 3147 tum
2395 3106 2568 3147 vero
2637 3086 2940 3148 maxime

372 3207 671 3276 propter
738 3193 1186 3258 Serenissimi
1258 3196 1493 3276 Regis
1568 3195 1914 3257 Ludovici
1977 3192 2300 3272 Domini,
2363 3191 2648 3254 Domini
2721 3192 2940 3266 nostri

377 3300 899 3382 gratiosissimi,
972 3301 1364 3364 arctissima
1424 3322 1685 3382 magna
1750 3302 2032 3382 quidem
2087 3311 2155 3364 et
2203 3300 2604 3387 necessaria
2655 3298 2943 3382 negotia

378 3427 551 3490 erga
598 3407 937 3471 Boe-miae
987 3409 1325 3488 Regnum
1375 3430 1597 3490 usque
1648 3411 1829 3470 adeo
1881 3407 2122 3488 adfici,
2193 3387 2681 3470 uti'omnibus
2729 3410 2943 3469 rebus

378 3515 667 3578 utilibus
718 3522 788 3578 et
855 3515 1171 3578 honestis
1232 3515 1301 3577 in
1372 3497 1725 3597 predicto
1760 3515 2053 3577 Boemie
2118 3536 2344 3596 regno
2409 3514 2752 3578 ordinatis
2801 3511 2942 3576 Re-

381 3621 639 3702 gieque
684 3621 1047 3685 Maiestati
1093 3621 1379 3684 Domini
1428 3622 1651 3685 nostri
1701 3620 2193 3702 gratiosissimi
2240 3642 2370 3704 pro
2422 3609 2676 3685 futuris
2707 3633 2936 3706 gratu-

381 3728 595 3806 letur,
668 3748 809 3790 non
858 3727 1215 3790 minimam
1264 3749 1546 3810 quoque
1595 3729 1759 3790 inde
1809 3728 2168 3809 concipiat
2217 3731 2774 3792 consolationem
2824 3729 2941 3790 ubi

386 3853 507 3896 nos
554 3836 774 3896 multa
816 3845 1014 3896 tenet
1046 3834 1497 3917 ambiguitaS‚
1546 3835 1715 3917 quin
1749 3846 1820 3897 ot
1848 3835 2062 3897 hodie
2115 3856 2399 3918 quoque
2434 3838 2679 3898 eadem
2712 3831 2944 3915 gratia

388 3939 741 4003 Nobilitas
798 3941 1061 4004 Vestra
1129 3961 1305 4023 erga
1370 3941 1741 4004 Civitatem
1815 3926 2460 4024 Metropolitanam¹
2507 3940 2940 4024 Pragensem

392 4067 522 4127 que
570 4048 777 4130 regni
826 4057 1040 4132 caput
1088 4059 1159 4111 et
1205 4048 1327 4111 ubi
1374 4045 1659 4130 Regiae
1709 4059 1817 4112 est
1863 4047 2257 4112 Maiestatis
2308 4046 2535 4110 Sedes
2595 4059 2940 4111 teneatur.

390 4153 593 4218 Unde
644 4166 715 4218 et
761 4176 945 4218 nunc
996 4176 1085 4218 ex
1138 4177 1223 4218 eo
1288 4156 1726 4237 potissimum
1787 4177 1996 4238 quam
2059 4176 2188 4237 per
2235 4151 2633 4218 Eminentie
2685 4153 2942 4218 Vestre

394 4261 795 4343 diligentem
847 4283 1139 4344 operam
1184 4261 1365 4325 fides
1413 4283 1585 4324 vera
1634 4264 2006 4341 catholica,
2055 4261 2354 4342 pristina
2395 4262 2532 4324 iam
2573 4264 2762 4344 apud
2815 4282 2944 4328 nos

394 4365 509 4446 pia
570 4381 763 4431 certe
834 4380 905 4430 et
976 4380 1224 4432 sancta
1271 4371 1539 4451 gaudet
1587 4371 1937 4449 libertate,
1997 4369 2326 4450 ingentes
2375 4364 2648 4451 agimus
2696 4365 2940 4432 Excel-

395 4474 600 4537 lentie
660 4475 923 4538 Vestre
986 4475 1257 4558 gratias
1334 4484 1405 4538 et
1475 4477 1856 4556 habemus,
1918 4495 2002 4538 ac
2051 4473 2362 4538 futurum
2426 4485 2534 4538 est
2595 4485 2672 4536 ut
2735 4487 2944 4538 nacta

399 4585 812 4665 quandoque
861 4591 1146 4665 gratum
1195 4581 1505 4646 faciendi
1556 4582 2088 4666 opportunitate
2135 4603 2266 4664 pro
2316 4593 2562 4646 nostra
2607 4581 2790 4644 virili
2839 4603 2941 4644 re-

398 4683 713 4770 feramuS,
763 4690 927 4752 hinc
978 4700 1087 4752 est
1135 4700 1209 4751 ut
1258 4691 1507 4753 sedulo
1556 4709 1933 4771 cogemuS,
1990 4710 2072 4752 ac
2139 4689 2354 4769 paulo
2405 4681 2777 4753 instantius
2817 4699 2940 4769 'pe-

402 4801 613 4858 tamus
682 4816 822 4878 quo
896 4793 1310 4859 Sublimitas
1360 4795 1621 4860 Vestra
1686 4795 1865 4860 sicut
1938 4797 2136 4878 prius
2205 4793 2305 4856 ita
2377 4795 2490 4856 vel
2567 4792 2780 4856 hodie
2827 4815 2943 4856 res

404 4913 663 4966 nostras
712 4923 963 4966 curare
1009 4903 1083 4966 in
1130 4902 1407 4986 hiisque
1456 4904 1661 4967 nobis
1710 4904 1976 4967 auxilio
2044 4923 2200 4966 esse
2248 4902 2422 4964 velit
2471 4914 2543 4965 et
2590 4903 2942 4984 dignetur.

2526 5024 2628 5082 36*
