3575 5775
1731 574 2191 636 &4³48spae

675 722 846 788 farsi
877 727 946 789 in
981 727 1180 789 Rota
1211 736 1284 789 et
1311 745 1444 808 per
1473 726 1732 789 notarii
1761 725 1837 789 di
1884 728 2157 809 quella:
2208 726 2265 788 si
2314 724 2415 786 ita
2460 732 2571 786 est
2598 727 2733 787 che
2768 722 2913 786 Sua
2946 722 3225 787 Santita

673 833 994 915 imponat
1047 833 1400 895 silentium
1447 835 1563 895 vel
1611 836 2007 915 suspendat
2054 832 2629 915 prosecutionem
2676 831 3057 911 litigiorum
3106 852 3236 915 per

677 943 740 1002 el
790 952 1146 1022 presente,
1191 950 1396 1003 tanto
1441 942 1576 1002 che
1623 960 1839 1022 passa
1888 950 2141 1022 questo
2186 939 2411 1003 furor.

855 1049 1490 1111 Particularmente
1549 1052 1879 1130 besogna
1936 1051 2071 1111 che
2120 1048 2209 1111 V.
2260 1044 2333 1110 S.
2384 1046 2535 1108 R⁸¹¹²
2598 1043 2734 1107 faci
2798 1065 2929 1108 con
2986 1047 3051 1108 el
3098 1044 3233 1108 R‘¹⁰

675 1154 1032 1236 Episcopo
1073 1155 1464 1219 Casertano
1511 1158 1646 1218 che
1693 1176 1825 1218 sua
1872 1153 2211 1237 Signoria
2260 1174 2337 1216 se
2384 1154 2669 1235 deporti
2719 1154 2809 1215 de
2856 1174 2995 1215 una
3042 1164 3233 1215 certa

675 1264 1042 1343 prebenda
1077 1263 1636 1326 monasteriense
1663 1265 1760 1325 ad
1791 1284 2004 1344 quam
2046 1262 2200 1343 ipse
2230 1264 2455 1324 habet
2486 1262 2593 1322 ius
2624 1260 2875 1339 vigore
2907 1281 3233 1323 reservae

675 1388 832 1431 cum
895 1370 1368 1451 derogatione
1429 1372 2059 1447 eonem-datorum,
2124 1370 2365 1431 donde
2426 1388 2519 1431 ne
2588 1369 2889 1430 voleano
2950 1367 3060 1429 far
3118 1372 3231 1449 qui

675 1480 954 1557 grande
1023 1480 1352 1559 querela,
1421 1498 1540 1539 ma
1609 1480 1674 1539 el
1747 1477 2175 1539 cancelliere
2238 1475 2651 1537 coloniense
2698 1474 2839 1537 mio
2888 1475 3111 1537 amico
3162 1485 3233 1537 et

673 1583 1218 1647 honoratissimo
1263 1587 1478 1647 horno
1525 1596 1600 1646 et
1645 1588 1887 1647 buono
1936 1584 2427 1646 ecclesiastico
2474 1605 2587 1647 me
2634 1604 2725 1645 ne
2756 1585 2851 1645 ha
2881 1583 3231 1646 advertito

673 1710 805 1770 per
859 1710 985 1753 sue
1031 1693 1322 1758 lettere,
1383 1693 1454 1753 le
1499 1692 1690 1774 quali
1739 1692 1810 1754 io
1858 1694 2151 1765 mando;
2220 1693 2461 1753 donde
2508 1692 2725 1773 quelli
2772 1712 2819 1753 a
2864 1691 2977 1753 chi
3026 1690 3113 1753 V.
3162 1690 3233 1753 S.

673 1796 826 1858 ΚΝ
867 1800 1332 1861 commettera
1375 1812 1625 1880 queste
1673 1819 1844 1861 cose
1890 1820 1983 1861 ne
2030 1810 2387 1881 potranno
2426 1799 2691 1881 pigliar
2716 1798 3237 1877 informatione,

675 1915 746 1965 et
813 1916 1010 1967 certo
1073 1926 1216 1968 non
1277 1907 1322 1968 e
1383 1926 1554 1969 cosa
1615 1926 1748 1987 per
1808 1906 1859 1968 il
1908 1904 1989 1968 Sr
2040 1906 2435 1969 Casertano
2496 1926 2641 1968 una
2684 1907 3053 1987 prebenda
3098 1926 3239 1969 mo-

675 2011 1148 2083 nasteriense;
1215 2014 1422 2094 pero,
1469 2036 1548 2076 se
1595 2015 1652 2076 si
1701 2026 1905 2096 pote,
1954 2018 2147 2077 bono
2196 2018 2503 2077 sarebbe
2550 2016 2709 2077 chel
2758 2015 3239 2094 compiacesse

671 2138 718 2179 a
741 2132 1098 2200 questoro,
1131 2132 1406 2181 attenta
1435 2123 1630 2183 detta
1667 2122 2139 2203 derogatione
2170 2124 2239 2185 la
2272 2123 2439 2203 qual
2470 2121 2545 2183 fa
2578 2120 2835 2183 strider
2864 2122 2913 2182 il
2952 2122 3237 2184 mundo,

855 2226 1030 2288 Item
1095 2226 1144 2289 il
1207 2226 1470 2309 Signor
1536 2230 1628 2291 de
1691 2229 2168 2291 Armerstorff
2238 2229 2605 2292 camerieri
2670 2230 2803 2290 che
2864 2232 3104 2290 dorme
3164 2229 3239 2291 in

673 2352 956 2394 camera
1017 2334 1090 2395 di
1137 2333 1362 2397 Cesar
1419 2338 1642 2399 molto
1706 2339 1772 2398 al
1842 2358 1972 2399 suo
2034 2358 2303 2418 segnor
2348 2350 2592 2418 gram,
2658 2336 2717 2398 si
2764 2338 3074 2399 lamenta
3118 2338 3239 2399 del

675 2440 826 2500 R¹¹³⁰
871 2438 1253 2503 cardinale
1299 2442 1559 2523 Egidio
1625 2444 1696 2505 di
1759 2456 1957 2507 certa
2018 2444 2511 2527 prepositura.
2576 2445 2829 2525 vigore
2874 2444 3241 2506 cuiusdam

673 2566 992 2614 reserve:
1043 2568 1158 2609 ma
1203 2548 1432 2629 piii.si
1479 2552 1645 2613 dole
1693 2554 1784 2613 de
1836 2553 2075 2613 Monsr
2110 2552 2573 2615 Enckewoirt
2618 2572 2661 2613 a
2710 2552 2819 2613 chi
2870 2551 2965 2612 lui
2998 2560 3071 2613 et
3107 2570 3239 2631 per

673 2656 926 2715 lettere
973 2656 1044 2715 di
1093 2654 1314 2717 Cesar
1361 2666 1434 2718 et
1481 2678 1608 2720 sue
1655 2661 1891 2719 havea
1936 2661 2559 2722 raccommandato
2606 2659 2678 2719 la
2724 2678 2891 2719 cosa
2940 2677 3099 2735 sua,
3165 2668 3239 2719 et

673 2765 916 2823 taxalo
979 2783 1024 2824 o
1085 2765 1178 2825 de
1241 2764 1492 2827 fraude
1553 2785 1598 2826 o
1663 2766 1754 2826 de
1804 2766 2283 2849 negligentia:
2376 2766 2599 2829 Cesar
2644 2786 2769 2827 ore
2816 2785 2941 2827 suo
2990 2786 3101 2827 me
3148 2785 3239 2826 ne

673 2871 766 2931 ha
813 2872 1124 2952 par-lato,
1191 2870 1369 2952 peri»
1417 2892 1509 2935 ne
1555 2874 1649 2935 ho
1697 2875 1945 2937 scritto
2010 2877 2103 2937 ad
2152 2874 2485 2938 ambedoi
2532 2885 2605 2936 et
2650 2893 2869 2936 ancor
2914 2872 3239 2954 supplico

671 3000 714 3039 a
767 2978 1028 3040 vostra
1077 2977 1413 3055 Signoria
1461 2981 2103 3045 Reverendissima
2168 3005 2243 3046 se
2306 2983 2526 3064 degni
2582 2981 2697 3044 sar
2740 2991 3033 3044 trattare
3080 3001 3239 3043 cum

671 3089 734 3146 el
799 3085 1435 3149 Reverendissimo
1485 3089 1869 3152 Cardinale
1934 3092 2306 3172 predett0‚
2368 3092 2502 3153 che
2570 3091 2628 3151 si
2694 3089 2909 3168 degni
2970 3109 3015 3149 o
3074 3109 3237 3150 con-

671 3203 906 3255 tentar
965 3194 1166 3255 detto
1213 3196 1617 3260 camerieri.
1683 3198 1728 3256 ὸ
1775 3200 2059 3260 almeno
2106 3199 2379 3260 scriver
2426 3198 2497 3259 di
2546 3209 2777 3266 sorte.
2840 3198 2971 3258 che
3018 3195 3233 3258 Cesar

671 3318 806 3361 con
867 3302 1066 3361 detto
1131 3303 1500 3363 camerieri
1561 3323 1925 3382 cognosca
1984 3308 2119 3367 che
2166 3327 2309 3367 non
2358 3327 2437 3368 se
2486 3305 2533 3367 li
2576 3305 2645 3367 fa
2675 3314 2897 3374 torto:
2958 3304 3236 3386 questui

671 3407 712 3467 e
775 3406 850 3468 di
915 3408 1104 3468 assai
1169 3409 1646 3490 importanza.
1713 3425 1786 3471 et
1846 3411 1989 3473 fino
2052 3421 2167 3493 qui
2228 3427 2417 3475 stato
2466 3416 2705 3474 buono
2754 3411 3237 3474 ecclesiastico

669 3517 736 3575 al
787 3529 1122 3595 presente
1167 3517 1592 3579 commincia
1637 3539 1680 3577 a
1727 3518 1992 3581 stridar
2038 3532 2110 3582 et
2156 3520 2273 3582 far
2318 3523 2384 3582 el
2426 3521 2691 3582 Trenta
2736 3539 2933 3601 para,
2980 3539 3057 3580 se
3092 3539 3233 3581 non

671 3643 748 3682 se
797 3623 842 3682 li
891 3621 968 3683 sa
1011 3622 1290 3703 ragion,
1337 3643 1538 3686 come
1583 3627 1682 3687 lui
1713 3627 1905 3693 dice:
1954 3630 2215 3690 mando
2246 3630 2321 3690 la
2346 3649 2473 3690 sua
2504 3627 2797 3709 propria
2828 3625 3231 3688 instruttion

667 3749 890 3790 ancor
933 3730 1068 3792 che
1117 3732 1188 3791 la
1233 3732 1324 3793 sii
1365 3731 1438 3793 in
1487 3732 1869 3814 Francese,
1918 3755 2061 3797 non
2110 3739 2203 3798 ho
2250 3747 2494 3817 tempo
2540 3735 2613 3797 di
2660 3734 2997 3796 tradurla.

851 3837 986 3898 L'n'
1017 3841 1202 3900 altra
1247 3859 1466 3901 causa
1513 3843 1604 3902 de
1649 3861 1746 3903 un
1794 3843 2295 3906 honestissimo
2324 3842 2783 3906 Gentilhomo
2824 3839 3235 3923 praeposito

669 3945 1188 4007 hildesemense
1245 3959 1320 4008 et
1381 3949 1726 4010 canonico
1773 3949 2203 4030 Moguntino
2260 3953 2451 4012 buon
2502 3949 2808 4011 servitor
2854 3947 2925 4008 di
2976 3945 3237 4008 Nostro

669 4049 978 4132 Signore
1045 4065 1116 4115 et
1179 4056 1381 4116 dotto
1429 4069 1502 4116 et
1547 4057 1823 4120 daben.
1872 4061 1941 4118 la
1988 4061 2153 4139 qual
2204 4080 2281 4120 se
2328 4057 2475 4120 cosi
2524 4057 2567 4118 e
2612 4075 2815 4118 come
2862 4054 2957 4117 lui
3006 4074 3239 4121 narra,

667 4173 866 4221 certo
913 4160 954 4220 e
1007 4165 1226 4224 molta
1273 4163 1577 4226 strania.
1623 4175 1698 4225 et
1745 4165 2035 4226 doliomi
2082 4168 2217 4228 che
2266 4167 2309 4228 l’
2338 4163 2555 4227 habbi
2606 4167 2703 4226 tal
2753 4163 3239 4224 controversia

671 4287 828 4327 cum
877 4267 1154 4330 Messer
1197 4268 1320 4347 Ja:
1387 4269 1948 4352 Questemberg,
2014 4275 2079 4334 el
2146 4275 2313 4354 qual
2362 4293 2631 4334 ancora
2692 4273 2825 4332 che
2892 4269 2983 4332 mi
3029 4269 3117 4330 sii
3162 4269 3237 4331 in

671 4373 878 4434 luoco
927 4373 998 4434 di
1057 4377 1306 4454 padre.
1369 4381 1754 4438 tuttavolta
1816 4399 1948 4458 per
2002 4379 2049 4440 il
2100 4383 2241 4442 ben
2290 4381 2581 4462 publico
2628 4399 2757 4441 son
2804 4387 3145 4440 costretto
3194 4397 3239 4438 a

671 4479 938 4540 scriver
1003 4495 1073 4542 et
1137 4497 1514 4546 contentar
1577 4500 1937 4566 questore.
2034 4487 2170 4548 Un'
2204 4491 2385 4549 altra
2450 4487 2521 4548 di
2569 4487 2808 4566 quello
2854 4483 3238 4547 medesimo

669 4601 920 4648 contra
981 4608 1076 4650 un
1125 4590 1345 4657 altro:
1413 4594 1675 4654 mando
1739 4594 1807 4655 le
1876 4613 2003 4655 sue
2050 4595 2527 4661 instruttioni,
2596 4593 2855 4656 Vostra
2900 4591 3239 4673 Signoria

671 4692 1304 4757 Reverendissima
1349 4698 1404 4758 si
1455 4700 1674 4776 degni
1717 4702 1785 4762 le
1820 4715 2189 4768 cometter.
2236 4715 2309 4764 et
2344 4702 2457 4764 far
2483 4705 2617 4764 che
2646 4702 2719 4762 di
2752 4699 2869 4781 qui
2902 4709 3235 4780 questoro

669 4801 1014 4862 habbiino
1081 4805 1380 4882 qualche
1441 4819 1772 4887 resposta
1830 4809 1965 4870 che
2030 4809 2101 4871 io
2164 4811 2259 4872 ho
2320 4809 2503 4871 fatto
2568 4809 2611 4870 1·
2646 4807 2885 4870 officio
2942 4807 3077 4868 che
3122 4825 3235 4866 me

669 4909 910 4970 hanno
957 4909 1318 4992 requisito,
