3575 5775
1366 606 1859 663 0-<3343tbw

329 752 628 816 materia
673 752 878 831 fidei,
951 773 1164 835 quam
1207 773 1514 833 morum,
1580 774 1779 817 come
1828 752 2047 835 quelli
2095 752 2227 814 che
2274 772 2451 815 sono
2500 750 2666 813 stati
2714 771 2892 813 com·

329 860 516 941 posti
564 880 695 941 per
743 860 1197 940 Cancellieri,
1248 869 1320 923 et
1369 859 1759 923 Conselieri
1809 859 2191 938 lutherani,
2244 872 2316 921 et
2362 880 2438 922 :e
2488 879 2623 940 pur
2670 876 2799 941 per
2845 857 2895 919 li

328 965 547 1047 tempi
615 966 882 1048 passati
954 968 1044 1029 ad
1106 967 1580 1047 grandissima
1643 966 1983 1030 instantia
2048 968 2137 1029 de
2186 968 2255 1029 la
2302 969 2491 1029 bona
2557 964 2896 1028 memoria

329 1072 855 1154 MaximilianO,
925 1081 999 1137 et
1059 1077 1150 1136 de
1198 1072 1359 1135 altri
1407 1073 1723 1155 Principi
1785 1074 1877 1137 de
1924 1072 2340 1153 Germania,
2410 1072 2452 1135 ὲ
2500 1080 2687 1135 stata
2734 1092 2893 1135 con-

328 1200 532 1243 cessa
580 1182 834 1243 alcuna
881 1201 1050 1243 cosa
1097 1201 1239 1244 non
1287 1183 1470 1243 cossi
1513 1180 1895 1259 ordinaria,
1943 1180 2062 1263 gia
2096 1180 2359 1245 Nostro
2392 1178 2697 1262 Signore
2744 1178 2892 1241 feli-

328 1299 652 1351 cernente
697 1296 1050 1369 regnante
1098 1288 1299 1369 Papa
1347 1288 1625 1368 Leone,
1698 1298 1769 1351 et
1818 1287 2034 1369 dopoi
2079 1287 2441 1367 AdrianO,
2505 1295 2577 1349 et
2622 1286 2692 1347 al
2739 1304 2884 1367 pre·

327 1404 530 1457 sente
580 1394 844 1457 Nostro
893 1390 1203 1477 Signore
1253 1394 1454 1477 Papa
1487 1395 1853 1458 Clemente
1902 1414 2182 1476 sempre
2229 1396 2467 1457 hanno
2515 1394 2892 1455 abstenuto

327 1501 438 1565 far
485 1501 614 1565 tali
663 1502 1134 1581 concessioni,
1200 1515 1268 1565 et
1322 1501 1362 1564 e
1410 1501 1861 1586 paratissima
1908 1500 2053 1565 Sua
2102 1499 2377 1564 Santita
2426 1501 2711 1582 quando
2763 1500 2893 1562 che

327 1626 454 1690 per
503 1628 548 1671 o
597 1608 1097 1672 ambasciatori
1145 1610 1234 1671 de
1283 1607 1430 1672 Sua
1476 1608 1786 1689 Maesta,
1848 1629 1890 1671 o
1938 1609 2193 1671 alcune
2240 1610 2537 1673 honeste
2585 1626 2893 1690 persone

328 1734 458 1796 per
505 1734 716 1779 nome
774 1715 844 1777 di
894 1726 1147 1796 questa
1193 1716 1501 1780 Natione
1561 1716 2077 1794 debitamente,
2142 1725 2214 1778 et
2261 1736 2419 1779 cum
2466 1713 2680 1778 filiale
2729 1715 2879 1777 obe-

330 1819 600 1885 dientia
647 1821 731 1885 sii
779 1812 1137 1886 advertite
1185 1822 1256 1886 di
1305 1824 1560 1886 alcuna
1608 1843 1778 1887 cosa
1827 1824 2066 1905 degna
2112 1822 2204 1885 de
2253 1822 2719 1901 correttione,
2784 1820 2896 1883 far

330 1938 482 1992 tuto
531 1929 772 2010 quello
821 1930 952 1993 che
999 1931 1478 2013 appartenghi
1527 1950 1570 1993 a
1617 1932 1759 1993 bon
1815 1932 2039 2013 padre
2088 1938 2161 1993 et
2192 1938 2481 2011 pastore
2538 1928 2637 1991 dil
2668 1946 2895 2010 grege

331 2035 772 2117 ChristianO,
843 2044 916 2099 et
961 2038 1147 2099 cossi
1192 2036 1384 2117 fara,
1458 2046 1530 2101 et
1573 2038 1668 2099 ha
1713 2036 1895 2099 satto
1945 2056 2101 2099 curn
2152 2035 2397 2099 effetto
2452 2056 2584 2117 per
2630 2056 2709 2097 se
2758 2053 2893 2097 me·

330 2144 610 2224 desma,
687 2144 1070 2225 dovunque
1141 2145 1213 2206 la
1271 2144 1456 2206 vede
1519 2163 1714 2207 esser
1771 2142 2176 2207 necessaria
2234 2144 2491 2207 alcuna
2559 2141 2892 2205 reforma·

327 2248 542 2315 tione.
637 2248 744 2312 Ne
794 2250 953 2313 sara
993 2250 1393 2333 debisogno
1442 2252 1574 2313 che
1623 2250 1682 2312 si
1729 2248 1966 2313 facino
1998 2249 2229 2335 questi
2259 2249 2557 2328 tumulti,
2607 2270 2695 2311 ne
2726 2258 2891 2311 stre-

327 2356 460 2439 piti
525 2376 658 2438 per
723 2357 894 2439 ogni
938 2358 1060 2421 via
1123 2356 1738 2439 perniciosissimi,
1812 2378 1855 2419 a
1903 2359 1973 2420 la
2018 2359 2246 2420 salute
2313 2358 2402 2419 de
2451 2357 2493 2420 1'
2522 2356 2757 2419 anima
2824 2364 2895 2419 et

329 2462 496 2526 beni
545 2462 920 2545 temporali
968 2464 1058 2526 de
1107 2474 1259 2526 tuto
1307 2466 1374 2527 el
1422 2463 1999 2541 Christianesmo.

505 2570 615 2633 De
663 2580 813 2633 tute
861 2580 1112 2652 queste
1161 2590 1327 2634 cose
1375 2572 1639 2634 Nostro
1673 2567 1982 2651 Signore
2030 2571 2125 2633 ha
2170 2572 2416 2634 voluto
2466 2571 2599 2633 che
2646 2570 2728 2633 sii
2776 2571 2892 2633 ad·

329 2676 586 2741 vertita
633 2679 704 2741 la
734 2676 1090 2741 Caesarea
1121 2677 1400 2741 Maesta
1449 2680 1540 2740 ad
1587 2679 1829 2757 lung0‚
1880 2697 2020 2739 non
2068 2679 2221 2740 solo
2268 2697 2398 2758 per
2447 2676 2727 2758 privato
2767 2697 2893 2758 suo

331 2784 736 2865 commod0,
787 2803 829 2845 o
879 2784 978 2846 dil
1029 2782 1234 2847 Stato
1282 2783 1827 2862 Ecclesiastico,
1878 2804 1988 2846 ma
2036 2804 2166 2865 per
2212 2784 2690 2849 communicat
2736 2804 2894 2847 cum

331 2889 477 2954 Sua
519 2891 800 2956 Maesta
863 2911 1064 2955 come
1127 2894 1362 2973 quella
1433 2893 1563 2954 che
1635 2891 1672 2953 ὲ
1735 2891 1784 2952 il
1848 2893 2159 2954 secondo
2221 2893 2407 2954 lume
2471 2891 2568 2954 dil
2624 2893 2893 2973 populo

331 2997 752 3078 ChristianO,
803 2997 1000 3061 accio
1051 3000 1184 3060 che
1233 2998 1325 3061 da
1375 2999 1424 3061 li
1461 2997 1860 3080 sopradetti
1893 2997 2019 3060 atti
2068 2999 2137 3060 la
2170 2998 2523 3061 consideri
2554 3019 2631 3060 se
2661 2997 2893 3079 questi

331 3103 574 3186 populi
638 3104 857 3168 fanno
906 3124 1132 3186 pocco
1184 3115 1470 3186 compto
1519 3107 1609 3167 de
1657 3103 1835 3185 Dio,
1902 3113 1973 3167 et
2019 3104 2119 3168 dil
2167 3101 2314 3167 Suo
2363 3104 2689 3184 Vicario,
2762 3105 2893 3166 che

332 3220 526 3274 tanto
590 3230 834 3290 meno,
907 3233 950 3274 a
998 3213 1066 3274 la
1113 3211 1445 3292 giornata
1491 3210 1744 3274 sarano
1794 3211 1885 3274 de
1935 3209 2081 3274 Sua
2126 3210 2403 3274 Maesta
2464 3220 2537 3274 et
2595 3211 2685 3274 de
2734 3211 2894 3274 altri

333 3314 638 3399 Segnori
683 3317 1080 3399 temporali.
1175 3317 1265 3379 Et
1310 3316 1429 3400 gia
1480 3338 1568 3380 ne
1617 3319 1857 3380 hanno
1905 3327 2295 3380 monstrato
2345 3317 2533 3380 assai
2563 3317 2893 3380 evidente

333 3426 690 3507 exemplo:
741 3426 1004 3506 perche
1053 3426 1236 3486 oltra
1287 3425 1418 3486 che
1468 3425 1670 3505 quasi
1719 3445 2001 3506 sempre
2052 3425 2268 3507 quelli
2315 3424 2561 3507 populi
2604 3424 2893 3489 habiino

333 3541 530 3595 usato
579 3550 806 3614 pocca
853 3531 1302 3610 obedientia,
1375 3551 1418 3594 a
1467 3531 1514 3593 li
1563 3532 1716 3594 suoi
1763 3531 2223 3614 Imperatori,
2294 3531 2777 3594 ultimamente
2824 3533 2894 3595 in

337 3651 580 3722 questa
627 3640 888 3703 Diaeta
951 3660 1092 3702 non
1163 3642 1496 3703 obstante
1563 3640 1694 3702 che
1744 3639 1925 3701 siino
1976 3638 2223 3702 vasalli
2288 3639 2377 3702 de
2425 3636 2571 3701 Sua
2619 3638 2895 3702 Maesta

337 3756 405 3810 et
445 3747 818 3830 prestatoli
868 3748 933 3809 el
980 3745 1376 3809 iuramento
1424 3765 1568 3808 non
1617 3745 1900 3809 dimeno
1950 3747 2041 3808 da
2090 3765 2167 3808 se
2196 3744 2535 3808 medesmi
2568 3748 2894 3810 haveano

339 3856 666 3917 concluso
727 3854 1023 3916 mandar
1072 3852 1599 3916 Ambasciatori
1661 3853 1730 3915 al
1776 3852 1896 3915 Re
1947 3853 2036 3914 de
2084 3851 2389 3932 Franza,
2460 3853 2509 3914 il
2572 3854 2703 3914 che
2764 3871 2896 3934 par

338 3963 462 4025 che
511 3981 654 4024 non
703 3961 891 4024 bene
939 3959 1347 4041 convenghi
1395 3959 1482 4022 ne
1533 3981 1574 4021 a
1620 3960 1664 4023 1’
1692 3961 1923 4023 honor
1964 3961 2050 4022 ne.
2098 3961 2167 4022 al
2210 3959 2581 4022 commodo
2623 3959 2714 4022 de
2750 3958 2897 4022 Sua

339 4067 632 4150 Maesta,
681 4078 752 4131 et
787 4066 1026 4149 dopoi,
1075 4067 1378 4130 essendo
1409 4068 1563 4130 loro
1593 4061 1957 4148 prohibito
1990 4067 2107 4129 dal
2137 4065 2613 4129 Illustrissimo
2650 4065 2894 4129 Archi-

341 4176 533 4257 duca,
583 4183 656 4238 et
704 4175 822 4238 dal
856 4173 1115 4239 Orator
1150 4173 1456 4238 Cesareo
1507 4175 1638 4236 che
1685 4193 1831 4236 non
1879 4173 2237 4236 facessero
2287 4175 2381 4236 tal
2420 4192 2607 4253 cosa,
2657 4174 2894 4236 hanno

339 4281 512 4346 fatto
561 4283 816 4346 alcune
844 4280 1346 4363 protestationi
1379 4299 1606 4362 pocco
1647 4279 2068 4344 honorevoli
2116 4299 2158 4342 a
2194 4277 2339 4342 Sua
2371 4278 2651 4342 Maesta
2692 4298 2895 4343 como

341 4390 570 4472 quella
620 4409 711 4451 ne
761 4389 944 4451 deve
994 4407 1191 4454 esser
1239 4389 1329 4450 da
1379 4385 1530 4450 suoi
1577 4387 1696 4468 piu
1749 4387 2221 4468 amplamente
2267 4385 2667 4450 informata.

511 4496 616 4559 Le
666 4493 858 4577 quali
891 4514 1059 4558 cose
1104 4506 1256 4557 tute
1304 4496 1446 4557 ben
1493 4493 1968 4574 considerate,
2016 4490 2163 4555 Sua
2186 4491 2465 4556 Maesta
2511 4494 2695 4556 deve
2741 4493 2897 4556 hor-

338 4602 472 4666 mai
520 4603 718 4685 aprir
761 4601 807 4666 li
858 4600 1069 4681 ochii,
1120 4611 1190 4664 et
1236 4611 1610 4683 postposta
1659 4601 1829 4681 ogni
1869 4597 2051 4662 altra
2099 4619 2265 4662 cosa
2310 4601 2639 4664 attendet
2686 4621 2729 4662 a
2767 4601 2899 4662 dar

339 4709 649 4773 remedio
718 4730 759 4771 a
818 4718 1020 4772 tanto
1069 4709 1440 4789 scandaIO,
1513 4710 1643 4772 che
1713 4728 1847 4791 par
1892 4709 2146 4772 tendet
2214 4731 2253 4772 a
2315 4710 2493 4772 total
2538 4709 2743 4772 ruina
2805 4709 2896 4772 de

339 4817 406 4878 la
436 4814 915 4896 Christianita,
964 4824 1038 4878 et
1084 4813 1506 4896 gravissima
1555 4825 1724 4879 nota
1773 4816 1865 4878 de
1896 4813 2043 4878 Sua
2071 4815 2347 4878 Maesta
2397 4815 2467 4878 la
2514 4817 2680 4897 qual
2713 4815 2897 4878 oltra

344 4924 470 4986 che
517 4923 554 4986 ὲ
601 4923 958 4986 advocato
1006 4921 1343 5003 primario
1393 4922 1484 4986 de
1533 4924 1600 4986 la
1632 4921 1913 4986 Chiesia
1961 4922 2051 4985 de
2082 4921 2243 5003 Dio,
2295 4942 2557 4986 ancora
2602 4921 2637 4984 ὲ
2679 4923 2895 4986 molto
