3575 5775
1483 588 1907 645 0⁴37&

403 753 756 835 pestifera
812 751 1018 814 radix
1071 753 1686 835 pestilentissimos
1734 775 1970 817 ramos
2020 765 2090 817 et
2138 753 2468 837 palmites
2516 758 2865 838 producat
2915 765 2985 820 et

403 861 706 924 ulterius
737 869 998 941 serpat.
1065 859 1330 923 Omnes
1369 871 1443 924 et
1481 862 1803 944 singulos
1852 863 2157 946 partium
2207 864 2687 945 predictarum
2736 864 2981 926 utrius-

403 990 548 1049 que
583 989 796 1031 sexus
832 968 1332 1049 cujuscumque
1373 978 1598 1033 status
1632 970 2024 1033 nobilitatis
2060 980 2131 1032 et
2170 970 2641 1033 condictionis
2674 970 2987 1033 existant

401 1077 478 1139 in
531 1076 928 1157 hujusmodi
975 1076 1326 1139 haeresim
1377 1087 1447 1139 et
1497 1097 1774 1141 errores
1824 1077 1995 1140 dicti
2028 1078 2319 1141 Martini
2370 1080 2746 1160 prolapsos
2795 1088 2867 1139 et
2912 1078 2983 1140 in

403 1204 684 1265 poenas
703 1182 772 1245 in
800 1182 1006 1245 dictis
1031 1182 1284 1245 litteris
1309 1194 1680 1247 contentas
1705 1184 2049 1264 incurSOS,
2084 1183 2202 1266 qui
2230 1205 2510 1249 errores
2535 1205 2701 1247 suos
2726 1194 2984 1267 sponte

405 1290 836 1353 confitentes
897 1290 1248 1353 haeresim
1297 1292 1662 1373 objurare,
1731 1302 1804 1355 et
1850 1294 1942 1355 ad
1991 1312 2235 1354 veram
2283 1290 2496 1355 fidem
2546 1290 2985 1355 Catholicam

403 1398 731 1461 converti
780 1397 1154 1473 voluerint,
1218 1396 1274 1460 si
1324 1400 1460 1460 hoc
1508 1398 1868 1462 humiliter
1915 1398 2255 1480 petierint
2302 1400 2393 1461 ad
2443 1398 2858 1479 hujusmodi,
2913 1408 2985 1460 et

403 1505 570 1567 aliis
605 1524 846 1567 eorum
875 1504 1292 1567 excessibus
1321 1506 1532 1568 etiam
1558 1506 1911 1569 haeresim
1946 1505 2410 1587 sapientibUS,
2446 1515 2516 1568 et
2544 1506 2797 1588 poenis
2826 1524 2983 1586 pre·

403 1613 642 1693 dictis,
691 1610 992 1693 prestito
1041 1620 1278 1673 tamen
1327 1612 1525 1692 prius
1572 1631 1703 1693 per
1753 1632 1877 1675 eos
1926 1612 2281 1693 corporali
2326 1612 2739 1691 Juramento
2790 1615 2983 1693 quod

403 1720 666 1783 similia
715 1720 804 1781 de
851 1726 1140 1780 coetero
1190 1739 1328 1780 non
1382 1720 1843 1799 committent,
1894 1740 2027 1782 nec
2078 1739 2163 1783 ea
2196 1720 2796 1783 committentibus
2830 1740 2981 1801 pre-

405 1830 702 1890 stabunt
752 1824 1110 1905 auxilium,
1155 1825 1542 1889 Consilium
1594 1836 1666 1889 et
1696 1827 2037 1907 favorem,
2088 1848 2220 1890 nec
2251 1847 2394 1890 non
2426 1830 2519 1890 ab
2554 1826 2710 1891 aliis
2742 1847 2983 1889 eorum

405 1934 752 2016 peccatis,
810 1932 1190 1995 dummodo
1241 1953 1382 1995 non
1434 1932 1574 1996 sint
1621 1933 1794 1997 talia
1840 1944 2139 2015 propter
2186 1954 2373 2016 quae
2420 1932 2629 1997 sedes
2679 1934 2981 2015 Aposto-

408 2042 548 2105 lica
579 2042 770 2104 foret
803 2040 1052 2102 merito
1088 2042 1546 2122 consulenda,
1596 2042 2018 2104 auctoritate
2050 2052 2314 2121 nostra,
2366 2043 2585 2104 semel
2616 2041 2987 2103 dumtaxat

405 2170 545 2231 pro
593 2146 916 2230 quolibet
964 2168 1239 2228 eorum,
1286 2148 1605 2212 iniuncta
1651 2148 1866 2213 etiam
1915 2148 2017 2211 eis
2065 2169 2195 2231 pro
2247 2148 2458 2211 modo
2491 2148 2762 2229 Culpae
2795 2147 2985 2230 peni-

407 2256 638 2319 tentia
683 2254 996 2333 salutari,
1047 2264 1118 2315 et
1167 2254 1321 2317 aliis
1370 2276 1555 2337 quae
1607 2258 1695 2317 de
1744 2256 1894 2317 iure
1943 2254 2207 2319 fuerint
2244 2254 2705 2336 injungenda,
2758 2257 2985 2318 absol·

411 2364 664 2440 vendi,
731 2382 861 2423 nec
929 2381 1068 2423 non
1128 2382 1252 2424 eos
1316 2365 1407 2424 ad
1470 2363 1730 2425 famam
1794 2372 1863 2425 et
1918 2364 2229 2426 honores
2277 2362 2617 2444 pristinos
2634 2410 2653 2442 ,
2719 2362 2988 2425 abolita

407 2471 611 2552 prius
669 2468 993 2547 infamia,
1064 2469 1484 2532 restituendi
1549 2481 1619 2533 et
1679 2470 2017 2551 ponendi.
2113 2470 2378 2533 Contra
2436 2470 2597 2533 illos
2644 2489 2818 2532 vero
2866 2468 2989 2550 qui

407 2578 676 2639 talibus
743 2576 1102 2639 erroribus
1165 2577 1679 2640 contumaciter
1725 2578 2111 2658 persistere
2159 2578 2515 2640 voluerint
2563 2576 2987 2640 auctoritate

407 2695 680 2764 nostra,
729 2694 944 2765 prout
984 2684 1158 2764 juris
1205 2682 1457 2765 fuerit,
1508 2686 1985 2766 procedendi,
2034 2685 2371 2766 ipsosque
2422 2684 2828 2765 corrigendi
2879 2704 2986 2745 ca·

406 2790 726 2873 stigandi
759 2801 828 2853 et
863 2790 1226 2872 puniendi,
1279 2801 1349 2853 et
1383 2791 1596 2855 Curia
1629 2792 1979 2855 saeculari
2030 2791 2381 2872 tradendi,
2430 2812 2513 2854 ac
2562 2793 2702 2854 alia
2746 2800 2989 2855 nostra

405 2909 484 2962 et
549 2897 828 2980 singula
898 2919 1080 2980 quae
1136 2899 1496 2961 hereticae
1546 2899 1922 2980 pravitatis
1969 2899 2465 2981 inquisitoreS,
2534 2901 2623 2962 de
2667 2900 2822 2980 jure
2870 2899 2987 2960 vel

405 3004 928 3070 consuetudine
977 3006 1218 3069 facere
1267 3017 1581 3087 possent,
1652 3017 1724 3070 et
1771 3009 2141 3086 deberent,
2190 3007 2499 3071 faciendi
2564 3005 2867 3088 gerendi
2917 3017 2991 3069 et

407 3113 838 3196 exequendi.
914 3113 1003 3177 Et
1051 3114 1217 3196 quia
1265 3117 1670 3196 complures
1717 3115 1881 3178 libri
1928 3115 2266 3177 articulos
2305 3115 2481 3177 alias
2513 3113 2989 3177 conciliariter

405 3223 788 3285 damnatos
835 3221 1283 3284 continentes
1330 3241 1416 3283 ac
1465 3232 1707 3284 nostro
1759 3231 1829 3285 et
1876 3222 2081 3302 hujus
2130 3219 2443 3283 Sanctae
2478 3218 2689 3283 Sedis
2735 3220 2989 3283 honori

407 3331 874 3393 detrahentes
942 3338 1194 3392 contra
1240 3327 1626 3392 Decretum
1682 3329 2005 3392 moderni
2055 3327 2523 3392 lateranensis
2572 3326 2868 3391 Concilii
2916 3328 2985 3390 in

405 3437 570 3519 ipsa
621 3435 1004 3500 Germania
1051 3436 1377 3517 impressi
1426 3437 1744 3516 fuerunt,
1813 3437 2034 3500 libros
2082 3435 2481 3518 hujusmodi
2528 3435 2600 3497 in
2650 3433 2869 3498 officii
2918 3445 2990 3499 et

405 3544 783 3625 dignitatis
833 3553 1120 3606 nostrae
1171 3564 1252 3605 ac
1288 3544 1544 3606 Dictae
1577 3542 1785 3606 Sedis
1820 3544 2359 3626 depressionem
2391 3552 2661 3606 temere
2701 3545 2987 3624 loquen-

403 3665 550 3731 teS,
618 3650 904 3732 publice
971 3671 1054 3713 ac
1121 3653 1360 3732 palam
1429 3652 1749 3713 comburi
1796 3650 2109 3713 faciendi
2158 3660 2230 3713 et
2279 3659 2529 3714 contra
2578 3652 2989 3714 eorumdem

405 3761 754 3822 librorum
815 3769 1146 3822 auctores
1192 3757 1663 3839 procedendi,
1732 3760 2019 3838 plenam
2068 3767 2141 3820 et
2186 3757 2485 3820 liberam
2534 3758 2987 3821 Auctoritate

407 3865 838 3947 Apostolica
910 3876 1158 3928 tenore
1231 3864 1667 3946 presentium
1739 3863 2197 3927 concedimus
2273 3863 2708 3927 facultatem.
2826 3864 2988 3927 Non

401 3974 860 4037 obstantibus
893 3972 1516 4036 constitutionibus
1549 3981 1620 4034 et
1649 3971 2240 4050 ordinationibus,
2288 3992 2417 4034 nec
2450 3991 2591 4034 non
2634 3970 2985 4052 quibisvis

403 4079 812 4164 privilegiis
843 4079 1133 4142 indultis
1169 4088 1241 4141 et
1269 4077 1523 4142 litteris
1554 4077 2017 4159 ApostoliciS,
2054 4077 2421 4159 quibusvis
2456 4076 2529 4140 in
2561 4096 2831 4158 genere
2872 4077 2989 4139 vel

405 4191 484 4251 in
517 4187 760 4269 specie
792 4185 1175 4264 concessis,
1208 4205 1812 4266 quorumcumque
1844 4195 2168 4247 tenorum
2202 4183 2481 4262 fuerint,
2533 4203 2717 4265 quae
2750 4185 2989 4265 quoad

403 4295 764 4378 premissa
811 4295 913 4356 eis
965 4296 1289 4356 nolumus
1339 4291 1746 4373 suffragari,
1805 4290 2221 4372 Ceterisque
2277 4289 2651 4353 contrariis
2707 4291 2987 4372 quibus-

407 4421 740 4482 cumque.
789 4401 1054 4463 Datum
1103 4401 1384 4463 Romae
1449 4403 1640 4481 apud
1693 4399 2033 4462 Sanctum
2086 4398 2372 4460 Petrum
2434 4418 2621 4461 anno
2666 4397 2986 4461 incarna-

407 4507 632 4572 tionis
679 4509 964 4572 Domini
995 4508 1374 4571 Millesimo
1435 4505 2008 4588 quingentesimo
2059 4505 2423 4578 vicesimo;
2488 4505 2782 4568 Decimo
2832 4526 2986 4586 sep·

405 4617 590 4679 timo
638 4617 781 4680 kal.
833 4615 1161 4698 Augusti,
1213 4614 1678 4677 Pontificatus
1725 4614 1949 4675 nostri
1998 4632 2185 4674 anno
2236 4621 2511 4677 octavo
