3575 5775
1706 550 2164 607 0-<1314sp-*0

649 718 791 762 non
842 698 1224 762 damnavit.
1320 696 1410 760 Et
1458 717 1676 779 super
1723 700 1904 761 haec
1954 698 2191 761 omnia
2251 698 2320 759 in
2386 698 2668 779 prefata
2730 702 2924 763 bulla
2974 722 3217 765 omnes

649 815 1146 889 receptatores
1211 804 1628 869 defensores
1688 804 2006 867 fautores
2054 814 2189 868 ete.
2298 806 2591 869 Lutheri
2654 808 2853 888 quasi
2902 809 3212 871 damnati

648 914 1019 976 videntur:
1072 911 1276 975 Sicut
1325 923 1558 975 autem
1608 912 1925 974 veridica
1972 912 2319 975 relatione
2368 915 2459 975 ad
2508 934 2637 974 nos
2680 915 3059 977 deductum
3110 928 3216 977 est

645 1022 838 1100 quod
892 1021 1081 1083 idem
1131 1021 1486 1082 Lutherus
1547 1019 1619 1081 in
1670 1018 1883 1081 Curia
1944 1019 2381 1082 invictissimi
2444 1030 2515 1081 et
2571 1021 3022 1085 sacratissimi
3075 1024 3207 1085 Do-

648 1127 816 1191 mini
865 1127 1150 1189 Domini
1185 1127 1420 1189 Caroli
1471 1126 1797 1189 Caesaris
1846 1126 2315 1207 potentissimi
2364 1126 2648 1189 Domini
2700 1138 2769 1189 et
2816 1128 3214 1191 fundatoris

647 1236 869 1297 nostri
919 1234 1444 1297 clementissimi
1473 1234 1582 1295 his
1617 1233 1871 1296 diebus
1918 1232 2131 1295 fuerit
2180 1236 2294 1295 vel
2344 1234 2563 1315 degit,
2614 1236 2705 1297 de
2753 1236 2949 1298 cuius
2997 1237 3207 1298 invic-

645 1342 893 1403 tissimi
942 1340 1286 1423 principis
1335 1340 1632 1402 consilio
1691 1350 1853 1403 sunt
1915 1342 2369 1421 quamplures
2421 1341 2999 1424 Archiepiscopi‚
3050 1344 3209 1425 Epi-

648 1448 880 1531 scopi,
946 1448 1248 1527 Prelati,
1319 1448 1673 1510 Doctores
1739 1456 1811 1509 et
1860 1447 2304 1509 omnifariam
2356 1450 2669 1529 experti,
2736 1450 2976 1531 ibique
3038 1452 3207 1514 nihil

646 1556 939 1636 dignum
1003 1566 1230 1618 morte
1298 1566 1417 1617 aut
1484 1554 1776 1617 infamia
1828 1555 2055 1617 eidem
2116 1555 2425 1617 Luthero
2478 1568 2707 1618 actum
2761 1577 2938 1637 esse,
3000 1580 3089 1620 ne
3140 1560 3205 1620 in

589 1729 592 1731 ,
643 1663 988 1744 praedicti
1022 1662 1286 1724 domini
1317 1662 1661 1743 principis
1711 1663 1933 1724 nostri
1959 1663 2303 1743 jacturam
2352 1682 2570 1743 agere
2604 1664 2972 1727 videamur
3003 1666 3209 1727 nobis

644 1790 1090 1853 nequaquam
1138 1770 1354 1833 licere
1403 1768 1918 1851 precipitanter
1967 1769 2283 1832 eiusdem
2325 1770 2667 1851 principis
2716 1773 2937 1833 nostri
2972 1787 3205 1835 mente

642 1899 782 1939 non
834 1877 1080 1940 habita
1128 1878 1557 1959 procedere:
1610 1877 1700 1939 Et
1747 1878 1941 1958 quod
1989 1878 2173 1940 idem
2223 1878 2536 1957 Joannes
2572 1877 2831 1940 Echius
2860 1880 3203 1943 Nuncium

643 2006 718 2047 se
751 1985 1004 2047 asserit
1047 1984 1536 2066 apostolicum,
1589 1986 1678 2047 de
1729 1986 1923 2065 cujus
1974 1984 2467 2047 commissione
2502 1986 2591 2047 de
2632 1987 2887 2048 notarii
2923 2006 3205 2067 quoque

643 2103 712 2153 et
792 2091 1048 2173 prelati
1113 2092 1230 2173 qui
1280 2102 1797 2173 transumptum
1857 2092 2337 2154 transmissum
2388 2094 2477 2155 ad
2544 2113 2669 2155 nos
2733 2108 2807 2155 ut
2869 2095 3207 2157 asseritur

639 2200 1042 2262 munierunt
1080 2198 1584 2281 legalitatibus,
1637 2198 1810 2261 nihil
1844 2210 2143 2261 constat.
2211 2198 2441 2279 Quum
2476 2198 2715 2281 itaque
2766 2222 2895 2262 nos
2929 2202 3205 2263 Rector

637 2306 960 2387 prefatus
1008 2307 1078 2368 in
1128 2307 1548 2369 consistorio
1583 2315 1829 2369 nostro
1878 2326 2007 2387 pro
2042 2306 2448 2387 pluralitate
2480 2318 2807 2369 votorum
2840 2312 3198 2371 concluse-

637 2415 852 2476 rimus
901 2417 994 2475 ob
1044 2414 1517 2476 reverentiam
1567 2412 2027 2475 Illustrissimi
2092 2422 2161 2475 et
2208 2412 2661 2477 Invictissimi
2722 2415 3065 2496 principis
3132 2427 3202 2478 et

644 2520 922 2582 Domini
989 2520 1211 2583 nostri
1262 2520 1546 2582 Domini
1596 2520 1833 2583 Caroli
1882 2520 2374 2583 Romanorum
2424 2521 2880 2602 Imperatoris
2943 2532 3013 2585 et
3064 2524 3197 2585 Do—

639 2629 804 2689 mini
840 2627 1272 2689 Ferdinandi
1325 2626 1808 2690 Archiducum
1862 2627 2197 2689 Austriae
2246 2627 2697 2691 fundatorum
2749 2640 2820 2691 et
2869 2630 3198 2705 Domino-

636 2754 789 2795 rum
840 2738 1242 2797 nostrorum
1291 2733 1999 2797 clementissimorum
2048 2756 2131 2796 ac
2182 2735 2489 2797 omnium
2542 2734 3019 2799 Cardinalium
3070 2738 3197 2798 Ar-

638 2824 1254 2924 chiepiscoporum
1305 2842 1797 2906 Praelatorum
1845 2862 1929 2905 ac
1979 2842 2469 2924 temporalium
2520 2842 2916 2925 principum
2985 2843 3199 2906 totius

639 2949 1064 3013 (ulei-maniae
1116 2971 1203 3012 ne
1255 2961 1326 3013 et
1374 2951 1510 3032 ipsi
1559 2952 1836 3012 macula
1886 2970 1978 3012 ex
2028 2951 2277 3012 eadem
2329 2952 2522 3013 bulla
2572 2961 2645 3010 ut
2694 2951 3031 3014 asseritur
3078 2962 3197 3013 aut

635 3057 902 3121 fulmen
951 3058 1286 3138 sentiant,
1338 3079 1421 3120 ac
1473 3061 1565 3120 ob
1614 3058 1789 3120 alias
1839 3038 2090 3120 causas
2160 3067 2229 3118 et
2278 3060 2370 3120 ad
2421 3058 2793 3120 evitandos
2842 3061 3197 3138 tumultus,

634 3167 979 3228 clamores
1029 3166 1300 3246 populi,
1351 3164 1737 3228 seditiones
1788 3185 1973 3246 quae
2022 3185 2152 3246 per
2199 3165 2751 3244 publicationem
2818 3177 2887 3227 et
2946 3186 3196 3228 execu-

632 3273 898 3336 tionem
947 3284 1266 3336 nostram
1314 3282 1390 3333 ut
1438 3272 1825 3335 timendum
1876 3281 1984 3334 est
2032 3283 2282 3334 contra
2330 3275 2594 3334 clerum
2642 3272 3011 3354 insurgere
3044 3295 3197 3356 pos-

633 3391 812 3458 sent,
865 3379 1242 3460 negocium
1291 3381 1381 3440 ad
1429 3388 1710 3460 tempus
1758 3379 1915 3441 fore
1966 3379 2471 3442 differendum:
2534 3391 2905 3462 sperantes
2969 3382 3025 3444 si
3078 3380 3195 3442 Se·

635 3489 760 3549 des
811 3485 1233 3568 Apostolica
1282 3488 1370 3548 de
1420 3486 1526 3550 his
1577 3487 1839 3548 nostris
1871 3486 2154 3549 motivis
2201 3487 2744 3549 rationabilibus
2794 3487 3007 3550 fuerit
3054 3488 3193 3568 ple-

634 3593 790 3656 nius
838 3593 1219 3656 informata
1265 3595 1528 3656 nullam
1578 3592 2144 3674 indignationem
2192 3615 2364 3656 suae
2412 3593 2807 3656 sanctitatis
2856 3615 2984 3658 nos
3036 3615 3193 3656 con-

633 3713 1018 3763 tracturos:
1071 3701 1386 3762 decanus
1432 3701 1606 3763 vero
1659 3711 1729 3764 et
1775 3700 2099 3781 magistri
2126 3702 2589 3782 Theologiae,
2642 3703 3041 3782 postposita
3090 3722 3195 3763 or-

633 3808 992 3871 dinatione
1056 3808 1334 3870 statutis
1399 3807 1799 3889 privilegiis
1862 3818 1932 3870 et
1996 3807 2629 3872 consuetudinibus
2693 3807 3193 3887 universitatiS,

630 3937 706 3978 se
757 3926 829 3978 et
876 3937 1072 3978 suam
1131 3918 1544 3978 facultatem
1594 3937 1635 3978 a
1689 3915 1895 3978 nobis
1945 3924 2018 3978 et
2057 3914 2520 3978 universitate
2570 3915 2894 3996 predicta
2943 3916 3193 3977 divise—

629 4034 791 4085 runt
840 4034 911 4086 et
961 4023 1498 4086 declinaverunt
1560 4043 1690 4104 pro
1756 4033 1829 4084 ut
1893 4023 1959 4083 in
2014 4023 2152 4084 alio
2203 4043 2542 4102 processu
2609 4032 2857 4086 contra
2906 4025 3192 4086 eosdem

629 4131 1042 4212 Theologos
1106 4131 1348 4193 forsan
1411 4131 1811 4193 emanando
1890 4131 2167 4210 plenius
2230 4130 2726 4193 continebitur.
2812 4129 2917 4192 Ne
2980 4130 3196 4212 igitur

622 4237 762 4317 jam
813 4238 981 4299 dicti
1031 4237 1385 4318 Theologi
1437 4239 1549 4300 vel
1600 4239 2025 4319 quicumque
2075 4239 2255 4300 alter
2306 4258 2490 4299 nunc
2556 4250 2677 4300 aut
2746 4238 2814 4298 in
2886 4238 3195 4300 futurum

629 4345 834 4406 nobis
893 4354 963 4405 et
1019 4345 1463 4408 universitati
1531 4344 1855 4425 prefatae
1922 4343 2209 4425 publice
2276 4347 2393 4406 vel
2462 4346 2736 4407 occulte
2797 4345 3194 4426 impingere

627 4463 924 4532 possent
971 4471 1100 4512 nos
1151 4461 1223 4513 et
1256 4451 1788 4514 universitatem
1838 4451 2053 4514 fuisse
2104 4471 2261 4514 esse
2298 4464 2419 4514 aut
2465 4452 2619 4513 fore
2668 4453 3042 4514 haeresum
3092 4472 3191 4513 er-

628 4578 863 4620 rorum
928 4567 1048 4620 aut
1111 4577 1606 4639 perversorum
1666 4560 2080 4640 dogmatum
2144 4569 2552 4640 receptores
2602 4559 3018 4622 defensores
3075 4568 3197 4621 aut

627 4675 1115 4746 promotoreS,
1167 4665 1388 4728 nostri
1441 4676 1510 4728 et
1559 4664 2042 4727 universitatis
2093 4666 2375 4727 nomine
2424 4685 2505 4726 ac
2557 4665 2863 4728 omnium
2927 4675 2997 4727 et
3060 4664 3191 4726 sin-

627 4775 956 4854 gularum
991 4793 1457 4854 personarum
1491 4773 1698 4836 nobis
1733 4783 1805 4834 et
1842 4772 2257 4854 praedictae
2306 4773 2751 4835 universitati
2801 4772 3189 4854 supposita·

629 4901 782 4944 rum
833 4891 904 4942 et
951 4880 1434 4944 obedientium
1483 4880 1920 4962 nominibuS‚
1981 4880 2391 4944 melioribus
2448 4880 2563 4942 via
2615 4880 2769 4964 jure
2834 4889 2905 4942 et
2965 4878 3195 4942 forma
