3575 5775
1689 583 1805 639 6-«2‘3
1884 574 1989 640 214
2066 572 2181 638 {3⁴³

654 723 788 793 bus
837 723 1370 792 Provinciarum
1405 730 1911 808 vicedominis,
1946 729 2281 811 scultetis,
2333 729 2697 793 advocatis
2748 728 3215 812 burgimagis·

655 838 802 919 tris,
833 837 1260 919 pretoribus‚
1302 838 1731 919 consulibuS,
1782 838 2055 901 civibus
2087 847 2157 900 et
2191 838 2811 901 communitatibus
2842 859 2926 900 ac
2961 839 3221 901 ceteris

653 946 1214 1026 quibuscumque
1293 946 1553 1008 nostris
1626 958 1696 1008 et
1767 947 1952 1008 sacri
2018 943 2301 1025 Imperii
2374 963 2457 1004 ac
2534 944 2742 1006 etiam
2820 955 3220 1007 nostrorum

656 1051 1239 1115 hereditariorum
1301 1052 1823 1134 principatuum
1892 1063 1963 1114 et
2035 1051 2557 1133 provinciarum
2625 1051 2925 1114 subditis
2998 1053 3220 1133 cujus—

655 1180 951 1240 cumque
1002 1159 1392 1240 dignitati5‚
1443 1169 1667 1222 status
1717 1180 1841 1221 seu
1892 1157 2315 1222 conditionis
2365 1158 2505 1219 sint
2555 1168 2626 1220 et
2672 1179 2803 1240 per
2845 1171 3225 1240 presentes

653 1266 972 1346 requisiti
1021 1266 1286 1328 fuerint
1333 1267 1634 1347 gratiam
1687 1278 2001 1330 nostram
2051 1277 2123 1328 et
2170 1286 2376 1328 omne
2424 1268 2706 1328 bonum.

832 1373 980 1435 Nos
1036 1374 1209 1436 moti
1256 1375 1678 1454 urgentibus
1724 1374 2121 1436 rationibus
2186 1383 2255 1434 et
2303 1373 2750 1454 praearduiS,
2808 1375 3226 1451 accedente,

652 1480 948 1542 consilio
1014 1491 1083 1542 et
1133 1501 1480 1542 consensu
1533 1490 1931 1543 nostrorum
1983 1491 2053 1542 et
2101 1481 2283 1542 sacri
2342 1478 2619 1559 imperii
2670 1481 3057 1542 electorum
3108 1502 3224 1542 ce-

655 1599 1109 1668 terorumque
1156 1586 1552 1670 principum
1604 1598 1674 1648 et
1707 1596 2013 1650 statuum
2056 1587 2169 1648 hic
2204 1587 2395 1668 apud
2434 1605 2561 1647 nos
2596 1599 3228 1668 congregatorum,

655 1692 1003 1756 edidimus
1075 1703 1342 1755 certum
1412 1695 1719 1757 edictum
1793 1695 1943 1757 sive
1992 1695 2399 1756 mandatum
2448 1693 2829 1756 Martinam
2882 1695 3227 1758 Luterum

654 1821 736 1862 ac
787 1801 1020 1894 legem
1071 1799 1592 1882 impressoriam
1645 1821 2085 1864 concernens
2124 1811 2198 1862 ut
2226 1800 2429 1863 iuxta
2458 1811 2829 1882 presentes
2863 1801 3228 1867 videbitis.

653 1907 1082 1969 Mandantes
1130 1907 1397 1970 idcirco
1433 1908 1638 1970 vobis
1675 1908 1997 1971 omnibus
2048 1918 2117 1970 et
2146 1908 2441 1970 cuilibet
2480 1917 2791 1970 vestrum
2831 1911 2961 1970 sub
3010 1910 3234 1990 penis

629 2014 974 2077 -emendis
1032 2029 1101 2076 et
1150 2015 1754 2078 satisfactionibus
1803 2014 1872 2077 in
1924 2015 2268 2077 eiusmodi
2327 2014 2538 2076 edicti
2596 2025 2718 2076 aut
2774 2013 3087 2076 mandati
3140 2036 3233 2078 ac

653 2121 836 2202 legis
884 2120 1137 2183 litteris
1186 2123 1534 2185 contentis
1584 2122 1774 2184 omni
1824 2122 2005 2184 serie
2036 2121 2472 2203 presentium
2511 2142 2641 2203 per
2672 2130 2987 2184 tenorem
3025 2124 3231 2202 quod

653 2229 951 2310 quilibet
980 2239 1291 2292 vestrum
1323 2230 1724 2310 hujusmodi
1756 2239 2071 2291 nostrum
2104 2229 2412 2290 edictum
2445 2230 2851 2290 mandatum
2876 2247 2959 2289 ac
2982 2229 3230 2310 legem

653 2336 1001 2398 universis
1050 2344 1121 2397 et
1169 2336 1468 2418 singulis
1517 2348 1660 2398 tam
1711 2336 1969 2399 nostris
2000 2356 2211 2417 quam
2245 2334 2415 2412 viris
2444 2335 2746 2396 subditis
2796 2345 2860 2396 et
2911 2334 3050 2396 illis
3101 2337 3236 2416 qui

655 2452 938 2505 vestrae
987 2445 1286 2505 subsunt
1342 2442 1773 2524 jurisditioni
1826 2453 1895 2506 et
1952 2442 2541 2505 administrationi
2599 2441 2885 2523 publice
2952 2442 3230 2504 denun-

653 2549 844 2611 tietis
894 2560 965 2612 et
1014 2550 1156 2630 legi
1206 2548 1520 2628 faciatiS,
1585 2549 1830 2632 eisque
1880 2552 2010 2612 sub
2058 2549 2263 2632 penis
2314 2549 2629 2612 emendis
2680 2561 2751 2610 et
2797 2548 3231 2612 satisfactio·

655 2657 862 2718 nibus
910 2658 1284 2718 mandatis·
1316 2667 1386 2718 et
1435 2657 1525 2719 ad
1577 2679 1663 2718 ea
1711 2657 2214 2737 constringatis
2262 2669 2337 2718 ut
2387 2655 2733 2718 eiusmodi
2760 2655 2995 2717 edicto
3031 2676 3235 2718 man-

653 2767 821 2827 dato
875 2784 958 2825 ac
1009 2765 1154 2844 legi
1201 2763 1272 2825 in
1323 2763 1648 2826 omnibus
1696 2764 1977 2845 punctis
2028 2775 2097 2825 et
2146 2762 2459 2825 articulis
2494 2762 2917 2824 obedienter
2947 2762 3235 2841 vivant,

653 2882 724 2935 et
771 2871 1165 2934 inherendo
1218 2879 1682 2953 exequantur.
1779 2869 2118 2934 Similiter
2168 2879 2238 2933 et
2285 2890 2414 2933 vos
2463 2890 2594 2951 pro
2642 2868 2849 2932 vobis
2898 2869 3075 2951 ipsis
3125 2870 3239 2933 ita

651 2979 932 3041 faciatis
983 2991 1057 3041 ut
1109 2990 1350 3042 nostra
1399 2991 1506 3041 est
1555 2979 1957 3041 omnimoda
2024 2980 2356 3039 voluntas
2406 2986 2475 3039 et
2524 2976 2793 3039 seriosa
2841 2978 3229 3040 sententia.

1880 3440 1986 3502 82.

1289 3554 2069 3634 Viceoanoellarius
2126 3554 2561 3633 Aleandm.

1537 3694 1824 3763 (Nuntiat.
1864 3694 2114 3752 German.
2150 3692 2209 3749 1..
2249 3693 2345 3759 51.)

1290 3817 1391 3875 (12.
1437 3815 1565 3862 Maii
1613 3824 1759 3875 1521.
1801 3842 1861 3849 ——
1907 3814 2237 3861 Vl'ormatiae
2276 3815 2355 3860 cz.
2398 3810 2568 3877 Maii.)

825 3937 1301 4001 Hiermattina
1359 3937 1432 3999 fu
1484 3941 1656 4000 letta
1706 3940 1821 4000 nel
1871 3958 2073 3999 sacro
2126 3936 2536 3998 Consistoro
2601 3934 2669 3997 in
2720 3935 3087 4017 presentia
3150 3938 3235 3999 di

647 4048 733 4109 N.
763 4047 835 4110 S.
866 4060 936 4107 et
960 4056 1141 4107 tutto
1177 4045 1219 4106 ’1
1255 4046 1444 4107 Rmo
1481 4044 1859 4126 Colleggio
1888 4046 1957 4105 la
1979 4043 2331 4106 sententia
2367 4052 2435 4103 et
2462 4042 2994 4105 dechiaratione
3024 4044 3239 4107 della

647 4168 850 4216 santa
901 4163 1134 4215 mente
1197 4152 1264 4213 di
1317 4151 1576 4214 Cesare
1626 4156 1692 4213 in
1747 4150 2165 4213 defensione
2214 4151 2402 4210 della
2451 4148 2615 4211 fede
2666 4161 2728 4211 et
2786 4148 2974 4209 Sede
3046 4170 3237 4231 apo-

648 4259 898 4322 stolica
947 4270 1198 4322 contra
1245 4259 1291 4321 il
1341 4261 1728 4321 maladetto
1779 4258 2027 4340 spirito
2093 4256 2163 4318 di
2226 4256 2495 4318 Luther
2557 4266 2626 4317 et
2686 4255 2915 4317 intesa
2980 4255 3053 4316 fu
3132 4260 3243 4321 da

647 4364 718 4428 S.
771 4366 1052 4428 Santita
1101 4376 1170 4427 et
1220 4366 1379 4428 tutti
1435 4366 1484 4428 li
1535 4366 1790 4427 Revmi
1864 4363 2153 4445 Signori
2217 4385 2350 4426 con
2415 4366 2809 4444 allegrezza
2876 4372 2947 4423 et
3013 4364 3237 4427 satis-

644 4472 944 4535 fattione
997 4472 1415 4535 incredibile
1483 4482 1918 4553 approvata‚
1992 4473 2233 4533 lodata
2305 4480 2376 4533 et
2448 4473 2764 4533 exaltata
2834 4474 3235 4550 pregando

643 4577 1030 4640 humillime
1080 4577 1178 4641 Su
1229 4579 1684 4642 Beatitudine
1757 4600 1889 4641 con
1950 4578 2089 4641 essi
2138 4577 2231 4641 Sri
2278 4578 2537 4640 Revmi
2610 4580 2740 4639 che
2791 4576 3053 4638 Nostro
3105 4576 3231 4641 Si-

644 4703 868 4764 gnore
905 4684 1040 4747 Dio
1090 4687 1451 4768 augmenti
1502 4698 1573 4749 et
1605 4686 1932 4768 prosperi
1982 4694 2233 4767 questo
2283 4684 2815 4766 religiosissimo
2849 4682 3085 4745 animo
3142 4688 3229 4749 di

645 4812 723 4853 su
773 4792 1052 4855 Maesta
1101 4802 1171 4856 et
1218 4794 1379 4855 tutti
1426 4794 1448 4855 i
1499 4794 1604 4855 soi
1655 4794 1817 4856 iusti
1866 4792 2200 4856 desiderii
2248 4804 2319 4853 et
2368 4794 2499 4853 che
2550 4790 2876 4854 conservi.
2940 4791 3083 4852 alla
3136 4812 3239 4855 su

645 4898 902 4963 Chiesa
952 4901 1094 4962 tale
1143 4901 1495 4963 advocato
1550 4900 1961 4963 fidelissimo
2012 4910 2083 4961 et
2129 4898 2623 4982 potentissimo
2674 4909 2744 4959 et
2792 4898 3241 4961 constantis-
