3575 5775
1370 559 1868 616 04331θῶ4

341 704 666 769 nimirum
718 715 1089 789 opponunt
1137 727 1268 789 pro
1336 708 1597 780 Israel;
1664 708 1857 789 quod
1926 707 1985 769 si
2048 707 2205 788 quis
2265 705 2451 769 forte
2523 706 2735 769 etiam
2792 717 2901 771 est

341 812 452 892 qui
502 815 703 875 velut
749 815 930 876 alter
962 812 1197 876 David
1247 814 1591 878 adversus
1624 812 1912 877 Goliath
1960 813 2152 877 illum
2191 814 2532 895 congredi
2585 817 2899 895 auderet,

339 926 572 982 tamen
620 930 763 983 tam
827 920 1192 1002 presentia
1251 920 1572 1005 pericula
1633 932 1828 998 sunt,
1886 931 2029 983 tam
2093 931 2287 984 certa
2346 921 2637 985 infamia
2697 933 2772 985 ut
2830 934 2900 985 et

339 1029 715 1091 audentem
764 1028 1126 1091 deterrere
1175 1027 1471 1111 possint,
1521 1048 1604 1091 ac
1639 1028 1776 1091 iam
1824 1030 2037 1110 plane
2088 1049 2331 1091 ausum
2380 1031 2639 1111 pedem
2690 1032 2899 1093 etiam

337 1134 607 1198 referre
657 1154 940 1217 cogere.
1034 1135 1143 1199 Ita
1192 1135 1362 1199 solis
1409 1135 1776 1214 conviciiS,
1827 1135 2035 1198 nullis
2082 1135 2477 1199 rationibus
2528 1146 2647 1199 aut
2696 1157 2897 1218 argu-

339 1242 594 1305 mentis
641 1262 757 1305 res
806 1242 1058 1324 agitur.
1154 1241 1310 1305 Hec
1357 1242 1438 1307 T.
1479 1239 1548 1305 S.
1601 1242 1831 1304 labori
1879 1244 2277 1305 mercedem
2329 1230 2734 1324 proponere
2784 1244 2897 1307 de-

338 1350 536 1412 beret
586 1356 658 1411 et
702 1358 878 1430 puto
927 1368 1437 1433 progressuros
1485 1350 1743 1411 multos
1807 1348 1926 1431 qui
1983 1370 2059 1411 se
2107 1350 2208 1412 sic
2258 1350 2449 1413 domi
2496 1351 2564 1413 in
2614 1352 2897 1433 angulis

341 1456 721 1520 continent.
816 1456 973 1537 Ego
1023 1465 1235 1537 certe,
1270 1464 1349 1519 ut
1381 1456 1551 1519 nihil
1585 1456 1841 1537 ambi0,
1890 1456 1989 1518 ita
2037 1477 2147 1520 me
2174 1466 2430 1539 sponte
2480 1478 2647 1521 mea·
2684 1470 2896 1541 atque

339 1564 511 1627 adeo
560 1584 832 1645 rerum,
895 1563 1130 1627 famae
1181 1583 1260 1627 ac
1310 1562 1565 1646 capitis
1614 1563 1749 1626 mei
1811 1564 2152 1647 pericu10,
2218 1586 2330 1627 me
2390 1564 2674 1647 inquam
2730 1586 2893 1635 ,sum

335 1669 469 1733 illis
515 1672 946 1751 obiecturus,
992 1689 1133 1732 non
1183 1672 1277 1732 ob
1326 1670 1518 1733 aliud
1567 1680 1761 1733 certe
1810 1670 1942 1733 nisi
1992 1672 2183 1752 quod
2216 1671 2471 1735 Christi
2520 1692 2895 1755 synceram

337 1779 835 1861 cognitionem,
902 1778 1092 1859 quod
1127 1776 1608 1859 Evangelicae
1643 1777 1963 1840 veritatis
2012 1778 2450 1842 sanissimam
2500 1779 2892 1843 doctrinam

339 1887 424 1947 ab
470 1884 582 1948 his
645 1883 1181 1965 corruptoribus
1228 1880 1572 1948 assertam
1621 1904 1778 1948 esse
1825 1886 2013 1948 volo.
2107 1886 2447 1967 ChristuS,
2496 1906 2645 1966 oro,
2695 1889 2886 1968 quod

335 1990 404 2053 in
463 2012 577 2055 me
640 1992 835 2074 cepit
895 1990 1265 2054 confirmet
1325 1990 1393 2054 in
1457 1990 1690 2057 finem.
1804 1989 2302 2074 Spectatorem
2372 2014 2483 2055 me
2552 1994 2895 2057 hactenus

337 2116 590 2161 causae
637 2097 914 2180 prebui,
961 2096 1190 2179 magis
1241 2118 1452 2179 quam
1502 2110 1847 2171 actorem;
1898 2117 2038 2179 quo
2070 2097 2337 2161 factum
2368 2109 2444 2161 ut
2473 2100 2681 2163 huius
2725 2100 2895 2163 mihi

335 2215 571 2287 partes
601 2208 944 2269 hactenus
971 2226 1111 2269 non
1134 2205 1955 2277 vendicaverim;verum
1989 2224 2148 2267 cum
2179 2225 2295 2269 res
2320 2226 2601 2288 semper
2634 2208 2895 2270 evadat

335 2312 402 2375 in
432 2314 637 2394 peius
670 2321 742 2375 et
774 2333 916 2376 non
964 2312 1055 2377 sit
1103 2312 1481 2395 superbiae
1530 2312 1780 2375 modus
1828 2313 2031 2392 ullus,
2081 2314 2401 2376 testabor
2448 2324 2520 2376 et
2568 2334 2706 2397 ego
2754 2313 2894 2377 iam

336 2422 616 2485 tandem
666 2441 956 2503 operam
1006 2440 1234 2483 meam
1281 2419 1563 2484 mundo,
1664 2417 2110 2499 Ubicumque
2157 2430 2390 2482 autem
2439 2419 2511 2482 hi
2566 2420 2733 2483 mihi
2782 2440 2893 2483 co-

335 2540 534 2591 natus
582 2528 812 2591 casuri
863 2538 1044 2608 sunt,
1095 2536 1332 2589 certus
1365 2546 1516 2588 sum
1549 2534 1722 2588 vota
1751 2545 1911 2587 mea
1942 2525 2387 2590 sanctissima
2436 2547 2614 2590 esse.
2708 2525 2890 2591 Sunt

335 2636 497 2699 mihi
545 2638 678 2698 sub
723 2635 982 2697 incude
1031 2634 1251 2698 libelli
1285 2632 1570 2715 quidam
1620 2641 1691 2695 et
1737 2632 2042 2696 meditor
2088 2631 2291 2695 simul
2356 2634 2426 2696 in
2489 2634 2642 2697 dies
2714 2634 2891 2698 alios

338 2742 471 2824 qui,
497 2742 554 2803 si
601 2742 1031 2823 quandoque
1061 2740 1480 2825 prodierint,
1526 2747 1701 2821 puto
1751 2760 1892 2801 non
1944 2739 2112 2802 nihil
2146 2740 2399 2803 virium
2440 2742 2895 2805 decessurum

337 2848 779 2915 adversariis.
873 2848 1260 2931 Reliquum
1325 2858 1434 2911 est
1494 2847 1685 2929 quod
1758 2843 1830 2910 S.
1898 2846 1978 2912 T.
2052 2846 2264 2910 etiam
2330 2856 2545 2929 atque
2608 2847 2895 2911 summis

336 2958 513 3021 adeo
579 2957 766 3021 votis
833 2977 1054 3020 exoro
1119 2966 1196 3019 ut
1259 2955 1628 3019 Erasmum
1698 2954 2266 3017 Roterodamum
2336 2975 2419 3017 ac
2484 2955 2891 3018 Eduardum

337 3063 576 3128 Letum
606 3063 800 3128 viros
831 3071 1024 3126 certe
1057 3069 1301 3126 nostra
1326 3071 1561 3125 aetate
1596 3072 1668 3124 et
1697 3059 2311 3142 eloquentissimos
2332 3069 2403 3122 et
2425 3061 2891 3142 doctissimOS,

337 3170 886 3253 quibuscumque
952 3169 1207 3234 officiis
1278 3167 1352 3234 S.
1403 3169 1483 3232 T.
1545 3171 1995 3231 demereatur
2055 3177 2271 3250 atque
2329 3167 2539 3229 etiam
2587 3165 2655 3229 in
2706 3169 2890 3231 hanc

337 3299 612 3343 arenam
675 3278 954 3361 ingenti
1026 3277 1516 3361 policitatione
1579 3278 1967 3359 pertrahat.
2088 3275 2269 3338 Nam
2349 3274 2657 3338 maxima
2721 3296 2891 3358 pars

333 3397 610 3450 nostrae
672 3385 1103 3451 Germaniae
1175 3385 1450 3449 Erasmi
1514 3394 1790 3447 tantum
1840 3382 2265 3445 sententiam
2327 3381 2665 3463 sequitur,
2726 3385 2880 3445 sola

337 3494 744 3556 eruditionis
791 3514 873 3556 ac
924 3493 1315 3556 litterarum
1363 3491 1697 3575 opinione
1747 3492 1962 3552 ducta
2010 3489 2221 3552 etiam
2270 3489 2328 3550 si
2377 3509 2507 3570 per
2555 3510 2630 3552 se
2679 3491 2889 3572 pauci

335 3620 478 3664 rem
524 3600 1001 3680 discusserint,
1052 3619 1476 3681 quamquam
1523 3598 1736 3660 etiam
1785 3605 1857 3659 et
1904 3595 2015 3658 his
2061 3593 2231 3658 viris
2261 3595 2518 3676 ingens
2565 3596 2889 3660 iuditium

337 3705 420 3769 sit
465 3709 646 3772 unde
694 3706 906 3771 facile
955 3715 1286 3788 speratur
1348 3724 1488 3768 non
1556 3715 1829 3767 tantum
1900 3705 2157 3764 multos
2217 3722 2685 3785 persuasuros
2755 3705 2886 3766 hos

338 3813 456 3878 sed
505 3825 572 3878 et
626 3834 910 3878 causam
960 3815 1052 3876 ab
1103 3812 1531 3876 adversariis
1599 3811 1975 3874 evicturOS.
2083 3809 2357 3872 Horum
2415 3808 2553 3872 iarn
2601 3812 2889 3874 tandem

337 3920 664 4003 monitor,
734 3930 896 4004 post
944 3923 1197 3984 crebra
1245 3918 1695 3982 eruditissimi
1741 3917 1959 3980 Fabri
2009 3917 2230 3978 nostri
2294 3915 2545 3979 similia
2592 3916 2890 3980 consilia

337 4025 410 4090 T.
459 4024 530 4094 S.
586 4029 932 4092 accedere
981 4027 1192 4108 volui,
1255 4047 1339 4090 ac
1394 4027 1536 4108 jam
1605 4033 1967 4107 postremo
2018 4044 2223 4087 orare
2286 4023 2343 4086 si
2407 4044 2546 4105 qua
2605 4032 2888 4087 vetusta

337 4132 561 4197 forent
605 4145 1010 4198 sanctorum
1075 4133 1614 4210 commentaria,
1678 4131 1983 4193 maxime
2033 4129 2361 4213 Dionysii
2414 4129 2885 4194 Alexandrini

339 4259 511 4322 quae
565 4243 682 4305 vel
737 4240 1108 4323 pontificia
1154 4251 1276 4303 tua
1336 4241 1451 4302 vel
1501 4239 1696 4301 avita
1756 4239 1874 4300 vel
1921 4247 2222 4319 paterna
2273 4237 2707 4301 bibliotheca
2766 4239 2887 4300 ha-

339 4349 533 4410 beret
574 4351 690 4412 vel
721 4359 917 4412 certe
951 4369 1134 4430 quae
1167 4347 1452 4410 aliunde
1502 4344 1838 4427 conqueri
1888 4355 2204 4426 possent,
2251 4345 2319 4407 in
2370 4345 2506 4407 hoc
2556 4365 2696 4408 non
2744 4364 2887 4408 mo·

339 4453 552 4518 dicam
579 4453 650 4520 S.
683 4456 764 4519 T.
815 4476 1107 4538 operam
1156 4455 1460 4518 collocet
1508 4462 1578 4516 et
1626 4460 1703 4514 ut
1748 4451 1820 4514 in
1871 4451 2141 4533 aliquot
2190 4449 2629 4533 exemplaria
2676 4472 2883 4514 excu-

340 4561 595 4644 dantur,
643 4572 876 4636 curet;
924 4583 1066 4626 non
1116 4561 1290 4626 nihil
1338 4559 1526 4623 enim
1571 4557 2044 4621 subsidiorum
2078 4557 2240 4621 hinc
2291 4578 2623 4640 paremus
2672 4579 2876 4640 quae,

342 4677 484 4730 esto
527 4669 804 4754 frigida,
832 4690 963 4752 per
1011 4691 1087 4733 se
1135 4668 1500 4746 videatur,
1573 4665 2004 4728 adversariis
2050 4675 2287 4728 tamen
2346 4665 2405 4728 si
2451 4665 2637 4729 illius
2682 4666 2886 4729 verbi

341 4775 543 4836 robur
593 4777 1010 4856 accesserit,
1073 4776 1326 4839 virium
1375 4775 1539 4837 hinc
1589 4782 1782 4836 certe
1830 4775 1992 4854 plus
2039 4793 2207 4854 pars
2256 4783 2501 4836 nostra
2560 4773 2883 4856 accipiet.

345 4879 535 4964 Vale,
577 4896 781 4966 pater
823 4883 1246 4948 Beatissime
1295 4903 1378 4945 ac
1427 4880 1760 4963 quicquid
1814 4880 1885 4941 id
1937 4888 2043 4942 est
2091 4879 2305 4942 officii
2355 4879 2525 4944 boni
2574 4881 2886 4961 consule,
