3575 5775
1592 615 2088 676 0—434868>-0

1763 963 1917 1029 227.

1464 1081 1811 1161 Rotarius
1867 1079 2214 1160 Sadoleto.

1408 1227 1646 1300 (varior.
1702 1229 1779 1288 ad.
1823 1228 1986 1287 olem.
2034 1228 2106 1286 11.
2162 1229 2268 1300 4⁷.)

1563 1349 1670 1414 (10.
1712 1349 1847 1414 Julii
1893 1347 2067 1417 1525.)

733 1476 833 1538 Le
897 1474 1033 1537 mie
1094 1473 1337 1536 ultime
1398 1493 1575 1536 sono
1634 1483 1817 1537 state
1891 1476 1982 1538 de
2043 1474 2168 1539 III.
2230 1474 2471 1556 Dopoi
2539 1495 2615 1537 se
2681 1476 2865 1537 hebe
2939 1495 3126 1537 nova

556 1584 715 1646 chel
762 1582 1276 1646 Trietestainer
1336 1583 1642 1646 essendo
1707 1583 1975 1646 andato
2037 1603 2196 1646 curn
2265 1582 2486 1663 quelli
2547 1584 2804 1645 cavalli
2867 1581 3124 1645 scrisse

551 1711 682 1773 per
729 1692 909 1754 altre
956 1689 1092 1752 mie
1122 1690 1194 1753 in
1242 1711 1336 1752 un
1386 1709 1641 1772 paesse
1688 1689 1801 1752 fra
1863 1689 2082 1752 Stiria
2131 1698 2204 1752 et
2253 1687 2620 1753 Carinthia
2668 1692 2834 1772 qual
2892 1711 2967 1752 se
3023 1689 3124 1751 di-

556 1798 816 1860 manda
861 1797 1437 1880 Inderslamyng,
1504 1797 1555 1859 li
1602 1796 1850 1860 villani
1918 1798 2008 1860 de
2065 1795 2486 1880 Saltzpurch
2549 1797 2601 1860 li
2664 1799 2984 1860 andorno
3056 1800 3128 1859 la

554 1915 764 1968 nocte
815 1916 887 1967 et
932 1914 1274 1968 trovorno
1324 1908 1391 1968 le
1421 1906 1644 1967 scolte
1674 1904 2006 1985 imbriagi
2037 1914 2107 1967 et
2138 1904 2192 1968 il
2219 1914 2413 1968 resto
2461 1905 2534 1967 in
2566 1907 2734 1985 Iet0,
2785 1916 2858 1968 et
2888 1906 3126 1969 hanno

553 2013 921 2076 ammazati
974 2033 1101 2076 200
1149 2013 1243 2076 da
1290 2014 1539 2076 cavalo
1607 2012 1717 2075 fra
1772 2011 1824 2074 li
1872 2011 2092 2094 qualli
2160 2012 2210 2074 li
2266 2033 2444 2076 sono
2509 2032 2592 2092 59
2651 2013 2872 2076 nobili
2941 2023 3010 2075 et
3055 2015 3126 2074 el

553 2120 1065 2184 Trietestainer
1109 2139 1324 2203 preso
1345 2168 1363 2201 ‚
1431 2119 1644 2182 ferito
1691 2119 1766 2182 in
1815 2139 1957 2182 una
2003 2122 2269 2202 gamba
2317 2130 2388 2182 et
2435 2119 2632 2183 molti
2697 2119 2856 2182 altri
2913 2121 3127 2202 presi.

553 2228 648 2290 Al
703 2238 1040 2310 presente
1097 2227 1392 2290 intendo
1460 2229 1594 2290 che
1652 2247 1791 2308 pur
1855 2229 1923 2290 le
1989 2236 2210 2309 gente
2276 2229 2366 2290 de
2438 2228 2508 2290 la
2574 2227 2722 2309 liga
2770 2227 3030 2290 vadino
3079 2247 3128 2289 a

550 2355 882 2399 soccorer
929 2333 1323 2416 Salzpurch
1371 2343 1443 2396 et
1493 2335 1625 2397 che
1672 2333 1794 2416 gia
1841 2334 2122 2397 deveno
2178 2355 2374 2398 esser
2429 2355 2512 2396 su
2562 2336 2730 2416 quel
2777 2335 2868 2396 de
2917 2335 3124 2396 Bavi—

550 2463 673 2505 era
722 2452 792 2506 et
842 2445 971 2504 che
1020 2442 1067 2504 li
1115 2462 1207 2503 va
1268 2441 1483 2504 etiam
1533 2440 1730 2504 Zorzi
1776 2441 1836 2504 F
1839 2461 2274 2525 ransperger
2339 2461 2495 2504 curn
2545 2441 2649 2504 ΙΙΙ
2696 2441 2864 2504 mila
2925 2441 3127 2521 fanti,

550 2559 623 2613 et
668 2550 961 2612 intendo
1011 2551 1171 2611 chel
1217 2549 1543 2631 principe
1596 2550 1691 2612 ha
1758 2549 2078 2612 revocati
2151 2549 2200 2612 li
2267 2549 2374 2612 sui
2430 2549 2666 2612 nuncii
2729 2551 2958 2612 havea
3003 2570 3126 2630 ap·

552 2676 804 2738 presso
854 2656 1071 2737 quelli
1119 2656 1210 2718 de
1258 2655 1651 2738 Salz'purch
1715 2676 1849 2738 per
1912 2676 2110 2719 esser
2166 2659 2436 2720 anchor
2498 2658 2596 2719 lui
2661 2657 2752 2718 de
2810 2658 2877 2718 la
2945 2657 3130 2738 Liga

556 2773 630 2826 et
686 2763 1076 2825 dubitando
1127 2765 1259 2826 che
1308 2763 1746 2826 intendendo
1797 2764 2014 2846 quelli
2063 2766 2152 2826 de
2203 2761 2596 2846 Salzpurch
2654 2764 2720 2826 el
2779 2764 2984 2827 venir
3033 2765 3128 2826 de

555 2871 626 2934 la
670 2879 889 2953 gente
940 2892 1081 2935 non
1130 2871 1178 2934 li
1225 2870 1588 2935 facessere
1639 2869 2012 2952 dispiazer.

728 2977 810 3041 Li
874 2978 1122 3042 villani
1185 3000 1400 3061 sopra
1463 2981 1529 3042 el
1590 2981 1761 3061 Iago
1828 2979 1918 3041 de
1988 2979 2390 3043 Constanza
2445 2978 2914 3042 obsidiavano
2982 2999 3122 3041 una

550 3096 741 3149 terra
790 3087 907 3149 del
953 3086 1275 3168 principe
1326 3086 1739 3149 dimandata
1789 3083 1914 3149 Sel
1965 3096 2035 3149 et
2082 3086 2446 3167 Marchsit‚
2497 3086 2547 3148 li
2606 3085 2647 3147 e
2708 3088 2974 3149 andato
3043 3087 3116 3149 in

552 3213 881 3257 soccorso
931 3202 1003 3255 et
1048 3195 1143 3256 ha
1189 3195 1484 3255 reducto
1534 3193 1584 3255 li
1631 3193 1880 3255 villani
1928 3196 2061 3257 che
2109 3214 2188 3257 se
2248 3194 2295 3256 li
2355 3193 2500 3256 han
2563 3194 2711 3256 dati
2772 3214 2814 3257 a
2863 3194 3120 3256 discre-

557 3300 782 3381 tione,
849 3302 939 3363 de
1001 3300 1050 3363 li
1115 3300 1334 3381 qualli
1396 3320 1485 3362 ne
1547 3301 1641 3363 ha
1702 3310 1960 3363 cavato
2010 3298 2198 3361 XVI
2248 3302 2378 3362 che
2427 3320 2604 3363 sono
2653 3301 2818 3364 stati
2865 3300 2915 3363 li
2963 3300 3126 3383 capi

560 3417 631 3471 et
690 3408 739 3470 li
799 3406 955 3469 fara
1015 3406 1225 3470 taliar
1288 3409 1359 3470 la
1420 3416 1640 3489 testa,
1726 3408 1817 3469 de
1879 3416 2070 3469 sorte
2131 3409 2265 3469 che
2331 3428 2422 3471 ne
2479 3408 2784 3471 havemo
2849 3428 3130 3490 sempre

558 3534 701 3577 una
745 3516 934 3576 bona
982 3523 1055 3577 et
1100 3534 1243 3576 una
1289 3515 1511 3577 trista.
1608 3513 1745 3595 Qui
1795 3535 1870 3577 se
1921 3524 2227 3595 expecta
2274 3515 2345 3577 la
2392 3516 2637 3578 ultima
2665 3526 2992 3599 resposta
3037 3518 3130 3579 de

562 3621 793 3704 questi
842 3618 1025 3684 Stati
1090 3629 1164 3685 et
1210 3641 1341 3702 per
1400 3624 1495 3684 tal
1562 3642 1779 3685 causa
1847 3625 1909 3684 el
1973 3622 2306 3703 Principe
2365 3623 2461 3685 ha
2508 3622 2816 3686 differita
2877 3626 2946 3685 la
3005 3644 3134 3686 sua

561 3730 823 3791 andata
871 3749 914 3791 a
962 3726 1320 3809 Coupaier
1364 3728 1461 3792 fin
1509 3751 1553 3792 a
1601 3730 1650 3791 li
1697 3729 1975 3792 XVIII.
2069 3729 2147 3791 In
2202 3730 2610 3811 Hinspruch
2661 3732 2775 3793 die
2841 3730 2918 3793 X
2964 3731 3134 3811 Julii

560 3836 965 3900 MDXXV.

1642 4052 1731 4063 aer*
1741 4050 2029 4062 munst-wuwv
2040 4056 2048 4060 κ

1779 4336 1932 4403 228.

1447 4444 1872 4548 campegius
1927 4443 2274 4526 Sadoleto.

1395 4592 1683 4663 (Nuntiat.
1721 4592 1975 4651 eeman.
2009 4591 2159 4651 tam.
2195 4590 2334 4661 109.)

1610 4714 1711 4776 (10.
1751 4712 1889 4777 Julii
1932 4714 2103 4776 1525.)

759 4906 775 4923 .
812 4906 827 4921 .
863 4907 879 4922 .
926 4858 1041 4921 De
1086 4859 1155 4920 le
1204 4876 1371 4920 cose
1419 4856 1510 4917 de
1559 4853 1946 4917 Germania
2007 4874 2232 4937 penso
2297 4856 2428 4917 che
2500 4854 2589 4917 de
2651 4852 3004 4937 Inspruck
3052 4853 3143 4917 N.

584 4962 655 5029 S.
729 4965 833 5029 sia
894 4964 1350 5048 pienamente
1420 4963 1839 5025 informato:
1914 4962 2363 5025 trovandomi
2432 4961 2504 5024 in
2553 4961 2843 5025 Labaco
2914 4961 3007 5023 da
3069 4962 3146 5025 1ὸ
