3575 5775
1333 550 1827 610 0-431698>—0

341 699 697 763 differendo
747 709 819 761 et
867 708 1062 762 certo
1115 698 1177 760 ci
1227 700 1505 760 dolemo
1554 701 1687 790 che
1722 699 1813 761 da
1846 718 2003 760 esso
2052 698 2367 767 manchi:
2419 719 2551 780 pur
2602 698 2659 761 si
2708 699 2861 761 soli-

340 807 456 871 cita
498 817 564 870 et
609 805 1054 888 expedirassi
1094 806 1265 886 ogni
1303 805 1516 868 modo
1565 806 1879 870 secondo
1912 805 1977 868 11
2006 815 2176 868 voto
2217 805 2287 868 di
2320 825 2481 868 esso
2516 805 2866 887 Capitone

340 914 630 996 alquale
677 933 808 996 per
863 915 932 976 13
980 913 1163 978 virt&
1234 932 1362 976 sua
1423 933 1618 976 semo
1678 913 1997 977 inclinati
2062 921 2136 994 et
2189 914 2257 974 lo
2324 913 2763 976 exhortiamo
2825 935 2865 975 a

338 1021 680 1104 spenderla
734 1023 921 1084 bene
971 1031 1043 1086 et
1091 1019 1679 1084 catholicamente
1721 1022 2034 1084 secondo
2084 1020 2141 1082 si
2191 1020 2537 1083 conviene
2569 1022 2706 1083 alla
2740 1041 2865 1083 sua

337 1130 680 1208 prudenza.

487 1253 582 1316 Le
633 1255 810 1318 altre
857 1252 1249 1337 provisioni
1303 1261 1485 1315 tutte
1552 1252 1608 1316 51
1658 1253 2141 1316 manderanno
2205 1273 2407 1316 come
2452 1254 2520 1315 el
2567 1253 2859 1316 Protho-

335 1361 579 1425 notario
628 1371 700 1423 et
745 1360 864 1423 voi
911 1359 1278 1439 ricercate‚
1326 1360 1416 1423 ne
1467 1368 1700 1424 sarete
1745 1359 2076 1441 imputati
2107 1381 2236 1440 per
2276 1370 2525 1440 questo
2560 1359 2865 1442 pigliare

335 1468 483 1548 ogni
525 1477 722 1550 gatto
771 1469 1056 1549 quando
1108 1468 1197 1529 de
1246 1466 1598 1529 communi
1630 1467 1927 1529 consilio
1960 1475 2391 1531 accetterete
2452 1467 2500 1529 il
2561 1467 2861 1547 patroci-

335 1575 434 1637 nio
477 1576 559 1638 de
605 1575 870 1638 homini
917 1573 1212 1638 virtuosi
1261 1583 1334 1636 et
1377 1573 1799 1638 benemeriti
1848 1576 2097 1637 saltem
2144 1574 2217 1638 in
2266 1595 2415 1656 590.

486 1699 802 1762 Havemo
859 1697 1082 1762 molto
1143 1700 1334 1761 bone
1394 1697 1877 1762 informationi
1940 1699 2010 1761 di
2076 1697 2206 1761 ΜιὋ
2272 1697 2630 1764 Giovanni
2690 1700 2861 1764 Bur-

335 1807 552 1869 chardi
599 1805 762 1869 dell'
799 1805 1049 1869 ordine
1099 1807 1214 1868 del
1262 1805 1696 1887 predicatori
1744 1825 1876 1886 per
1941 1827 2133 1868 esser
2196 1805 2531 1888 religioso
2598 1809 2866 1888 gentile

333 1922 394 1976 et
434 1913 519 1978 da
562 1915 782 1988 bene;
852 1934 980 1995 per
1031 1913 1140 1976 cio
1188 1913 1566 1977 volentieri
1612 1913 1655 1976 l'
1688 1914 1990 1976 havemo
2037 1913 2218 1976 satta
2266 1913 2418 1976 fare
2485 1916 2549 1976 la
2613 1913 2863 1995 gratia.

483 2041 572 2104 Vi
641 2040 700 2104 si
787 2041 1140 2104 mandano
1215 2042 1390 2102 altre
1463 2040 1610 2102 XV
1678 2040 1883 2121 copie
1975 2040 2161 2103 della
2231 2041 2424 2101 bolla
2491 2048 2861 2121 stampate.

331 2145 768 2211 Perseverate
814 2146 913 2210 M.
963 2147 1380 2211 Hieronimo
1430 2149 1561 2209 che
1612 2148 1836 2210 anche
1882 2147 2001 2209 voi
2050 2156 2283 2209 sarete
2334 2156 2402 2208 et
2452 2148 2541 2209 da
2590 2147 2729 2209 Dio
2792 2158 2864 2210 et

328 2253 404 2315 da
446 2251 541 2316 Su
590 2255 1047 2318 Beatitudine
1106 2264 1179 2318 et
1226 2256 1314 2317 da
1379 2254 1496 2316 noi
1558 2257 2009 2318 remunerato
2026 2303 2044 2335 ,
2119 2263 2191 2315 et
2260 2263 2442 2316 state
2511 2255 2599 2316 de
2669 2247 2863 2318 bono

330 2360 535 2423 animo
583 2363 1018 2426 attendendo
1069 2372 1140 2425 et
1186 2363 1557 2444 pensando
1607 2363 1759 2424 solo
1820 2383 1859 2424 a
1908 2371 2157 2442 questa
2206 2381 2419 2423 031153
2470 2380 2669 2424 come
2717 2361 2863 2424 fate

330 2469 442 2530 che
489 2469 552 2531 in
599 2469 828 2533 verita
875 2469 962 2532 N.
1015 2468 1120 2532 ΞΥΟ
1170 2472 1205 2532 ὲ
1257 2468 1327 2531 (11
1375 2469 1494 2532 voi
1557 2469 1935 2532 sodisfatto
2002 2491 2040 2532 a
2100 2468 2333 2549 pienO.
2444 2467 2605 2530 Non
2672 2469 2744 2530 vi
2805 2469 2862 2531 si

331 2575 532 2639 scrive
579 2579 711 2640 che
761 2577 938 2641 siate
999 2577 1312 2641 unanimi
1376 2579 1491 2640 col
1549 2577 2104 2639 Prothonotario
2168 2575 2430 2656 perche
2494 2575 2553 2638 si
2615 2575 2862 2656 dubiti,

329 2702 424 2745 ma
464 2704 585 2764 per
635 2684 1047 2749 exhortarvi
1097 2697 1167 2748 et
1213 2682 1492 2747 lodarvi
1539 2684 1611 2745 di
1658 2683 1897 2764 quello
1945 2683 2093 2745 fate
2143 2691 2215 2744 et
2262 2704 2389 2764 per
2440 2683 2590 2746 dire
2640 2685 2771 2745 che
2823 2705 2862 2746 a

327 2787 398 2850 N.
443 2786 510 2853 S.
555 2811 696 2854 non
748 2791 806 2855 si
857 2793 1000 2873 911ὸ
1065 2790 1177 2854 131·
1239 2811 1404 2853 0053
1466 2791 1583 2872 pin
1635 2800 1863 2872 grata.
1972 2791 2203 2852 Resta
2261 2790 2415 2851 solo
2463 2789 2727 2853 instare
2792 2802 2863 2851 et

329 2899 703 2980 supplicare
753 2898 1013 2963 Cesare
1065 2910 1136 2962 et
1183 2898 1399 2981 quelli
1467 2899 1597 2960 che
1662 2918 2006 2980 appresso
2066 2896 2165 2960 Su
2223 2896 2498 2959 Maesta
2548 2917 2859 2977 possono

330 3004 442 3066 che
495 3005 729 3069 homai
792 3006 998 3069 liberi
1061 3008 1130 3070 la
1199 3004 1455 3069 Chiesa
1503 3006 1930 3087 lo·Imperio
2000 3014 2071 3067 et
2119 3026 2195 3067 50
2243 3012 2469 3067 stessa
2521 3005 2610 3065 da
2660 3012 2859 3067 tanta

331 3109 560 3173 zizania
609 3122 680 3175 et
728 3115 858 3175 che
907 3134 1048 3177 non
1099 3112 1320 3192 voglii
1371 3134 1410 3175 a
1457 3122 1666 3193 posta
1717 3112 1780 3173 d’
1810 3133 1902 3173 un
1936 3112 2137 3174 Duca
2188 3111 2257 3172 di
2309 3108 2647 3174 Sassonia
2695 3130 2737 3173 o
2788 3112 2861 3173 di

332 3218 428 3279 chi
451 3218 503 3280 si
537 3218 638 3282 sia
667 3219 1030 3282 incorrere
1058 3218 1128 3281 in
1162 3218 1654 3300 indignatione
1688 3219 1778 3281 de
1811 3218 1950 3281 Dio
1986 3229 2057 3281 et
2092 3217 2622 3281 abhomination
2674 3219 2861 3281 della

333 3321 557 3389 Chiesa
606 3337 677 3389 et
722 3326 928 3408 pensi
978 3328 1109 3388 0110
1158 3326 1348 3389 dalla
1398 3324 1588 3389 Sede
1639 3325 2059 3408 Apostolica
2120 3327 2356 3407 pende
2419 3326 2487 3387 lo
2549 3324 2859 3406 Imperio

331 3437 390 3490 et
433 3441 598 3496 tutta
645 3435 712 3496 la
763 3434 1212 3515 reputatione
1261 3441 1333 3495 et
1381 3432 1609 3513 gloria
1659 3455 1782 3495 sua
1851 3442 1920 3495 et
1980 3432 2049 3494 di
2110 3443 2292 3495 tutta
2342 3430 2723 3495 Germania
2789 3443 2860 3495 et

333 3537 464 3600 chel
509 3542 686 3603 male
735 3540 945 3622 quale
995 3540 1053 3602 si
1115 3541 1569 3622 persuadono
1638 3539 1929 3622 maligni
1990 3540 2144 3603 fare
2210 3563 2247 3602 a
2311 3540 2506 3603 detta
2573 3540 2764 3603 Sede
2822 3541 2857 3602 ἑ

333 3662 439 3721 per
469 3649 858 3711 redondare
888 3657 1072 3710 tutto
1101 3647 1171 3710 in
1209 3656 1391 3711 testa
1438 3648 1612 3727 lom,
1663 3668 1865 3709 come
1915 3647 1978 3709 01
2028 3657 2212 3710 tutto
2262 3646 2525 3729 meglio
2574 3657 2858 3728 539τοῐο

333 3749 460 3813 dire
503 3763 569 3815 et
613 3774 922 3836 provare
970 3754 1088 3817 voi
1138 3754 1246 3817 ne'
1300 3755 1487 3836 quali
1537 3753 1595 3815 si
1643 3752 1713 3816 fa
1759 3750 2247 3817 fondamentO.
2344 3754 2433 3816 Et
2492 3757 2679 3817 bene
2742 3775 2857 3816 va·

335 3856 467 3923 lete.
553 3861 983 3926 Florentiae.

482 3985 556 4048 El
605 3989 827 4050 breve
879 4009 918 4049 a
959 3985 1219 4051 Cesare
1269 3989 1381 4049 del
1436 3988 1643 4069 quale
1691 3986 1750 4048 si
1801 3985 2029 4048 scrive
2080 3986 2150 4048 di
2215 4007 2429 4067 sopra
2477 3986 2853 4069 mandarsi,

333 4108 448 4152 non
493 4094 526 4155 ὲ
575 4114 787 4175 parso
835 4094 956 4175 poi
1008 4095 1073 4176 31
1124 4096 1324 4176 Ρ393
1371 4094 1653 4173 bisogni
1704 4113 1834 4174 per
1886 4094 2176 4173 adesso,
2225 4095 2554 4155 havendo
2613 4094 2857 4156 scritto

335 4214 486 4273 poco
532 4200 776 4282 prima,
826 4222 940 4263 ma
989 4202 1309 4265 delibera
1359 4202 1430 4263 di
1477 4204 1743 4264 lassare
1793 4200 1949 4263 fare
1999 4223 2036 4263 a
2086 4200 2223 4262 Dio
2291 4212 2361 4263 et
2413 4224 2451 4263 a
2500 4198 2599 4262 Su
2651 4200 2855 4264 Cesa-

337 4321 432 4365 rea
487 4306 759 4369 Maesta
824 4308 1023 4371 0111115
1086 4329 1298 4371 031153
1365 4329 1504 4370 non
1570 4308 1799 4371 minus
1849 4327 2059 4388 quam
2125 4305 2333 4369 Sedis
2395 4307 2857 4389 Apostolicae

338 4409 552 4488 agitur.

480 4536 566 4600 Vi
610 4539 668 4602 si
719 4542 978 4603 manda
1027 4543 1094 4603 el
1123 4540 1754 4604 Prothonotariato
1804 4562 1932 4623 per
1982 4542 2175 4603 bolla
2223 4560 2351 4621 per
2394 4541 2441 4603 il
2474 4541 2855 4605 substituto

338 4636 432 4700 del
471 4642 691 4709 Padre
721 4646 1172 4729 Confessore,
1223 4650 1354 4710 che
1404 4669 1541 4711 non
1595 4649 1630 4711 ὲ
1683 4659 2023 4711 consueto
2074 4648 2250 4711 farsi
2296 4658 2368 4711 et
2431 4649 2467 4710 ὲ
2519 4648 2590 4711 (11
2642 4650 2855 4711 molta

339 4762 546 4825 Spesa3
593 4762 776 4817 tutto
824 4755 884 4817 si
935 4757 1125 4818 dona
1174 4754 1728 4837 gratiosamente
1775 4777 1905 4838 per
1970 4755 2123 4819 fare
2172 4755 2459 4837 piacere
2523 4778 2562 4819 a
2619 4758 2855 4836 quello

341 4848 514 4919 homo
558 4859 643 4924 da
692 4860 878 4924 bene
928 4863 1017 4923 de
1068 4862 1181 4924 chi
1229 4862 1534 4926 scrivete
1583 4872 1652 4925 et
1703 4864 1767 4926 al
1818 4863 2052 4926 Padre
2102 4862 2534 4927 confessore.
