3575 5775
1692 521 2151 577 041348ῢώ

1876 740 1979 802 18.

1181 855 2105 935 vicecancellarius
2160 854 2660 935 Alcandro.

1437 984 1632 1056 munt.
1671 984 1923 1043 German.
1960 984 2021 1043 1..
2058 984 2149 1042 fol.
2186 984 2417 1051 16—17.)

931 1092 1073 1152 (Dat.
1117 1088 1420 1137 Florentiae
1459 1086 1509 1136 6.
1549 1088 1706 1137 Febr.
1747 1114 1817 1125 --
1858 1090 1997 1141 Rec.
2037 1089 2370 1137 Wormatiae
2416 1097 2495 1149 15.
2536 1088 2691 1135 Febr.
2740 1086 2912 1152 1521.)

1063 1202 1517 1267 Venerabilis
1565 1202 1698 1265 Vir
1745 1203 1999 1267 Amice
2048 1212 2291 1266 noster
2336 1202 2744 1285 praecipue.

817 1314 982 1375 Alle
1030 1324 1272 1375 vostre
1324 1312 1415 1373 de
1465 1310 1716 1373 XXII.
1766 1312 1878 1373 del
1929 1319 2243 1391 passam,
2294 1309 2487 1390 quali
2534 1309 2591 1372 si
2640 1330 2818 1373 sono
2868 1320 3205 1372 mostrate

639 1441 678 1481 a
730 1418 992 1481 Nostro
1043 1416 1380 1501 Signore,
1443 1417 1754 1497 bisogna
1803 1437 1988 1499 poco
2038 1417 2477 1497 respondere
2542 1415 2807 1497 perche
2856 1416 2973 1500 gia
3023 1426 3093 1479 et
3141 1420 3209 1478 le

637 1528 830 1589 bolle
893 1536 966 1587 et
1013 1526 1226 1587 Brevi
1291 1526 1384 1585 da
1431 1524 1548 1587 voi
1597 1524 1847 1588 chiesti
1895 1524 1968 1587 vi
2014 1543 2192 1587 sono
2242 1522 2407 1585 stati
2458 1522 2805 1601 mandati,
2874 1521 3021 1585 cosi
3068 1544 3209 1585 una

639 1633 710 1695 di
773 1632 1049 1695 cambio
1112 1632 1233 1695 alli
1281 1630 1629 1695 Foccheri
1694 1634 1783 1695 de
1850 1652 1979 1709 400
2043 1630 2314 1702 ducati:
2382 1637 2575 1691 resta
2636 1633 2824 1709 5010,
2892 1632 3025 1691 che
3090 1630 3208 1691 voi

638 1760 840 1803 come
917 1740 1178 1801 havete
1255 1738 1755 1803 incominciato
1830 1738 2209 1820 segnitiate
2279 1737 3067 1818 prudentissimamente
3136 1747 3210 1801 et

639 1867 773 1910 con
823 1845 1058 1909 animo
1103 1846 1485 1927 gagliardo
1535 1846 2009 1927 supplicando
2048 1855 2120 1907 et
2144 1845 2650 1928 persuadendo
2686 1844 2947 1907 Cesare
2978 1844 3209 1907 faccia

641 1973 839 2015 come
900 1952 975 2015 fa
1034 1952 1078 2015 l'
1106 1952 1343 2017 officio
1414 1953 1486 2015 di
1549 1953 1903 2017 catholico
1966 1962 2038 2016 et
2100 1951 2697 2015 Christianissimo
2748 1952 3207 2033 Imperatore,

641 2070 716 2122 et
760 2080 961 2123 come
1009 2060 1488 2142 primogenito
1537 2060 1808 2141 figliolo
1859 2072 1929 2123 et
1968 2063 2320 2123 honorato
2354 2080 2569 2141 sopra
2596 2060 2761 2121 tutti
2794 2060 2986 2121 dalla
3018 2056 3208 2122 Sede

641 2168 1097 2249 Apostolica‚
1175 2187 1390 2249 sopra
1449 2166 1609 2229 tutti
1677 2170 1907 2231 anche
1975 2167 2197 2247 voglii
2267 2166 2682 2229 defenderla
2746 2166 3051 2229 maxime
3118 2168 3209 2229 da

641 2274 870 2355 questi
938 2272 1257 2337 Heretici
1319 2273 1608 2355 perfidi,
1681 2274 1875 2356 quali
1939 2294 2079 2338 non
2140 2294 2391 2338 manco
2440 2292 2841 2355 procurano
2892 2274 2962 2335 la
3008 2274 3211 2335 ruina

642 2380 712 2442 di
775 2378 922 2443 Sua
985 2380 1264 2443 Maesta
1339 2391 1410 2443 et
1478 2380 1639 2443 dell'
1667 2381 1967 2462 imperio
2030 2383 2163 2445 che
2234 2382 2423 2444 della
2492 2381 2659 2443 fede
2725 2380 3078 2443 catholica
3140 2390 3213 2443 et

641 2488 882 2551 chiesa
931 2488 1286 2553 Romana.
1382 2488 1644 2551 Nostro
1697 2490 2004 2571 signore
2055 2491 2147 2552 ha
2196 2509 2464 2551 sommo
2512 2488 2799 2570 piacere
2850 2488 2983 2551 che
3046 2489 3210 2569 quel

643 2593 1216 2677 Religiosissimo
1266 2604 1336 2657 et
1385 2596 1845 2658 devotissimo
1894 2598 2122 2677 padre
2171 2594 2601 2659 Confessore
2650 2595 2721 2656 di
2754 2592 2901 2656 Sua
2934 2594 3213 2657 Maesta

641 2704 697 2764 si
762 2702 1007 2764 ritrovi
1054 2703 1100 2764 li
1161 2714 1232 2763 et
1281 2702 1527 2765 mostri
1573 2711 1774 2765 tanto
1824 2702 2111 2767 fervore
2159 2701 2570 2766 in.servitio
2619 2703 2691 2765 di
2740 2700 2887 2765 Sua
2934 2700 3209 2765 Santita

642 2822 712 2871 et
761 2812 950 2872 della
998 2808 1221 2873 Santa
1266 2808 1455 2872 Sede
1507 2811 1959 2893 Apostolica,
2011 2820 2084 2872 et
2130 2809 2201 2872 vi
2249 2818 2627 2873 commette
2674 2810 2744 2871 lo
2792 2809 3213 2891 ringratiate

643 2930 712 2980 et
761 2917 1166 2982 exhortiate
1217 2921 1310 2981 da
1372 2929 1578 3000 parte
1639 2919 1711 2982 di
1759 2891 1908 2983 Eua
1957 2917 2413 2981 Beatitudine
2473 2938 2516 2980 a
2576 2936 3079 2998 perseverare,
3144 2928 3214 2979 et

641 3047 771 3108 per
818 3028 884 3088 le
932 3029 1121 3089 bone
1172 3046 1390 3109 opere
1438 3028 1530 3088 ha
1578 3027 1756 3089 fatte
1806 3026 1900 3090 fin
1946 3023 2066 3108 qui
2098 3025 2147 3088 li
2190 3025 2449 3087 manda
2480 3023 2671 3086 mille
2705 3024 3213 3106 Benedittioni,

627 3147 713 3195 =et
774 3133 1105 3196 desidera
1164 3134 1542 3196 occasione
1605 3134 1675 3195 di
1725 3136 2009 3214 poterlo
2058 3131 2498 3214 gratificare;
2564 3131 2681 3193 voi
2728 3130 3005 3195 intanto
3054 3151 3213 3214 sup-

642 3241 814 3322 plite
863 3241 1380 3322 mostrandogli
1428 3243 1499 3303 la
1545 3245 1738 3303 bona
1786 3241 2077 3303 volonta
2129 3249 2199 3303 et
2229 3239 2465 3302 animo
2499 3239 2571 3301 di
2604 3239 2867 3302 Nostro
2901 3237 3213 3320 Signore

643 3367 848 3408 verso
897 3347 1015 3410 lui.
1094 3345 1153 3409 11
1201 3346 1586 3410 medesimo
1637 3347 1875 3410 officio
1924 3348 2071 3411 fate
2121 3367 2255 3409 con
2306 3345 2522 3428 quelli
2566 3347 2883 3428 Principi
2934 3357 3005 3409 et
3037 3346 3213 3409 Con·

644 3452 915 3534 siglieri
965 3453 1312 3518 Catholici
1377 3455 1691 3518 secondo
1755 3475 1930 3536 pare
1980 3476 2024 3518 a
2068 3455 2187 3518 voi
2240 3455 2651 3518 mostrando
2700 3477 2743 3517 a
2788 3455 2950 3517 tutti
2999 3456 3047 3517 il
3096 3475 3211 3536 pe·

643 3561 867 3624 riculo
916 3563 1191 3642 grande
1239 3563 1357 3638 nel
1405 3564 1615 3644 quale
1665 3563 1804 3626 essi
1852 3562 1911 3625 si
1960 3573 2261 3626 trovano
2309 3581 2441 3644 per
2488 3563 2557 3624 la
2603 3563 2883 3626 heresia
2934 3572 3002 3625 et
3059 3583 3213 3644 pes-

642 3669 818 3731 simo
883 3669 1152 3733 scriver
1208 3679 1280 3732 et
1338 3670 1716 3751 predicare
1775 3669 1847 3733 di
1913 3679 2165 3752 questo
2234 3669 2513 3734 ribaldo
2561 3673 2771 3751 quale
2820 3691 2958 3733 non
3010 3691 3219 3733 cerea

645 3777 826 3839 altro
891 3777 1024 3840 che
1083 3777 1446 3859 deponere
1496 3777 1516 3839 i
1567 3777 1845 3841 Grandi
1891 3776 2374 3842 Ecclesiastici
2438 3786 2509 3840 et
2570 3777 2732 3840 laici
2783 3785 2853 3839 et
2901 3779 3217 3841 excitare

647 3885 692 3946 il
755 3885 975 3967 vulgo
1044 3894 1114 3947 et
1177 3887 1248 3947 la
1306 3887 1556 3966 plebe,
1625 3895 1695 3948 et
1744 3907 1786 3948 a
1834 3895 2088 3967 questo
2152 3887 2367 3947 tende
2430 3891 2613 3946 tutto
2661 3884 2709 3946 il
2759 3905 2885 3947 suo
2935 3903 3216 3947 veneno

645 3991 717 4054 di
778 3991 1120 4055 suscitare
1183 3993 1460 4055 tumulti
1529 4001 1602 4055 et
1663 3992 1981 4057 scandali
2044 4004 2115 4054 et
2178 4001 2475 4055 mettere
2537 3991 2699 4054 tutti
2758 3991 2781 4053 i
2837 3991 3083 4074 populi
3145 3991 3217 4054 in

643 4097 808 4161 foco
873 4109 946 4162 et
1005 4099 1286 4164 fiamma
1352 4110 1602 4163 contra
1648 4099 1672 4162 i
1720 4101 1873 4164 loro
1942 4099 2324 4180 superiori,
2388 4098 2459 4161 in
2522 4100 2733 4162 modo
2793 4101 2925 4162 che
2974 4099 3027 4161 si
3080 4099 3219 4162 essi

646 4203 937 4287 Signori
981 4205 1216 4270 finche
1263 4209 1504 4270 hanno
1551 4208 1623 4269 in
1673 4228 1884 4270 mano
1935 4209 2005 4269 la
2049 4205 2357 4289 podesta
2408 4227 2545 4269 non
2598 4207 2644 4268 li
2691 4208 3112 4288 provedono
3146 4205 3215 4268 in

646 4323 897 4394 questa
946 4313 1159 4376 Dieta
1221 4335 1354 4377 con
1418 4315 1714 4378 remedii
1762 4313 2079 4396 presenti
2131 4324 2203 4377 et
2248 4313 2641 4394 fortissimi,
2704 4313 2881 4376 detti
2930 4311 3220 4396 Signori

647 4439 956 4482 saranno
1006 4419 1027 4482 i
1076 4419 1284 4501 primi
1336 4443 1378 4483 a
1425 4421 1656 4504 patire
1706 4422 1863 4484 loro
1914 4432 1984 4483 et
2032 4421 2334 4503 ruinare,
2392 4431 2465 4484 et
2512 4421 2560 4484 il
2608 4422 2821 4483 fuoco
2871 4441 3123 4485 acceso
3174 4423 3218 4483 11

646 4526 718 4588 in
767 4526 1152 4590 Germania
1209 4528 1466 4590 ardera
1527 4528 1755 4610 prima
1810 4529 2049 4609 quella
2095 4529 2383 4592 natione
2433 4538 2504 4592 et
2552 4529 2740 4592 lochi
2789 4528 2835 4592 li
2887 4529 3007 4610 piu
3060 4548 3219 4610 pro-

647 4633 892 4715 pinqui
940 4635 1071 4696 che
1121 4635 1352 4715 questi
1401 4636 1539 4717 qua
1589 4637 1678 4698 de
1729 4634 1935 4698 Italia
1984 4645 2054 4698 et
2102 4637 2292 4698 della
2326 4635 2601 4700 Chiesa.
2676 4635 2851 4698 Fate
2904 4637 3071 4719 ogni
3124 4637 3218 4699 in-

645 4741 908 4802 stantia
939 4753 1010 4804 et
1052 4741 1284 4804 sforzo
1327 4745 1458 4804 che
1483 4742 1766 4822 Cesare‚
1799 4741 2246 4824 Maguntin0‚
2282 4741 2587 4822 Cevrex,
2618 4741 2666 4804 11
2688 4741 3119 4806 Confessore
3152 4751 3224 4807 et

649 4847 864 4934 quelli
897 4848 1058 4910 altri
1081 4845 1373 4932 Signori
1410 4848 1628 4913 fedeli
1665 4849 1721 4913 si
1759 4850 2087 4932 sveglino
2127 4858 2197 4911 et
2230 4850 2409 4911 hora
2450 4849 2631 4912 hora
2666 4851 2855 4912 nella
2888 4861 3223 4942 presente
