3575 5775
1431 570 1925 632 0-<35298><>

400 721 469 782 di
520 721 757 802 quella
804 720 1086 784 heresia
1135 730 1207 784 et
1252 721 1645 802 pertinacia
1694 725 1849 788 loro
1899 720 2305 790 facilmente
2369 745 2445 787 se
2510 722 2558 786 li
2606 725 2956 806 potrebbe

400 828 831 909 provedere;
888 826 1155 909 perche
1216 831 1667 910 quantunche
1717 831 1825 893 sia
1872 852 2046 895 vero
2096 834 2227 897 che
2293 833 2608 896 habbino
2656 840 2960 913 provato

401 936 449 997 li
496 933 721 999 infinti
771 935 934 998 mali
982 935 1264 999 tumulti
1310 946 1383 997 et
1428 937 1771 1001 sedicioni
1821 941 1954 1003 che
2001 960 2092 1004 ne
2139 961 2315 1004 sono
2351 939 2648 1022 seguite,
2700 948 2772 999 et
2803 936 2962 999 chio

401 1044 615 1105 creda
664 1043 795 1105 che
844 1062 1150 1105 saranno
1202 1042 1502 1124 disposti
1568 1066 1611 1106 a
1671 1046 1977 1109 metterli
2038 1057 2110 1111 et
2156 1070 2200 1111 a
2247 1058 2612 1111 sostenere
2661 1046 2962 1127 qualche

404 1149 651 1212 ordine
702 1158 773 1211 et
839 1150 1279 1231 provisione,
1346 1150 1584 1215 niente
1650 1151 1722 1216 di
1787 1175 1996 1217 meno
2067 1157 2136 1219 la
2195 1158 2285 1218 da
2355 1155 2648 1218 credere
2699 1153 2966 1215 Vostra

404 1255 759 1338 Signoria‚
796 1258 927 1319 che
963 1267 1228 1337 quanto
1264 1259 1331 1320 al
1379 1266 1564 1323 stato
1612 1260 2114 1325 Ecclesiastico
2164 1264 2326 1325 tutti
2388 1261 2602 1344 quelli
2651 1258 2967 1341 Principi

404 1384 579 1427 sono
627 1366 846 1427 molto
895 1364 1133 1445 pronti
1198 1367 1291 1426 ad
1356 1366 1791 1446 opprimerlo
1859 1378 1930 1431 et
1994 1369 2157 1432 torli
2218 1371 2288 1433 la
2359 1369 2566 1430 soiita
2615 1366 2966 1445 libertate,

406 1483 477 1533 ot
526 1479 707 1533 tutto
758 1492 886 1554 per
934 1471 1147 1534 tirare
1198 1474 1265 1534 le
1314 1492 1478 1536 cose
1528 1475 1595 1535 al
1646 1477 2017 1537 commodo
2067 1487 2138 1538 et
2185 1475 2312 1538 util
2363 1478 2536 1538 loro,
2697 1468 2711 1480 ’

586 1578 795 1642 Onde
844 1578 911 1640 io
959 1598 1226 1660 penSO‚
1290 1580 1421 1641 che
1480 1583 1699 1643 molto
1764 1582 1948 1645 assai
2009 1582 2112 1645 sia
2161 1584 2252 1646 da
2302 1583 2754 1646 considerare
2803 1582 2966 1663 quel

407 1688 542 1748 che
592 1686 911 1767 importi,
979 1708 1020 1747 o
1084 1705 1301 1767 possa
1364 1685 1749 1768 importare
1817 1710 2202 1771 procurare
2265 1692 2398 1753 che
2459 1710 2548 1752 ne
2615 1690 2686 1751 la
2730 1688 2968 1752 futura

408 1794 603 1855 dieta
651 1792 1171 1874 intervengano
1230 1792 1391 1855 tutti
1462 1794 1510 1855 li
1570 1796 1836 1859 oratori
1886 1798 1974 1859 de
2024 1798 2073 1860 li
2125 1796 2439 1879 Principi
2489 1808 2562 1860 et
2609 1794 2970 1859 Potentati

408 1902 499 1962 de
549 1900 951 1979 Christiani,
1001 1900 1067 1961 di
1120 1902 1250 1962 che
1298 1904 1653 1982 potrebbe
1702 1924 1832 1985 per
1881 1905 2032 1968 vari
2081 1905 2432 1967 accidenti
2483 1914 2556 1967 et
2602 1903 2748 1967 casi
2787 1903 2972 1965 uscir

409 2010 665 2071 alcuno
736 2008 924 2070 malo
991 2006 1238 2069 effetto
1311 2019 1381 2069 et
1454 2010 1910 2074 conclusione
1984 2032 2070 2074 ne
2133 2011 2203 2076 la
2274 2010 2440 2074 fede
2501 2010 2854 2073 catholica
2902 2017 2973 2070 et

408 2114 919 2197 specialmente
967 2135 1009 2176 a
1058 2116 1294 2176 danno
1345 2116 1435 2177 de
1483 2116 1551 2177 13
1600 2116 2022 2199 5ηρ6τὶοτὶῖέι
2096 2119 2164 2180 di
2228 2130 2479 2201 questa
2526 2130 2730 2182 santa
2779 2116 2971 2195 sede,

410 2223 673 2304 perche
723 2222 1009 2303 quando
1060 2221 1128 2282 in
1182 2230 1432 2302 questa
1482 2223 1694 2285 Dieta
1742 2224 1940 2288 fusse
1989 2245 2130 2289 una
2179 2228 2278 2288 tal
2326 2246 2491 2289 cosa
2541 2222 2856 2287 stabilita
2904 2236 2972 2285 et

406 2332 724 2410 risoluta,
775 2350 915 2391 non
968 2327 1025 2391 si
1074 2331 1427 2410 potrebbe
1477 2330 1597 2411 poi
1646 2331 2052 2395 facilmente
2102 2334 2344 2395 levare
2393 2343 2465 2395 et
2509 2333 2728 2395 molto
2777 2328 2972 2412 pegi-

408 2458 531 2499 ore
600 2438 906 2499 sarebbe
976 2438 1106 2498 che
1157 2436 1556 2517 qualunehe
1606 2440 1791 2501 altra
1839 2440 2281 2521 pragmatica
2330 2442 2460 2503 che
2509 2440 2616 2501 sin
2665 2441 2843 2501 hora
2891 2436 2972 2499 sii

408 2552 637 2607 stata:
716 2545 785 2606 13
856 2545 1021 2625 qual
1093 2564 1261 2606 cosa
1332 2542 1402 2605 in
1473 2546 1836 2625 presentia
1909 2548 1996 2608 de
2047 2569 2138 2610 un
2209 2548 2487 2631 Legato
2549 2549 2854 2610 sarebbe
2906 2544 2974 2606 di

408 2651 741 2731 maggior
786 2652 1118 2713 smaccho
1170 2658 1241 2712 et
1276 2651 1574 2733 cagione
1625 2654 1714 2715 de
1763 2655 2093 2735 maggior
2141 2676 2417 2720 scorn0.
2495 2654 2584 2717 Et
2617 2652 2653 2716 6
2689 2654 2780 2715 da
2809 2673 2947 2734 pen

412 2779 594 2829 saro,
645 2759 777 2820 che
828 2758 1113 2839 quando
1161 2758 1431 2839 peggio
1481 2779 1620 2822 non
1674 2781 1763 2821 ne
1814 2781 2176 2843 seguesse‚
2209 2784 2420 2825 sanza
2451 2761 2667 2825 dubio
2700 2762 2977 2823 almeno

408 2866 598 2930 circa
649 2866 695 2929 li
747 2875 956 2929 cento
1004 2865 1422 2948 gravamini,
1474 2879 1543 2928 et
1592 2865 1781 2960 circa
1831 2867 1878 2930 il
1928 2868 2225 2933 concilio
2274 2870 2511 2934 futuro
2561 2870 2978 2930 vorebbono

302 3003 307 3008 ·
410 2977 830 3038 risolutione
880 2985 949 3038 et
998 2976 1451 3040 stabilmento
1503 2979 1571 3039 di
1623 2979 1755 3040 che
1807 2978 2196 3041 moltissimi
2245 2976 2670 3040 incommodi
2719 2997 2808 3038 ne
2859 2996 2974 3056 po-

412 3087 769 3146 trebbono
818 3083 1146 3146 risultare
1215 3085 1355 3146 alla
1418 3085 1607 3146 Sede
1672 3085 2126 3166 Apostolica‚
2200 3097 2272 3148 et
2333 3087 2506 3166 pero
2571 3085 2842 3146 bench&
2911 3083 2978 3144 io

414 3191 643 3272 pensi,
690 3193 825 3254 che
872 3190 1137 3254 Nostro
1189 3191 1516 3274 §ignore
1569 3212 1696 3272 per
1745 3193 1814 3253 la
1864 3213 1988 3254 soa
2036 3191 2384 3274 sapientia
2436 3201 2505 3252 et
2537 3189 2982 3271 experientia

416 3319 778 3378 cognosca
824 3297 871 3360 il
920 3309 1102 3360 tutto
1154 3308 1224 3359 et
1272 3318 1413 3360 non
1463 3299 1725 3360 habbia
1777 3299 2124 3362 necessita
2175 3299 2243 3361 di
2293 3297 2638 3378 consiglio
2689 3307 2758 3358 et
2808 3317 2978 3358 mas-

414 3404 828 3467 simamente
900 3405 1018 3468 del
1090 3403 1227 3468 mio
1297 3407 1553 3468 debole
1622 3426 1912 3486 parere,
1993 3406 2230 3469 niente
2302 3406 2374 3468 di
2467 3405 2766 3468 mancho
2839 3403 2980 3484 poi,

415 3516 549 3575 che
605 3517 751 3574 cosi
800 3513 1006 3594 piace
1052 3533 1096 3574 a
1144 3509 1291 3574 Sua
1338 3513 1830 3590 Beatitudine‚
1879 3513 1928 3574 il
1976 3533 2188 3594 parer
2243 3513 2382 3575 mio
2439 3515 2782 3592 sarebbe,
2851 3513 2981 3574 che

415 3639 617 3682 come
688 3621 759 3681 13
844 3619 1057 3682 Dieta
1140 3618 1212 3681 di
1296 3617 1441 3680 San
1529 3619 1819 3699 Jacomo
1903 3641 1942 3682 a
2027 3617 2239 3701 Spira
2322 3619 2395 3681 fu
2476 3618 2836 3701 prohibita
2913 3629 2980 3680 et

416 3745 751 3807 suspesa,
839 3729 983 3790 cosi
1056 3745 1189 3788 con
1248 3725 1419 3808 ogni
1481 3745 1716 3788 mezzo
1790 3746 1830 3788 e
1900 3725 2012 3788 via
2087 3726 2142 3788 si
2213 3726 2634 3808 prohibesse
2702 3735 2772 3788 et
2842 3746 2977 3787 sus-

414 3833 772 3916 pendesse
833 3841 1127 3913 questa,
1196 3842 1268 3895 et
1330 3852 1374 3895 a
1439 3842 1691 3913 questo
1754 3835 2060 3896 sai-ebbe
2119 3830 2410 3895 efficace
2460 3833 2643 3895 assai
2696 3831 2981 3894 voltarsi

417 3961 461 4002 a
522 3940 822 4018 Cesare,
898 3949 969 4001 et
1032 3959 1164 4002 con
1228 3941 1294 4003 16
1356 3939 1633 4020 ragioni
1701 3941 1832 4002 che
1894 3938 1951 4000 si
2015 3959 2253 4022 ponno
2311 3940 2620 4002 addurre
2678 3937 2984 4000 soaderli

418 4067 551 4129 per
634 4046 863 4109 salute
934 4054 1006 4108 et
1067 4045 1304 4128 quiete
1386 4047 1475 4108 de
1560 4048 1629 4109 13
1698 4047 2160 4126 Repubblica
2247 4046 2628 4108 christiana
2711 4045 2842 4107 che
2921 4045 2987 4106 al

417 4163 755 4235 presente
823 4173 964 4215 non
1024 4153 1191 4216 lassi
1261 4152 1414 4215 fare
1474 4155 1669 4215 detta
1726 4153 1947 4231 dieta,
2008 4153 2570 4216 massimamente
2637 4152 2986 4214 toccando

420 4270 675 4344 questo
726 4270 948 4344 punto
998 4261 1129 4324 che
1178 4280 1312 4341 per
1359 4259 1408 4321 li
1456 4259 1883 4322 incommodi
1915 4262 2045 4322 che
2081 4279 2168 4322 ne
2203 4259 2638 4341 potrebbero
2675 4258 2986 4320 reuscire

416 4379 672 4432 contra
719 4369 789 4430 la
837 4367 1003 4428 fede
1051 4366 1181 4429 che
1230 4386 1370 4429 non
1421 4367 1455 4429 ὁ
1506 4368 1599 4428 da
1644 4365 1829 4430 farla
1875 4386 2087 4429 senza
2133 4366 2202 4428 13
2252 4383 2596 4448 presenza
2627 4363 2698 4426 di
2732 4361 2802 4426 S.
2833 4363 2986 4427 Mss.

346 4547 355 4558 ,
416 4475 513 4538 Et
575 4475 859 4556 quando
922 4493 1057 4556 pur
1117 4493 1249 4554 per
1304 4473 1653 4536 necessita
1702 4475 1790 4538 de
1862 4475 1929 4536 le
1979 4493 2144 4536 cose
2210 4474 2298 4534 de
2363 4469 2730 4554 germania
2793 4470 2988 4534 fusse

420 4581 829 4646 necessario
878 4581 1029 4642 fare
1080 4581 1277 4642 detta
1326 4579 1535 4662 dieta,
1585 4580 2165 4662 precipuamente
2213 4599 2343 4661 per
2407 4578 2453 4640 il
2528 4577 2864 4659 dissegno
2913 4599 2990 4641 sa

422 4689 513 4752 V.
565 4688 636 4752 S.
686 4690 927 4751 hanno
975 4688 1065 4750 de
1114 4688 1183 4749 lo
1232 4686 1522 4768 infante,
1573 4690 1876 4750 sarebbe
1927 4687 2017 4748 da
2065 4685 2479 4767 ingegnarsi
2523 4687 2654 4747 che
2688 4685 2988 4748 andasse

423 4795 543 4880 pit:
594 4794 874 4859 innanzi
922 4797 1054 4857 che
1102 4793 1299 4856 fusse
1344 4793 1707 4875 possibiIe,
1755 4793 2018 4875 perche
2086 4793 2127 4854 ’l
2176 4802 2415 4874 tempo
2484 4811 2764 4874 sempre
2837 4792 2988 4853 suo}

424 4904 779 4987 partorire
830 4923 995 4967 cose
1046 4922 1276 4966 nuove
1328 4910 1400 4964 et
1455 4911 1743 4985 portare
1806 4901 2000 4964 molti
2051 4897 2323 4962 rimedii
2383 4909 2455 4962 et
2518 4899 2702 4962 lume
2761 4907 2830 4960 et
2893 4897 2986 4959 in·

482 5031 641 5094 Balari,
666 5031 954 5070 Documenta
973 5029 1251 5070 Ianthen-ana.
2601 5019 2671 5080 34
