3575 5775
1417 561 1909 627 ὁ-ἑΒῘ83Εὲ-ο

435 721 654 797 menta,
722 733 998 798 perque
1063 716 1375 779 rationes
1437 737 1593 780 cum
1653 715 1988 779 hereticis
2037 715 2519 797 disceptantes
2569 712 2943 794 diffusique

436 815 800 904 elicuerunt,
848 843 1059 904 quam
1108 844 1470 887 sacrorum
1505 823 1979 887 Conciliorum
2015 821 2509 884 determinatio
2558 821 2945 901 roboravit,

435 931 490 982 et
543 931 718 1010 quod
787 951 918 1012 per
983 932 1316 995 doctores
1387 939 1541 994 erat
1589 929 2075 993 doctrinaliter
2125 929 2553 1010 discussum,
2625 927 2946 990 Ecclesia

431 1037 903 1101 sententialiter
949 1037 1305 1114 diffinivit.
1398 1037 1480 1100 In
1530 1058 1670 1118 qua
1718 1046 1960 1119 patres
2010 1046 2081 1098 et
2128 1036 2431 1099 maiores
2466 1035 2686 1098 nostri
2736 1034 2945 1097 confi-

413 1135 640 1206 denter
687 1145 941 1207 mortui
990 1154 1174 1226 sunt,
1225 1154 1295 1208 et
1343 1155 1676 1226 tanquam
1726 1143 2197 1207 hereditatem
2244 1142 2315 1205 in
2366 1163 2495 1205 nos
2544 1142 2945 1204 transmise-

397 1259 568 1332 runt,
615 1252 706 1314 de
754 1273 896 1334 qua
941 1263 1086 1316 tam
1131 1251 1506 1334 pontifitiO,
1557 1272 1767 1334 quam
1819 1250 2147 1314 Caesaris
2188 1251 2341 1331 jure
2390 1248 2755 1330 disputare
2788 1270 2941 1331 pro-

391 1357 726 1440 hibemur,
777 1367 850 1420 et
896 1379 1056 1422 cum
1104 1359 1299 1440 apud
1343 1361 1602 1421 multos
1650 1357 2056 1420 rationandi
2103 1366 2174 1420 et
2221 1357 2615 1420 altercandi
2663 1376 2807 1418 non
2858 1355 2948 1418 sit

387 1463 560 1545 finis,
608 1472 910 1548 utraque
958 1486 1281 1547 censura,
1330 1465 1398 1529 in
1450 1485 1575 1529 eos
1624 1465 1740 1547 qui
1772 1475 2111 1547 proterva
2145 1463 2544 1528 temeritate
2581 1462 2947 1525 Ecclesiae

383 1572 652 1634 nollent
700 1572 1293 1636 determinatione
1356 1553 1725 1636 subiacere
1788 1592 2065 1653 poenae
2131 1571 2413 1653 prodite
2464 1579 2626 1633 sunt
2674 1579 2744 1632 et
2790 1590 2944 1651 pro-

379 1679 716 1760 mulgate.
813 1679 1126 1761 Reliqua
1164 1701 1295 1762 per
1342 1689 1412 1742 te
1456 1680 1647 1742 dicta
1673 1679 2005 1760 Martine,
2054 1678 2407 1742 brevitate
2440 1679 2750 1757 studens,
2798 1686 2945 1738 tan-

377 1807 588 1867 quam
637 1787 806 1848 huic
855 1787 1150 1867 negotio
1199 1808 1338 1849 non
1389 1787 1877 1868 congruentia,
1928 1788 2017 1849 de
2063 1785 2411 1848 industria
2456 1796 2808 1868 pretereo,

554 1893 754 1956 Nihil
802 1903 912 1957 est
960 1914 1136 1976 ergo
1187 1893 1514 1974 Martine,
1565 1894 1755 1975 quod
1801 1891 2352 1974 disputationem
2400 1913 2641 1954 eorum
2693 1910 2944 1972 expec-

377 2009 484 2062 tes
553 2020 698 2082 que
770 2011 966 2062 certa
1039 2011 1110 2062 et
1172 2001 1513 2083 explicita
1557 2000 1700 2062 fide
1750 2002 2045 2062 credere
2092 1999 2377 2064 teneris,
2472 1999 2946 2080 Quamobrem

377 2109 628 2169 eadem
678 2107 921 2190 sepius
964 2107 1386 2171 inculcanda
1435 2118 1504 2170 et
1554 2109 1950 2189 repetenda
1994 2115 2191 2188 put0,
2240 2115 2318 2167 ut
2346 2105 2620 2168 sincere
2672 2114 2742 2167 et
2788 2125 2942 2166 can-

381 2215 584 2292 dide,
653 2235 798 2277 non
859 2216 1194 2296 ambigue
1274 2236 1413 2279 non
1483 2226 1779 2278 cornute
1829 2214 2308 2296 respondeaS‚
2358 2233 2449 2274 an
2501 2212 2720 2275 libros
2768 2219 2948 2292 tum,

380 2331 448 2381 et
495 2341 778 2384 errores
825 2322 1001 2384 inibi
1051 2331 1425 2384 contentos
1475 2325 1602 2384 abs
1655 2332 1726 2384 te
1756 2301 2294 2401 'disseminatos
2345 2339 2684 2383 revocare
2733 2328 2805 2380 et
2846 2340 2948 2380 re-

381 2436 690 2490 tractare
737 2429 938 2510 veliS,
988 2448 1120 2491 nec
1169 2450 1279 2492 ne.
2457 2423 2473 2432 ⁹

1277 2573 1399 2634 Ad
1449 2574 1600 2634 hec
1649 2571 2078 2634 Martinus

559 2697 870 2779 Quando
903 2716 1078 2778 ergo
1106 2696 1582 2760 sacratissima
1607 2696 1950 2777 Majestas
1982 2707 2240 2775 vestra,
2292 2695 2951 2776 dominationesque

384 2815 620 2868 vestre
696 2803 998 2885 simplex
1052 2824 1466 2884 responsum
1522 2814 1775 2884 petunt
1847 2806 2033 2866 dabo
2082 2804 2254 2865 illud
2306 2823 2536 2884 neque
2584 2817 2950 2865 cornutum

385 2932 612 2993 neque
665 2912 1072 2991 dentatum,
1142 2912 1210 2972 in
1261 2914 1447 2974 hunc
1499 2912 1820 2974 modum:
1893 2912 2040 2972 Nisi
2086 2912 2455 2974 convictus
2503 2911 2704 2973 fuero
2754 2912 2947 2973 testi-

387 3018 634 3081 moniis
707 3018 1251 3099 scripturarum,
1327 3027 1450 3082 aut
1519 3019 1793 3081 ratione
1844 3018 2158 3080 evidenti
2230 3014 2417 3103 (nam
2469 3038 2697 3098 neque
2750 3018 2946 3097 Pape

389 3147 612 3208 neque
665 3125 1000 3188 Conciliis
1072 3127 1242 3187 solis
1317 3128 1572 3204 cred0,
1645 3145 1801 3186 cum
1853 3135 2129 3187 constet
2179 3135 2249 3187 et
2298 3144 2535 3187 erasse
2585 3124 2825 3205 sepius
2874 3134 2945 3185 et

391 3233 516 3295 sibi
561 3233 740 3314 ipsis
804 3232 1351 3311 contradixisse)
1424 3242 1494 3293 et
1552 3232 1778 3294 victus
1828 3231 1955 3294 sim
2005 3231 2374 3312 scripturis
2422 3252 2464 3292 a
2514 3252 2621 3292 me
2672 3231 2943 3293 edoctis

396 3352 460 3401 et
505 3349 718 3422 capta
781 3339 1214 3401 conscientia
1269 3338 1338 3399 in
1402 3340 1642 3400 verbis
1707 3338 1878 3417 Dei,
1941 3358 2284 3401 revocare
2345 3358 2575 3419 neque
2640 3358 2948 3420 possum,

398 3466 615 3527 neque
686 3449 854 3509 volo
914 3445 1286 3528 quicquid,
1359 3465 1516 3507 cum
1576 3456 1825 3508 contra
1875 3444 2377 3507 conscientiam
2447 3465 2666 3526 agere
2718 3466 2947 3525 neque

404 3563 632 3635 tutum,
683 3574 915 3635 neque
964 3554 1316 3634 integrum
1368 3552 1477 3614 sit.
1572 3551 1748 3615 Gott
1796 3552 1996 3613 Helff
2038 3552 2186 3625 mir:
2239 3553 2489 3615 Amen.

473 3712 480 3717 .
570 3660 726 3742 Quo
776 3680 1125 3742 responso
1176 3679 1304 3741 per
1354 3660 1691 3721 Luterum
1741 3660 1933 3739 dat0‚
1980 3668 2408 3721 memoratus
2441 3659 2757 3721 notarius
2806 3679 2947 3720 om-

410 3767 599 3830 nibus
658 3768 796 3830 iam
862 3788 992 3849 pre
1054 3771 1265 3830 turba
1331 3778 1400 3828 et
1450 3769 1688 3829 calore
1737 3765 2039 3847 lassati5‚
2091 3765 2459 3827 discedere
2507 3765 2947 3847 parantibu5‚

414 3874 634 3952 paucis
682 3894 813 3957 pro
863 3874 1203 3955 temporis
1251 3872 1582 3955 angustia
1615 3873 2051 3935 inclamavit:
2108 3874 2408 3954 Depone
2443 3872 2946 3935 conscientiam

417 3979 732 4061 Mai-tine,
801 4002 1008 4063 quam
1061 3982 1424 4061 deponere
1473 3980 1773 4059 teneriS,
1826 3980 1990 4060 quia
2040 4001 2338 4042 erronea
2404 3990 2543 4053 est;
2604 3990 2674 4040 et
2722 3988 2946 4041 tutum

423 4085 530 4147 tibi
572 4088 698 4150 erit
746 4108 1087 4151 revocare
1146 4096 1215 4149 et
1264 4090 1638 4167 integrum.
1735 4086 1943 4167 Quod
2008 4097 2241 4149 autem
2293 4086 2945 4149 Concilia·errasse

428 4192 603 4274 dicis,
659 4197 851 4257 nullo
909 4215 1216 4276 unquam
1267 4203 1587 4275 tempore
1637 4196 1947 4275 probare
1996 4193 2263 4275 poteris
2319 4192 2387 4255 in
2437 4194 2733 4255 materia
2778 4191 2946 4256 fidei

433 4301 674 4385 saltem,
734 4304 900 4365 licet
947 4304 1016 4364 in
1065 4302 1361 4364 materia
1408 4322 1712 4379 morum,
1761 4300 1898 4362 ista
1944 4301 2133 4362 haud
2189 4309 2485 4382 gravate
2536 4300 2946 4381 permisero,

582 4408 686 4472 Ad
731 4412 863 4472 hec
913 4409 1262 4471 Martinus
1311 4430 1387 4469 se
1437 4428 1523 4469 ea
1569 4410 1879 4487 probare
1932 4428 2145 4489 posse
2193 4408 2626 4469 reclamavit.

581 4514 676 4578 Ita
721 4517 856 4579 fuit
901 4536 1279 4579 recessum.

1119 4656 1364 4721 Libri
1413 4654 1786 4718 Martini
1836 4654 2227 4718 Lutheri.

453 4768 536 4833 De
570 4779 756 4845 bonis
803 4783 1163 4864 operibus,

457 4872 537 4937 De
574 4884 880 4952 libertate
931 4890 1336 4952 christiana.
