3575 5775
1710 579 2010 642 ο«3448
2087 581 2228 677 {Cb-0¹

680 734 943 797 nullutn
998 732 1277 814 quidem
1328 732 1424 795 illi
1478 743 1587 794 est
1634 753 1814 814 pace
1863 730 2134 813 gratius
2183 741 2254 792 et
2303 727 2723 811 placabilius
2794 725 3228 792 sacrificium.

686 843 838 904 Tua
884 861 1083 904 mens
1132 841 1269 902 iam
1332 840 1633 922 plurima
1700 849 1771 901 et
1837 837 2226 901 clarissima
2287 836 2492 918 signa
2557 837 2754 898 dedit
2813 835 3091 898 virtutis
3165 843 3233 896 et

680 948 1049 1030 religionis
1096 947 1163 1008 in
1217 967 1555 1010 summum
1615 945 1844 1009 Deum
1894 943 2267 1024 maximae,
2317 963 2525 1006 nemo
2577 953 2684 1006 est
2732 942 2852 1024 qui
2925 962 3068 1004 non
3139 941 3234 1002 ita

684 1053 1040 1116 existimet
1086 1064 1159 1117 et
1205 1074 1555 1136 personae
1606 1063 1675 1115 et
1724 1051 2094 1132 dignitatis
2141 1062 2307 1114 tuae
2353 1049 2584 1132 ipsum
2647 1070 2804 1113 esse
2859 1059 3234 1131 patronum

690 1172 762 1224 et
808 1171 1281 1243 protectorem
1333 1161 1601 1235 Deum;
1654 1172 1994 1244 quantum
2041 1159 2141 1222 illi
2192 1161 2480 1239 debeaS‚
2510 1157 2833 1240 cogitare
2865 1167 3059 1219 tuum
3111 1164 3236 1236 est,

687 1279 1001 1332 nostrum
1072 1270 1456 1331 admonere
1519 1268 1688 1350 quid
1736 1267 1943 1330 nobis
2013 1266 2343 1328 videatur
2401 1275 2644 1327 tantae
2701 1265 3236 1327 conservandae

686 1375 822 1438 Dei
872 1375 1155 1457 gratiae·
1203 1396 1359 1438 esse
1410 1375 1824 1457 expediens,
1935 1374 2119 1437 Illud
2193 1372 2478 1455 quidem
2550 1382 2978 1451 extremum,
3047 1370 3236 1452 quod

685 1484 908 1546 nostri
958 1503 1131 1564 erga
1180 1491 1251 1544 te
1300 1483 1558 1546 amoris
1621 1490 1727 1544 est
1753 1477 1783 1562 ‚'
1843 1481 2321 1564 adiungimu5‚
2392 1499 2656 1562 cupere
2713 1499 2843 1540 nos
2905 1476 3240 1559 quicquid

672 1587 921 1672 'egeris
971 1598 1041 1652 et
1089 1590 1560 1668 consulueris,
1610 1589 1682 1651 id
1731 1590 1964 1652 Deum
2011 1588 2240 1670 ipsum
2291 1587 2756 1650 immortalem
2806 1595 2880 1647 et
2925 1583 3240 1666 omnipo·

691 1707 957 1760 tentem
990 1699 1175 1758 bene
1211 1705 1283 1758 et
1329 1696 1634 1758 feliciter
1679 1707 1842 1759 tuae
1893 1693 2277 1758 Serenitati
2326 1693 2616 1758 evenire
2665 1693 2938 1771 iubere,
3005 1711 3241 1772 quem·

686 1805 1068 1866 admodum
1118 1805 1206 1865 de
1253 1803 1402 1881 his,
1466 1813 1535 1865 et
1601 1801 1658 1865 si
1708 1824 1847 1886 qua
1894 1801 2167 1883 reliqua
2216 1813 2395 1882 sunt,
2443 1798 2931 1864 mandavimus
2979 1798 3243 1860 dilecto

685 1908 832 1972 filio
884 1909 1293 1972 Baldassari
1344 1908 1775 1972 Castilioneo
1826 1907 2121 1971 Notario
2173 1917 2244 1970 et
2289 1906 2566 1970 Nuncio
2635 1914 2876 1968 nostro
2941 1915 3019 1966 ut
3093 1925 3244 1967 cum

688 2014 1089 2079 Serenitate
1139 2031 1259 2078 tua
1308 2026 1577 2095 ageret,
1630 2015 1739 2076 cui
1789 2015 1908 2078 illa
1957 2013 2170 2077 fidem
2219 2035 2556 2077 summam
2605 2011 3006 2094 praebebit.

867 2141 1125 2202 Datum
1178 2141 1456 2203 Romae
1507 2149 1637 2223 etc,
1731 2140 1868 2204 Die
1919 2139 2057 2202 VII
2129 2140 2302 2202 Maii
2363 2138 2766 2202 MDXXV.
2861 2139 3076 2200 Anno
3130 2136 3246 2200 Se·

690 2248 941 2309 cundo,

1897 2676 2046 2740 206.

1558 2791 1982 2895 Campegius
2038 2791 2382 2874 Sadoleta

1460 2940 1804 3007 (Nuntiat.
1843 2940 2147 2999 German.
2193 2938 2341 2998 Lm.
2379 2940 2484 3009 84.)

1747 3062 1814 3115 18.
1859 3061 1986 3109 Maii
2035 3059 2207 3127 1525.)

878 3253 890 3265 .
931 3253 942 3265 .
983 3252 996 3265 .
1034 3202 1179 3265 Con
1219 3203 1450 3283 quelle
1485 3202 1601 3263 del
1626 3202 1864 3263 XXX
1901 3212 1972 3263 et
1997 3223 2128 3264 con
2166 3205 2230 3266 le
2256 3201 2496 3265 ultime
2519 3200 2605 3265 V.
2631 3199 2704 3263 S.
2735 3200 3002 3263 havera
3027 3201 3259 3264 inteso

698 3320 963 3389 quanto
1011 3329 1141 3389 per
1187 3310 1435 3371 alhora
1486 3308 1541 3369 si
1591 3309 1823 3370 havea
1872 3309 1962 3370 de
2009 3309 2080 3372 la
2125 3329 2304 3389 pace
2352 3317 2462 3370 tra
2507 3308 2548 3370 ’l
2598 3326 2820 3389 regno
2857 3307 2926 3369 di
2961 3307 3262 3370 Polonia

701 3429 771 3477 et
820 3418 863 3476 il
917 3416 1271 3495 quondam
1307 3414 1620 3477 Maestro
1664 3416 1734 3477 di
1772 3416 2079 3495 Prussia,
2129 3436 2344 3497 sopra
2375 3416 2445 3477 la
2478 3416 2642 3499 qual
2675 3415 2972 3477 materia
3003 3416 3264 3477 manda

698 3524 871 3584 hora
921 3521 968 3583 il
1020 3522 1302 3583 Barone
1353 3522 1558 3605 copia
1607 3525 1697 3585 de
1745 3543 1885 3584 una
1928 3525 2183 3585 lettera
2233 3524 2362 3585 che
2410 3522 2511 3603 gli
2557 3523 2652 3585 ha
2697 3521 2942 3585 scritto
2989 3524 3064 3585 lo
3117 3521 3232 3603 epi

700 3648 920 3709 scopo
952 3627 1451 3708 Primisliense,
1500 3650 1589 3692 ne
1637 3633 1707 3692 la
1753 3632 1961 3711 quale
1993 3631 2084 3692 ad
2117 3632 2406 3712 longum
2440 3628 2754 3691 discorre
2787 3628 2837 3692 il
2868 3649 3258 3711 progresso

701 3736 772 3797 di
832 3745 1084 3816 questo
1136 3744 1589 3799 trattamento
1658 3745 1728 3799 et
1777 3757 2041 3800 excusa
2106 3738 2176 3799 la
2223 3737 2675 3799 conclusione
2741 3735 2922 3798 fatta
2987 3745 3063 3799 et
3125 3756 3258 3799 con

702 3851 952 3925 questa
1012 3842 1151 3905 mia
1200 3842 1243 3904 l’
1277 3842 1541 3906 havera
1606 3844 1918 3906 anchora
1967 3844 2176 3925 copia
2237 3844 2307 3906 di
2355 3851 2620 3925 quanto
2682 3842 3173 3906 ultimamente
3222 3863 3264 3905 a

701 3950 1191 4033 Strigoniense
1242 3949 1495 4012 scrisse
1524 3948 1811 4013 Statilio
1859 3970 1992 4031 per
2037 3952 2104 4013 le
2152 3970 2276 4013 soe
2325 3950 2490 4013 date
2540 3950 2606 4013 el
2647 3946 2920 4011 Sabato
2969 3945 3262 4028 Sanct0,

700 4058 975 4121 bench&
1023 4078 1114 4120 ne
1160 4060 1231 4119 la
1279 4058 1487 4139 copia
1524 4078 1665 4119 non
1716 4056 1820 4120 sia
1851 4058 2404 4121 sottoscrittione
2443 4056 2534 4119 ne
2564 4057 2759 4129 data;
2813 4076 2922 4117 ma
2955 4058 3263 4119 essendo

702 4186 746 4227 a
790 4166 1010 4247 lungo
1046 4164 1116 4225 di
1149 4162 1269 4245 poi
1306 4173 1489 4226 stato
1538 4184 1667 4227 con
1706 4183 1864 4227 esso
1900 4162 2416 4247 Strigoniense,
2463 4162 2908 4246 ragionando
2943 4162 3014 4223 di
3045 4164 3266 4225 molte

701 4290 868 4333 cose
918 4271 1016 4351 gli
1067 4270 1235 4333 dissi
1285 4273 1513 4333 anche
1560 4271 1746 4334 assai
1798 4271 1868 4333 di
1916 4283 2166 4353 questa
2213 4291 2392 4353 pace
2442 4280 2513 4335 et
2559 4270 3012 4335 conclusione
3064 4270 3268 4349 faita,

704 4380 773 4439 la
838 4379 1046 4457 quale
1094 4380 1323 4440 ancho
1391 4400 1433 4440 a
1478 4377 1574 4439 lui
1624 4398 1767 4443 non
1830 4379 2039 4460 piace
2103 4398 2235 4459 per
2281 4379 2518 4459 quello
2587 4379 2718 4440 che
2786 4376 3129 4439 dimostra
3197 4385 3268 4439 et

705 4482 1003 4564 perche,
1054 4485 1337 4565 quando
1387 4504 1463 4546 se
1510 4482 1737 4547 intese
1784 4504 1917 4566 per
1963 4485 2214 4547 lettere
2278 4485 2348 4547 di
2385 4483 2666 4547 Statilio
2713 4485 2764 4547 il
2811 4483 3146 4565 manegio
3197 4482 3268 4546 di

705 4591 805 4652 tal
854 4610 1040 4669 cosa,
1091 4590 1147 4653 si
1197 4592 1417 4672 opero
1485 4592 1617 4653 che
1666 4591 1810 4673 egli
1860 4592 1958 4672 gli
2008 4590 2355 4654 scrivesse
2403 4592 2473 4654 in
2521 4594 2764 4655 buona
2807 4591 3074 4663 forma;
3125 4612 3268 4655 mo·

707 4696 1019 4759 sti-ommi
1082 4696 1147 4758 in
1213 4706 1463 4779 questo
1512 4697 2053 4779 ragionamento
2103 4700 2172 4760 la
2219 4698 2528 4781 risposta
2592 4699 2664 4761 di
2715 4698 2994 4761 Statilio
3057 4698 3152 4760 de
3200 4698 3272 4760 la

708 4804 916 4884 quale
966 4805 1058 4864 ho
1106 4803 1286 4866 fatto
1334 4804 1695 4867 mentione
1743 4804 1816 4867 di
1865 4826 2080 4887 sopra
2127 4814 2198 4868 et
2245 4826 2334 4868 ne
2367 4805 2621 4869 mando
2672 4804 2901 4887 copia,
2951 4814 3021 4868 et
3056 4825 3268 4868 excu-

708 4910 886 4973 sossi
938 4911 1069 4972 che
1117 4931 1257 4972 non
1308 4911 1400 4973 mi
1448 4913 1677 4974 havea
1726 4914 2056 4975 mandate
2106 4914 2300 4976 dette
2349 4913 2603 4976 lettere
2641 4912 2906 4996 perche
2937 4914 3269 4975 haveano
