3575 5775
1737 555 2233 610 <>-<;3ΧΧΕ>-<ἱ

704 680 1160 747 Germaniam
1181 682 1706 765 significabant,
1742 684 1840 752 ita
1882 694 1957 747 ut
1984 684 2141 765 ipsa
2170 704 2311 765 qua
2342 685 2715 747 damnatus
2744 683 2975 747 fuerat
3009 684 3275 747 Luthe·

705 809 846 869 rus,
872 789 1106 869 Bulla,
1128 789 1326 871 prius
1358 790 1428 853 in
1449 790 1839 855 Germania
1863 790 2382 873 imprimeretur
2404 812 2617 873 quam
2635 790 2915 855 Romae
2948 790 3274 872 publica·

701 904 922 977 retur,
947 906 1020 959 et
1053 896 1268 979 „nihil
1299 909 1380 959 ut.
1397 896 1503 963 ait
1547 899 1935 977 Aleanden
1982 918 2117 962 nec
2162 897 2307 961 illic
2340 918 2471 961 nec
2506 897 2663 964 istic
2694 896 2849 961 fieri
2894 908 3019 959 aut
3052 896 3279 961 scribi

703 1002 954 1085 possit,
1002 1003 1170 1085 quin
1221 1004 1428 1073 citius
1473 1026 1518 1067 a
1563 1004 1977 1087 germanica
2022 1016 2229 1088 parte
2276 1026 2486 1087 quam
2535 1026 2577 1067 a
2626 1026 2921 1072 romana
2967 1024 3274 1087 cognos-

701 1118 934 1183 catur;
981 1130 1148 1174 nam
1177 1111 1500 1177 homines
1533 1112 1790 1179 Curiae
1836 1094 1959 1175 aut
1992 1112 2179 1175 servi
2209 1113 2488 1177 illorum
2520 1110 2761 1175 omnia
2802 1110 3281 1193 querentibus

697 1217 1126 1299 germanicis
1211 1218 1779 1300 patefaciebant“
1813 1219 1879 1299 ¹).
2012 1219 2223 1300 Ipsae
2308 1219 2653 1285 Aleandri
2734 1218 3088 1300 epistolae
3188 1220 3282 1281 de

699 1324 993 1387 Erasmo
1063 1334 1436 1391 narrantes
1495 1325 1790 1390 Erasmo
1855 1327 1997 1389 cito
2068 1324 2750 1411 significabantur²);
2824 1347 2956 1389 nec
3012 1325 3279 1395 mirum

697 1451 917 1513 quum
969 1431 1364 1496 Lutherani
1410 1433 1648 1512 palam
1695 1432 2201 1513 profiterentur
2278 1454 2355 1497 se
2440 1432 2723 1497 Romae
2764 1434 3122 1499 .fautores
3208 1445 3283 1497 et

695 1538 1197 1621 exploratores
1239 1539 1512 1603 habere
1559 1558 1700 1607 non
1749 1537 1954 1620 parvi
2003 1540 2411 1620 momenti-³).

881 1644 1289 1727 „Nefarium
1353 1645 1693 1711 novitatis
1755 1647 2098 1727 studium,
2150 1647 2389 1712 aiebat
2460 1648 2802 1711 Albertus
2867 1648 3281 1713 Cardinalis

697 1752 1170 1833 Moguntinus
1225 1752 1584 1820 Clementi.
1637 1753 1885 1837 Papae
1964 1754 2313 1835 scribens,
2380 1754 2703 1836 plerique
2764 1755 3279 1836 praeseferunt

693 1858 1088 1941 intrepide,
1134 1860 1403 1942 ubique
1449 1862 1766 1928 locorum
1800 1862 2223 1927 seditionem
2254 1872 2329 1925 et
2386 1861 2987 1942 conspirationem
3052 1862 3277 1927 medi·

694 1974 969 2046 tantur,
1031 1967 1273 2031 verbis
1347 1968 1819 2036 licentissimis
1900 1968 2297 2033 maledictis
2361 1969 2721 2031 incessunt
2795 1966 3280 2033 Sanctitatem

693 2072 1027 2143 Vestram
1077 2120 1094 2139 .
1129 2124 1144 2140 .
1179 2122 1196 2141 .
1289 2074 1684 2157 Principe5‚
1733 2076 2061 2157 comiteS,
2134 2096 2471 2157 proceres
2530 2085 2602 2139 et
2648 2075 3113 2157 magistratus
3164 2099 3277 2139 ur-

695 2178 886 2246 bium
951 2178 1386 2249 Germaniae
1449 2181 1588 2249 etsi
1661 2202 1901 2248 coram
1967 2185 2445 2264 praetendant
2512 2184 2907 2257 catholicae
2971 2186 3279 2251 unitatis

691 2307 1028 2369 amorem,
1061 2288 1596 2353 eminus-‚tamen
1627 2288 1923 2355 mirifice
1946 2289 2395 2355 novitatibus
2442 2292 2731 2355 student
2774 2290 3277 2374 instigantque

691 2404 948 2477 suapte
1024 2405 1281 2477 sponte
1327 2398 1582 2463 malos.
1631 2445 1696 2464 ..
1733 2448 1748 2461 .
1888 2397 2272 2479 Augentur
2342 2397 2594 2479 copiae
2672 2398 3277 2479 Lutheranorum,

689 2500 976 2583 iamque
1023 2501 1362 2567 rarissimi
1422 2502 1881 2570 inveniuntur
1940 2504 2107 2569 laici
2170 2505 2291 2585 qui
2348 2504 2650 2569 candide
2716 2515 2786 2567 et
2846 2504 3279 2587 simpliciter

687 2606 982 2673 faveant
1029 2609 1568 2691 ecclesiasticiS,
1613 2612 1742 2674 sed
1811 2622 1883 2674 et
1928 2614 2123 2678 bona
2168 2632 2337 2694 pars
2384 2613 2833 2675 sacerdotum
2882 2611 3057 2675 facit
3104 2634 3277 2677 cum

689 2714 1008 2781 Luthero
1033 2726 1105 2781 et
1129 2717 1510 2798 plerosque
1535 2719 1764 2799 pudet
1791 2728 1987 2789 stare
2033 2739 2075 2780 a
2124 2728 2327 2801 parte
2352 2718 2733 2783 Romanae
2768 2718 3277 2803 Ecclesiae“⁴).

866 2822 972 2885 ‚At
1035 2843 1386 2906 quaenam
1433 2845 1607 2890 vera
1664 2824 1877 2908 origo
1942 2825 2121 2892 tanti
2208 2825 2398 2890 odii?
2493 2827 2717 2890 Amor
2764 2826 3092 2910 puritatis
3148 2829 3275 2892 do·

689 2929 1008 2996 cti-inae?
1064 2928 1390 2997 Studium
1425 2932 1840 3013 evangelii?
1888 2935 2081 2997 zelus
2128 2934 2378 2998 domus
2426 2933 2610 2998 Dei?
2658 2934 2769 2998 Ex
2789 2936 3279 3000 monumentis

685 3036 953 3102 nostris*
1015 3039 1232 3122 longe
1299 3039 1486 3104 aliae
1555 3050 1901 3104 eruuntur
1966 3060 2255 3114 causae:
2316 3041 2669 3104 Lutherus
2728 3040 2993 3104 iamdiu
3056 3041 3275 3104 disci·

685 3143 874 3224 pulis
941 3144 1087 3208 suis
1151 3155 1223 3208 et
1277 3144 1722 3210 Germanicis
1786 3167 2037 3228 parum
2105 3148 2195 3211 de
2274 3146 2643 3229 religionis
2724 3146 3034 3229 negotiis
3109 3169 3275 3212 eru·

687 3250 859 3314 ditis
891 3251 1288 3314 doctrinam
1321 3273 1520 3316 suam
1563 3253 2089 3324 insinuaverat;
2136 3253 2363 3334 ipsam
2410 3263 2841 3336 acceperant
2872 3275 3275 3336 veramque

687 3356 1276 3422 doeideraverant
1297 3359 1530 3436 aulici,
1551 3359 1940 3441 praecipue
1972 3359 2089 3439 qui
2121 3359 2486 3441 principes
2516 3361 2583 3422 in
2606 3381 2803 3424 suam
2834 3361 3273 3426 sententiam

689 3461 908 3528 variis
988 3462 1384 3528 rationibus
1477 3466 1971 3538 adducebant3
2066 3465 2427 3547 principes
2502 3469 2594 3532 ob
2680 3466 3086 3546 avaritiam,
3170 3471 3271 3530 ob

689 3569 1330 3636 ecciesiasticoram
1379 3591 1614 3636 rerum
1677 3572 2129 3652 aviditatem,
2180 3575 2275 3636 ob
2334 3573 2801 3654 cupiditatum
2854 3573 3271 3640 libertatem

687 3697 878 3742 nova
923 3679 1266 3760 dogmata
1311 3689 1722 3760 opportuna
1771 3679 1981 3744 novis
2026 3679 2339 3742 consiliis
2372 3681 3009 3762 amplectebantur.
3092 3683 3271 3746 Dux

687 3782 885 3848 Saxo
929 3783 1151 3849 iratus
1198 3783 1268 3848 in
1317 3783 1626 3851 Romam
1689 3787 1784 3848 ob
1854 3806 2187 3868 magnam
2246 3787 2401 3850 auri
2448 3787 2725 3870 copiam
2772 3791 3077 3852 solutam
3126 3811 3269 3871 pro

685 3889 1130 3956 coadiutoria
1178 3890 1550 3955 cuiusdam
1593 3892 1702 3954 sui
1747 3891 2019 3972 fidelis,
2086 3893 2226 3958 imo
2294 3893 2553 3958 occulti
2598 3893 2723 3956 filii
2773 3907 2981 3960 extra
3028 3899 3269 3960 matri·

687 3996 998 4062 monium
1041 3996 1216 4075 nati,
1263 3995 1443 4063 iram
1493 4001 1588 4060 ob
1633 3997 2069 4062 inimicitiam
2116 4000 2185 4063 in
2238 4001 2877 4082 Archiepiscopum
2904 4003 3267 4085 Mogunti-

685 4123 852 4169 num
913 4101 1306 4184 augebam-⁵.
1423 4103 1809 4170 Casimirus
1856 4106 2549 4189 Brandeburgensi5‚
2614 4110 2869 4174 eodem
2934 4121 3269 4194 ternpore

685 4230 856 4291 quo-
885 4211 982 4274 ob
1041 4210 1566 4276 reservationes
1635 4212 1981 4277 fratribus
2052 4212 2197 4276 suis
2278 4215 2803 4278 marchionibus
2879 4237 3267 4282 concessas

687 4315 1282 4382 murmurationes
1361 4317 1436 4380 in
1514 4319 1786 4399 populo
1874 4319 2409 4400 excitabantur,
2484 4323 2711 4386 hostis
2797 4323 2871 4384 in
2950 4323 3265 4388 Romam

685 4423 1044 4488 clamabat
1091 4421 1292 4504 quia,
1348 4443 1600 4506 „quum
1649 4425 1917 4488 caeteri
1966 4443 2213 4491 omnes
2258 4427 2577 4492 vilissimi
2625 4428 2879 4492 officiis
2926 4443 3001 4492 et
3046 4433 3265 4496 bene·

683 4529 864 4594 ficiis
907 4527 1156 4592 referti
1227 4531 1655 4612 evaderent,
1719 4531 1981 4596 fratres
2041 4533 2149 4596 sui
2208 4535 2383 4598 nihil
2432 4535 2873 4600 obtinerent“
2890 4537 2959 4618 ⁶).
3052 4539 3263 4604 Arm·

833 4742 874 4815 ¹)
911 4747 1139 4795 Docum.
1183 4756 1264 4798 12.
1301 4743 1398 4798 sol,
1435 4757 1524 4808 34.
2126 4745 2171 4815 ²)
2208 4751 2434 4799 Docum.
2480 4763 2557 4813 14.
2596 4751 2691 4802 fol.
2728 4763 2816 4816 40.

829 4821 876 4891 ⁸)
915 4827 1142 4876 Docum.
1185 4835 1302 4887 179.
1341 4824 1436 4873 fol.
1473 4826 1596 4886 398.
2122 4825 2169 4890 ⁴)
2206 4830 2431 4878 Docum.
2477 4842 2590 4892 107.
2630 4831 2725 4880 fol.
2764 4833 2888 4896 267,
2928 4835 3051 4886 2⁶8.

828 4902 874 4969 ⁸)
912 4908 1048 4956 Doc.
1093 4917 1154 4956 12
1194 4904 1290 4954 fol.
1329 4918 1416 4968 29.
2116 4907 2160 4976 ⁸)
2200 4911 2334 4958 Doc.
2372 4920 2458 4969 31.
2498 4910 2591 4964 sol.
2632 4924 2717 4976 74,
2758 4925 2843 4977 75.
