3575 5775
1357 556 1816 614 0-<t3178m

302 702 448 765 bita
493 723 654 765 esse
703 702 1074 784 publicari,
1125 712 1214 781 et,
1265 715 1548 769 servato
1593 706 1841 768 ordine
1888 706 1959 767 in
2008 704 2273 768 licteris
2322 706 2592 767 servari
2627 704 2861 783 solito,

303 809 590 889 publico
639 810 791 891 igni
835 812 1153 873 comburi
1201 813 1706 894 procurabitis:
1755 814 1827 875 in
1876 832 2017 893 quo
2065 832 2215 875 rem
2266 813 2577 875 debitam
2627 821 2699 874 et
2746 834 2857 875 no-

303 916 408 979 bis
455 918 528 979 in
579 917 826 999 primis
857 928 1136 998 gratam
1182 917 1484 999 facietiS,
1534 930 1746 1001 atque
1798 940 1888 982 ne
1936 940 2141 982 secus
2188 919 2497 999 faciatis,
2556 940 2697 982 non
2746 920 2865 983 im·

301 1024 554 1105 periali
621 1027 872 1105 mod0,
935 1028 1064 1088 sed
1127 1036 1198 1089 et
1266 1026 1726 1089 Archiducali
1775 1036 2019 1091 nostro
2062 1027 2219 1107 jure
2268 1026 2472 1089 vobis
2519 1027 2862 1109 praecipi-

301 1152 488 1211 muS,
555 1142 628 1195 et
677 1134 1109 1196 mandamus,
1218 1134 1564 1197 Volumus
1613 1134 1799 1197 enim
1848 1154 1977 1198 vos
2035 1145 2106 1196 et
2168 1154 2412 1197 omnes
2460 1134 2639 1197 alios
2686 1134 2865 1197 scire

299 1260 432 1302 nos
479 1260 616 1321 pro
663 1239 1055 1321 imperialis
1097 1240 1466 1324 dignitatis
1514 1218 1774 1323 officio,
1826 1254 1897 1305 et
1946 1250 2188 1304 nostra
2237 1242 2447 1305 etiam
2496 1250 2750 1304 natura
2795 1242 2865 1304 in

299 1346 546 1426 primis
597 1357 1001 1427 curaturos,
1057 1370 1198 1412 non
1249 1352 1473 1413 solum
1537 1370 1627 1411 ne
1689 1359 1938 1429 sancta
1993 1346 2223 1411 Sedes
2272 1350 2725 1431 Apostolica‚
2796 1358 2867 1413 et

299 1454 726 1517 universalis
758 1454 1104 1535 Ecclesia,
1153 1466 1476 1539 tempore
1516 1457 1890 1539 presertim
1924 1467 2189 1537 nostr0,
2244 1456 2529 1539 aliquod
2560 1456 2867 1519 schisma

298 1572 420 1623 aut
470 1562 973 1625 detrimentum
1021 1563 1370 1645 patiatur:
1443 1566 1570 1627 sed
1619 1574 1690 1627 et
1742 1574 1816 1626 ut
1864 1565 1933 1627 in
1983 1585 2254 1627 summa
2301 1584 2479 1645 pace
2528 1563 2865 1647 tranquil-

297 1669 522 1749 litate,
573 1677 645 1731 et
694 1669 952 1733 unione
1003 1672 1243 1753 degat,
1293 1670 1565 1754 floreat,
1617 1682 1688 1735 et
1719 1681 2182 1753 propagetur,
2216 1692 2489 1734 summa
2536 1691 2676 1753 ope
2725 1670 2863 1734 eni-

299 1794 550 1838 xuros:

479 1882 682 1945 Bene
731 1885 985 1951 valete.
1087 1886 1347 1949 Datum
1399 1886 1760 1950 &Vormaa

1373 2048 1378 2055 o
1391 2052 1398 2057 ,
1429 2046 1434 2051 “
1450 2046 1720 2059 ΑΛκΜ-ιὶηψᾱ
1729 2047 1743 2057 x

1552 2280 1613 2345 8.

968 2386 1101 2466 Leo
1159 2386 1244 2467 X.
1301 2388 1590 2467 nuntiis
1643 2387 1724 2466 in
1782 2384 2183 2468 Germania..

904 2524 1116 2593 (Leon.
1156 2524 1222 2583 X.
1259 2524 1412 2598 Bag.
1452 2526 1546 2585 ΝΟ.
1581 2526 1751 2584 1164
1791 2525 1903 2584 fol.
1942 2526 2019 2583 '74
2054 2526 2297 2599 tex-30.)

1371 2633 1442 2702 (3.
1484 2640 1608 2703 Jan.
1655 2642 1822 2699 1521.)

479 2752 628 2813 Leo
695 2761 828 2815 ete.
878 2752 1176 2816 Dilectis
1241 2751 1403 2815 filiis
1450 2753 1756 2815 Alberto
1813 2754 1915 2815 tit.
1968 2753 2194 2816 sancti
2244 2751 2631 2835 Grisogoni
2678 2774 2869 2837 pres-

297 2860 555 2941 bytero
591 2858 952 2922 Cardinali
987 2858 1410 2943 Maguntino
1463 2868 1535 2924 et
1562 2860 1844 2924 Marino
1881 2860 2289 2925 Carraciolo
2339 2881 2423 2924 ac
2453 2860 2871 2925 Hieronimo

301 2967 674 3030 Aleandro
749 2987 1028 3030 necnon
1089 2967 1398 3047 Johanni
1459 2968 1672 3030 Eccio
1743 2969 2058 3032 Notat-iis
2126 2979 2196 3030 et
2270 2967 2543 3031 nunciis
2612 2970 2869 3032 nostris

301 3074 727 3156 respective,
778 3072 1094 3136 Salutem
1163 3084 1293 3137 ete.
1347 3074 1770 3155 Apostolice
1821 3075 2031 3137 Sedis
2078 3075 2532 3156 providentia
2581 3075 2869 3138 circum·

303 3193 548 3262 specta
598 3189 849 3244 contra
897 3201 1020 3244 eos
1068 3181 1186 3263 qui
1235 3182 1548 3244 heretice
1596 3182 1971 3264 pravitatis
2021 3192 2184 3246 sunt
2231 3185 2397 3246 labe
2444 3175 2753 3266 respersi
2800 3194 2873 3245 et

303 3309 598 3369 quorum
634 3287 949 3370 nequitia
982 3289 1204 3370 serpit
1254 3301 1328 3351 ut
1377 3309 1654 3364 cancer,
1705 3309 1793 3352 ne
1842 3288 1910 3352 in
1963 3290 2261 3352 aliorum
2311 3289 2700 3372 perniciem
2745 3311 2872 3354 sua

307 3415 582 3457 venena
646 3393 1047 3457 diffundant
1107 3397 1233 3458 sed
1290 3395 1360 3457 in
1413 3415 1656 3458 eorum
1705 3396 2037 3459 versutiis
2086 3406 2158 3459 et
2204 3397 2447 3478 pravis
2496 3398 2871 3461 conatibus

307 3511 848 3583 compescantur
907 3501 1215 3564 libenter
1261 3502 1586 3582 intendit,
1660 3514 1730 3565 et
1800 3513 2013 3584 prout
2082 3503 2427 3585 expedire
2498 3505 2871 3586 cognoscit

307 3609 617 3671 remedia
667 3607 962 3670 adhibet
1012 3621 1437 3692 opportuna.
1509 3610 1680 3672 Cum
1732 3611 1908 3672 alias
1956 3610 2137 3673 false
2184 3609 2351 3674 fidei
2401 3613 2711 3674 cultores
2760 3631 2873 3674 va·

309 3737 462 3778 nam
511 3715 756 3778 mundi
804 3716 1108 3798 gloriam
1157 3728 1539 3798 querentes
1590 3720 1969 3782 nonnullos
2019 3738 2298 3782 errores
2344 3719 2700 3782 hereticos
2748 3739 2875 3782 seu

308 3823 768 3885 scandalosos
838 3832 960 3885 aut
1024 3823 1299 3905 piarum
1365 3825 1637 3887 aurium
1704 3823 2091 3888 offensivos
2153 3825 2225 3888 in
2280 3825 2524 3889 inclita
2585 3826 2874 3888 natione

309 3929 716 4006 germanica
777 3929 1276 4011 seminassent,
1345 3931 1494 3994 Nos
1555 3943 1768 4013 prout
1832 3942 2075 3995 nostro
2135 3932 2481 4013 pastorali
2532 3931 2875 3994 incumbit

312 4035 541 4100 officio
593 4036 839 4099 habita
888 4057 1103 4118 super
1149 4037 1284 4100 hiis
1326 4058 1482 4101 curn
1515 4038 1857 4102 fratribus
1890 4038 2147 4102 nostris
2179 4049 2249 4100 et
2284 4038 2639 4101 nonnullis
2673 4059 2873 4102 sacre

313 4143 702 4225 ‘l'heologie
737 4155 807 4206 et
841 4144 1204 4225 utriusque
1240 4145 1427 4224 Juris
1460 4144 1987 4226 professoribus
2020 4156 2294 4209 matura
2339 4145 2871 4227 deliberatione,

311 4249 464 4312 illos
511 4252 602 4312 de
653 4252 1061 4314 eorumdem
1109 4251 1408 4314 fratrum
1459 4251 1754 4315 consilio
1785 4262 2125 4334 tanquam
2156 4253 2379 4315 falsos
2415 4263 2486 4315 et
2517 4253 2875 4316 hereticos

315 4377 428 4419 seu
495 4359 962 4421 scandalosos
1026 4369 1148 4421 aut
1208 4359 1484 4440 piarum
1534 4360 1805 4422 aurium
1856 4359 2241 4422 offensivos
2288 4360 2541 4422 merito
2590 4362 2875 4426 damna·

317 4463 532 4527 vimus
567 4475 638 4528 et
671 4467 1236 4547 reprobavimuS,
1286 4487 1368 4529 ac
1420 4466 1745 4529 omnibus
1798 4467 2057 4530 Christi
2100 4465 2430 4529 fidelibus
2478 4470 2609 4530 sub
2660 4468 2873 4532 certis

315 4571 508 4650 penis
575 4581 743 4635 tunc
809 4574 1170 4654 expressis
1237 4574 1724 4637 mandavimus
1791 4596 1881 4637 ne
1930 4594 2208 4636 errores
2256 4574 2452 4656 ipsos
2498 4575 2874 4657 predicare

317 4698 432 4739 seu
489 4680 882 4743 defendere
943 4691 1456 4763 presumerent.
1551 4681 1640 4742 Et
1701 4681 1869 4762 quia
1931 4701 2209 4744 errores
2270 4680 2406 4763 ipsi
2456 4703 2581 4746 seu
2630 4701 2874 4744 eorum

316 4785 519 4868 aliqui
569 4788 640 4850 in
693 4787 951 4851 libellis
999 4789 1367 4851 cuiusdam
1399 4789 1687 4852 Martini
1723 4789 2015 4852 Lutheri
2063 4789 2628 4872 reperiebantur,
2677 4789 2873 4852 libel·

317 4893 414 4954 los
459 4894 658 4976 ipsos
705 4895 916 4958 etiam
966 4896 1454 4958 damnavimus
1503 4917 1584 4958 ac
1637 4896 1904 4958 eisdem
1936 4895 2525 4960 Christifidelibus
2574 4900 2705 4960 sub
2750 4897 2873 4958 eis-

365 5017 519 5070 Balsa,
543 5021 832 5060 Documenta
851 5021 1128 5060 Luthemnn..
2520 5003 2552 5060 2
