3575 5775
1368 554 1865 611 0-433198m

347 698 662 762 nimirum
715 710 1088 783 opponunt
1132 720 1266 782 pro
1333 702 1594 775 Israel;
1661 704 1853 785 quod
1923 702 1981 765 si
2046 702 2201 783 quis
2263 701 2449 766 forte
2520 703 2730 766 etiam
2790 714 2897 768 est

348 806 448 885 qui
499 808 699 869 velut
746 810 926 870 alter
958 807 1196 870 David
1245 809 1588 872 adversus
1621 808 1909 873 Goliath
1956 808 2152 872 illum
2189 811 2530 891 congredi
2582 811 2896 891 auderet,

347 920 568 976 tamen
619 922 760 977 tam
824 914 1187 996 presentia
1248 916 1569 999 pericula
1630 926 1825 995 sunt,
1884 928 2027 979 tam
2090 929 2285 981 certa
2343 917 2633 982 infamia
2695 930 2770 982 ut
2827 930 2898 981 et

347 1023 711 1085 audentem
761 1022 1124 1086 deterrere
1173 1021 1468 1105 possint,
1518 1044 1601 1085 ac
1635 1024 1773 1086 iam
1820 1026 2035 1105 plane
2086 1044 2327 1087 ausum
2376 1027 2637 1107 pedem
2687 1028 2897 1090 etiarn

346 1127 604 1191 referre
653 1148 936 1211 cogere.
1031 1130 1140 1193 Ita
1189 1129 1358 1193 solis
1407 1130 1772 1209 conviciis,
1824 1131 2032 1193 nullis
2080 1131 2474 1195 rationibus
2525 1143 2643 1196 aut
2693 1154 2893 1215 argu·

347 1236 591 1298 mentis
638 1256 752 1299 res
803 1236 1053 1317 agitur.
1150 1235 1306 1299 Hec
1354 1237 1434 1301 T.
1476 1234 1546 1299 S.
1598 1237 1828 1299 labori
1876 1240 2276 1301 mercedem
2326 1226 2730 1320 proponere
2780 1241 2893 1305 de-

345 1342 530 1405 beret
584 1350 655 1405 et
699 1352 875 1424 puto
924 1362 1434 1427 progressuros
1481 1344 1740 1407 multos
1804 1344 1923 1425 qui
1980 1366 2056 1407 se
2104 1346 2205 1409 sic
2254 1347 2445 1411 domi
2491 1346 2561 1410 in
2612 1348 2894 1430 angulis

349 1449 716 1515 continent.
811 1448 970 1531 Ego
1018 1459 1234 1531 certe,
1267 1458 1345 1513 ut
1377 1449 1548 1514 nihil
1583 1450 1838 1532 ambi0‚
1888 1452 1985 1513 ita
2032 1473 2144 1516 me
2170 1465 2425 1536 sponte
2476 1476 2643 1517 mea·
2682 1466 2892 1537 atque

347 1557 505 1619 adeo
555 1576 827 1637 rerum,
892 1556 1126 1621 famae
1177 1577 1258 1622 ac
1307 1557 1562 1640 capitis
1610 1558 1746 1621 mei
1808 1559 2148 1643 pericu10‚
2214 1582 2326 1623 me
2388 1560 2671 1644 inquam
2738 1583 2890 1626 sum

342 1662 463 1726 illis
509 1664 942 1745 obiecturuS,
989 1684 1131 1727 non
1179 1667 1273 1726 ob
1322 1664 1514 1727 aliud
1564 1675 1757 1727 certe
1808 1666 1940 1727 nisi
1988 1670 2179 1748 quod
2211 1666 2469 1732 Christi
2516 1690 2887 1751 synceram

346 1772 832 1853 cognitionem,
898 1772 1088 1853 quod
1123 1770 1604 1855 Evangelicae
1639 1772 1959 1835 veritatis
2008 1774 2446 1839 sanissimam
2496 1776 2889 1839 doctrinam

346 1878 422 1939 ab
465 1878 578 1941 his
640 1878 1176 1961 corruptoribus
1223 1876 1566 1942 assertam
1617 1899 1774 1943 esse
1824 1881 2009 1943 volo.
2103 1881 2443 1963 ChristuS,
2492 1902 2641 1963 or0,
2690 1885 2882 1965 quod

343 1982 406 2047 in
459 2006 574 2049 me
635 1985 830 2069 cepit
891 1984 1261 2048 confirmet
1321 1986 1388 2049 in
1453 1984 1685 2051 finem.
1800 1984 2298 2068 Spectatorem
2370 2010 2479 2051 me
2548 1990 2891 2053 hactenus

345 2110 584 2155 causae
633 2091 910 2173 prebui,
957 2092 1186 2173 magis
1237 2113 1447 2174 quam
1497 2106 1843 2167 actorem;
1894 2114 2034 2175 quo
2067 2092 2333 2157 factum
2364 2105 2441 2158 ut
2469 2096 2676 2159 huius
2722 2096 2890 2160 mihi

343 2209 566 2279 partes
597 2200 939 2264 hactenus
967 2220 1106 2263 non
1129 2200 1949 2272 vendicaverim3verum
1984 2220 2144 2263 cum
2174 2222 2289 2265 res
2316 2223 2597 2285 semper
2630 2205 2891 2266 evadat

341 2304 404 2369 in
431 2308 632 2388 peius
665 2319 735 2370 et
768 2327 912 2370 non
959 2306 1050 2371 sit
1097 2305 1476 2390 superbiae
1525 2307 1776 2370 modus
1823 2309 2027 2388 ullus,
2075 2311 2397 2372 testabor
2444 2319 2516 2372 et
2564 2330 2702 2393 ego
2750 2310 2890 2373 iam

342 2416 609 2477 tandem
660 2434 952 2498 operam
999 2434 1229 2477 meam
1275 2414 1559 2479 mundo,
1661 2412 2105 2494 Ubicumque
2152 2426 2386 2479 autem
2435 2416 2507 2478 hi
2560 2416 2729 2480 mihi
2778 2437 2889 2480 co-

343 2534 529 2585 natus
577 2522 808 2585 casuri
857 2532 1039 2602 sunt,
1091 2529 1328 2585 certus
1360 2540 1512 2582 sum
1544 2529 1717 2584 vota
1747 2540 1905 2583 mea
1938 2522 2383 2585 sanctissima
2430 2544 2607 2587 esse.
2702 2521 2885 2587 Sunt

343 2629 493 2691 mihi
539 2632 672 2692 sub
718 2629 976 2691 incude
1024 2628 1246 2692 libelli
1280 2628 1566 2710 quidam
1615 2637 1687 2691 et
1733 2626 2036 2691 meditor
2083 2628 2285 2692 simul
2350 2630 2421 2692 in
2484 2630 2637 2693 dies
2709 2632 2887 2694 alios

344 2734 466 2815 qui,
491 2735 549 2797 si
594 2736 1025 2817 quandoque
1056 2734 1475 2818 prodierint,
1523 2744 1696 2817 puto
1747 2755 1887 2797 non
1938 2734 2109 2797 nihil
2142 2735 2394 2799 virium
2434 2738 2889 2801 decessurum

343 2842 774 2909 adversariis,
867 2842 1254 2925 Reliquum
1320 2852 1428 2905 est
1489 2842 1680 2924 quod
1752 2838 1825 2904 S.
1893 2842 1974 2907 T.
2047 2842 2258 2906 etiam
2325 2850 2539 2925 atque
2602 2844 2889 2908 summis

343 2951 508 3013 adeo
573 2950 759 3014 votis
827 2970 1049 3014 exoro
1113 2960 1191 3013 ut
1252 2949 1621 3014 Erasmum
1693 2949 2261 3012 Roterodamum
2331 2970 2414 3012 ac
2478 2951 2886 3014 Eduardum

342 3056 570 3122 Letum
602 3057 794 3121 viros
825 3065 1018 3121 certe
1051 3067 1295 3120 nostra
1321 3065 1556 3120 aetate
1591 3067 1662 3120 et
1692 3055 2305 3137 eloquentissimos
2327 3066 2398 3118 et
2419 3057 2887 3140 doctissimOS,

344 3164 879 3247 quibuscumque
947 3163 1201 3228 officiis
1272 3161 1346 3228 S.
1397 3165 1477 3227 T.
1539 3165 1989 3226 demereatur
2049 3173 2266 3246 atque
2324 3164 2533 3226 etiam
2582 3163 2649 3225 in
2700 3165 2884 3228 hanc

343 3291 606 3336 arenam
671 3272 946 3355 ingenti
1019 3271 1510 3356 policitatione
1573 3273 1961 3354 pertrahat.
2082 3271 2263 3334 Nam
2343 3271 2651 3335 maxima
2714 3293 2885 3354 pars

341 3391 604 3444 nostrae
667 3379 1096 3444 Germaniae
1169 3379 1444 3444 Erasmi
1507 3389 1782 3442 tantum
1833 3378 2258 3440 sententiam
2321 3377 2659 3460 sequitur,
2720 3381 2875 3443 sola

344 3488 736 3552 eruditionis
785 3508 866 3550 ac
917 3487 1308 3550 litterarum
1357 3485 1692 3570 opinione
1741 3486 1955 3548 ducta
2004 3484 2217 3548 etiam
2264 3485 2322 3546 si
2371 3505 2500 3567 per
2549 3506 2625 3548 se
2672 3487 2885 3568 pauci

345 3613 474 3656 rem
518 3594 996 3676 discusserint,
1045 3614 1470 3675 quamquam
1517 3593 1730 3656 etiam
1779 3603 1851 3654 et
1898 3591 2009 3654 his
2057 3590 2225 3654 viris
2254 3591 2511 3673 ingens
2558 3592 2883 3656 iuditium

345 3698 422 3762 sit
462 3703 639 3765 unde
687 3700 900 3764 facile
949 3711 1279 3782 speratur
1341 3720 1482 3763 non
1548 3709 1821 3762 tantum
1892 3699 2149 3761 multos
2211 3717 2679 3781 persuasuros
2748 3701 2880 3763 hos

346 3807 453 3869 sed
500 3818 565 3871 et
619 3828 904 3872 causam
954 3810 1047 3871 ab
1097 3807 1524 3870 adversariis
1592 3805 1968 3870 evicturOS.
2076 3805 2349 3868 Horum
2409 3805 2547 3868 iam
2596 3807 2882 3869 tandem

345 3913 656 3997 monitor,
726 3924 890 3999 post
937 3917 1191 3978 crebra
1238 3913 1688 3977 eruditissimi
1735 3912 1955 3975 Fabri
2001 3912 2224 3974 nostri
2286 3912 2540 3976 similia
2586 3912 2883 3976 consilia

345 4017 411 4082 T.
457 4017 523 4086 S.
579 4023 926 4086 accedere
974 4021 1186 4102 volui,
1248 4041 1333 4084 ac
1387 4022 1530 4102 jam
1598 4029 1961 4102 postremo
2010 4040 2216 4083 orare
2280 4019 2337 4082 si
2400 4040 2538 4101 qua
2598 4030 2882 4084 vetusta

345 4123 552 4190 forent
595 4139 1003 4192 sanctorum
1068 4127 1606 4204 commentaria,
1670 4125 1976 4189 maxime
2025 4126 2353 4209 Dionysii
2406 4126 2878 4189 Alexandrini

344 4250 504 4312 quae
556 4238 673 4300 vel
729 4233 1100 4318 pontificia
1147 4246 1268 4297 tua
1329 4236 1442 4298 vel
1494 4235 1688 4296 avita
1749 4235 1867 4296 vel
1914 4244 2217 4315 paterna
2264 4233 2700 4298 bibliotheca
2760 4234 2881 4297 ha·

344 4339 524 4402 beret
563 4344 680 4407 vel
715 4353 908 4406 certe
943 4362 1126 4425 quae
1162 4341 1445 4405 aliunde
1495 4341 1832 4421 conqueri
1881 4351 2195 4421 possent,
2244 4341 2313 4402 in
2364 4342 2499 4403 hoc
2548 4361 2689 4404 non
2738 4361 2881 4404 mo-

343 4443 542 4511 dicam
569 4447 642 4514 S.
676 4451 756 4513 T.
807 4470 1101 4532 operam
1150 4450 1453 4512 collocet
1501 4457 1570 4511 et
1619 4457 1695 4510 ut
1741 4446 1811 4510 in
1864 4446 2133 4530 aliquot
2182 4447 2623 4529 exemplaria
2669 4468 2876 4511 excu-

341 4551 585 4638 dantur,
635 4566 867 4631 curet;
919 4578 1058 4620 non
1109 4556 1282 4620 nihil
1331 4555 1518 4618 enim
1563 4553 2039 4617 subsidiorum
2070 4553 2234 4617 hinc
2284 4575 2616 4636 paremus
2664 4575 2869 4636 quae,

342 4669 472 4722 esto
516 4662 778 4748 frigida
823 4684 955 4746 per
1003 4685 1079 4726 se
1127 4662 1491 4742 videatur,
1566 4660 1995 4724 adversariis
2042 4671 2279 4724 tamen
2338 4661 2395 4725 si
2444 4662 2629 4725 illius
2675 4662 2877 4725 verbi

339 4767 529 4829 robur
584 4771 1003 4851 accesserit,
1066 4771 1320 4833 virium
1367 4769 1531 4833 hinc
1581 4777 1774 4831 certe
1822 4769 1983 4850 plus
2032 4789 2199 4850 pars
2248 4779 2493 4832 nostra
2552 4769 2875 4853 accipiet.

343 4869 522 4956 Vale,
565 4887 774 4960 pater
815 4877 1238 4942 Beatissime
1287 4897 1370 4940 ac
1419 4875 1751 4958 quicquid
1805 4876 1875 4936 id
1928 4885 2035 4938 est
2083 4875 2298 4939 officii
2348 4875 2515 4940 boni
2566 4878 2879 4958 consule,
