3575 5775
1397 617 1891 679 ’>-<,ἵ353ν9ξ3>-ο

364 776 573 831 tenus
619 768 1003 848 diligenter
1050 790 1177 831 suo
1228 769 1466 833 officio
1515 769 1801 833 functus
1850 779 1990 849 est,
2060 777 2130 831 et
2177 786 2350 851 prae
2399 768 2726 831 omnibus
2773 766 2925 831 aliis

364 873 611 937 maiori
660 876 883 956 pollet
930 876 1355 938 auctoritate
1402 879 1595 959 apud
1642 896 1888 940 omnes
1925 875 2330 960 Principesz
2381 896 2538 939 cum
2582 878 2720 939 hoc
2786 884 2924 939 otn-

364 980 536 1043 nino
584 990 754 1062 agat
802 992 1046 1045 orator
1093 980 1167 1047 S.
1216 983 1297 1047 T.
1348 993 1419 1047 et
1467 983 1617 1047 eius
1675 985 1919 1047 audiat
1981 983 2313 1057 consilia;
2392 980 2626 1064 quoad
2675 982 2926 1069 ‚aliqua

366 1086 573 1168 (nihil
637 1089 728 1151 ad
775 1088 987 1151 fidem
1052 1088 1507 1172 pertinentia)
1565 1090 1785 1154 satius
1834 1101 1942 1153 est
2008 1091 2265 1154 cedere
2327 1087 2441 1155 Se.
2515 1089 2656 1171 Ap.
2718 1108 2930 1171 quam

366 1196 627 1259 cadere
676 1198 867 1278 apud
916 1196 1275 1261 Ecclesias
1324 1196 1787 1271 Germaniae;
1854 1218 2018 1261 nam
2064 1200 2284 1261 multa
2345 1207 2509 1261 sunt
2573 1216 2756 1279 quae
2815 1216 2928 1260 ne·

364 1303 517 1384 quit
564 1304 757 1367 ferre
804 1304 999 1367 natio
1047 1314 1313 1384 nostra,
1380 1326 1471 1367 ex
1522 1305 1778 1387 quibus
1826 1307 2022 1368 nulla
2068 1304 2347 1368 accedit
2394 1301 2562 1369 Sed.
2610 1304 2752 1388 Ap.
2801 1303 2928 1367 uti-

368 1410 533 1473 litas
583 1422 655 1473 et
716 1421 952 1501 tamen
1004 1412 1177 1475 mire
1226 1412 1605 1475 infamatur
1654 1432 1785 1494 per
1833 1413 2038 1477 dolos
2052 1460 2070 1492 ‚
2137 1420 2208 1475 et
2255 1411 2762 1495 sycophantias
2808 1410 2927 1475 ali·

360 1538 663 1599 quorum
697 1518 1082 1585 curialium.
1156 1519 1329 1600 Quis
1364 1519 1549 1582 enim
1584 1521 1894 1583 tolerare
1941 1529 2187 1602 posset
2218 1520 2390 1583 istas
2421 1518 2930 1582 beneficiorum

364 1626 951 1707 nundinationeS,
1021 1626 1424 1709 ingressuS‚
1474 1645 1879 1707 regressuS,
1926 1626 2346 1709 pensionum
2397 1626 2930 1706 cumulationeS,

363 1733 588 1795 litium
612 1734 1129 1813 divexationeS,
1153 1755 1237 1797 ac
1258 1734 1447 1799 mille
1466 1734 1866 1797 huiusmodi
1893 1752 2026 1817 per
2039 1756 2152 1799 me
2177 1755 2317 1798 non
2345 1736 2564 1798 semel
2589 1734 2932 1796 adnotata

364 1861 445 1903 ac
490 1838 565 1903 S.
594 1841 672 1906 T.
713 1852 783 1905 et
826 1842 1503 1923 praedecessoribus
1542 1841 1764 1906 Leoni
1793 1842 1890 1907 X.
1929 1852 1998 1905 et
2039 1842 2362 1907 Adriano
2389 1840 2614 1905 Sexto
2646 1842 2934 1904 oblata?

366 1946 437 2009 S.
456 1949 537 2011 T.
567 1967 726 2011 cum
753 1946 973 2011 Sacro
1002 1946 1482 2012 Cardinalium
1508 1959 1715 2012 coetu
1741 1950 2033 2030 cogitet,
2056 1960 2130 2011 ut
2158 1970 2298 2011 non
2325 1951 2551 2011 solum
2578 1957 2934 2011 oratorem

370 2055 793 2118 mittendum
862 2056 1176 2137 eleganti
1242 2076 1327 2118 ac
1377 2065 1629 2119 ornata
1676 2054 1978 2118 instruat
2027 2056 2388 2135 oratione,
2437 2056 2564 2118 sed
2611 2063 2684 2118 et
2736 2053 2932 2116 facto

366 2161 526 2243 ipso
599 2161 937 2225 exhibeat
1018 2163 1135 2225 vel
1204 2163 1511 2244 aliquam
1578 2165 1830 2227 saltem
1902 2164 2264 2227 curialium
2333 2162 2934 2230 reformationem.

366 2270 727 2349 Quantum
776 2269 963 2333 enim
1010 2270 1331 2335 scandali
1379 2270 1646 2333 oriatur
1696 2292 1787 2332 ex
1853 2292 1938 2335 eo
2003 2272 2192 2352 quod
2259 2270 2426 2335 Sed.
2479 2270 2618 2352 Ap.
2665 2268 2936 2350 patitur

372 2396 485 2438 me
535 2375 827 2439 militem
875 2396 1074 2438 suum
1126 2376 1451 2439 omnibus
1512 2377 1850 2459 periculis
1911 2399 2042 2459 pro
2098 2380 2369 2441 honore
2435 2376 2754 2443 eiusdem
2809 2373 2930 2440 Se·

370 2484 479 2547 dis
553 2483 955 2565 expositum
1005 2482 1215 2547 toties
1284 2484 1587 2547 inaniter
1659 2494 1729 2547 et
1795 2485 2282 2549 fraudulenter
2349 2483 2720 2563 div.exari,·.
2777 2502 2934 2545 cum

370 2591 555 2653 enim
614 2610 745 2671 per
805 2592 1125 2670 regulam
1187 2611 1382 2653 suam
1460 2592 1904 2655 constituerit
1973 2593 2335 2657 Adrianus
2402 2610 2744 2657 concessa
2807 2610 2938 2673 per

368 2696 633 2776 Julium
698 2696 883 2759 infra
965 2718 1093 2759 sex
1164 2718 1443 2761 menses
1502 2700 1862 2779 expediri,
1934 2700 2384 2763 adversarius
2445 2720 2644 2763 meus
2707 2700 2934 2763 solum

370 2806 605 2867 soluta
651 2804 953 2885 pecunia
999 2805 1067 2867 in
1118 2804 1373 2867 officiis
1423 2806 1719 2888 expedit
1766 2806 2050 2869 lieteras
2096 2810 2226 2869 sub
2275 2816 2528 2888 quarto
2566 2804 2934 2877 Pontifiee‚

372 2921 623 2974 contra
673 2911 903 2976 stilum
956 2912 1211 2976 Curiae
1258 2913 1667 2992 Romanae,
1732 2935 1870 2977 non
1937 2916 2166 2978 solum
2232 2923 2398 2996 post
2452 2933 2580 2978 sex
2622 2933 2932 2991 menaea,

372 3019 501 3082 sed
561 3030 722 3101 post
770 3029 880 3082 ter
926 3040 1055 3082 sex
1105 3040 1404 3082 menses,
1498 3021 1589 3084 Et
1634 3021 1801 3101 quia
1851 3021 2174 3086 Ecclesia
2233 3022 2354 3086 illa
2411 3041 2570 3084 mea
2614 3019 2932 3101 parochi-

372 3126 505 3188 alis
570 3145 781 3206 quam
829 3126 1075 3208 accepi
1125 3147 1219 3190 ex
1266 3128 1787 3208 permutatione
1837 3149 1970 3210 pro
2019 3128 2460 3194 Canonicatu
2507 3128 2932 3210 Augustano

374 3237 609 3314 (quem
666 3243 817 3295 tuto
879 3235 1249 3314 possidere
1309 3255 1447 3296 non
1512 3245 1836 3316 poteram
1903 3239 1998 3298 ob
2065 3247 2324 3300 metum
2382 3237 2933 3313 lutheranorum)

372 3361 505 3422 per
553 3341 858 3404 heresim
908 3343 1372 3419 lutheranam,
1423 3350 1495 3404 et
1543 3343 1789 3406 cedem
1839 3343 2260 3406 rusticorum
2285 3341 2387 3406 ibi
2419 3342 2700 3422 factam,
2749 3343 2932 3404 adeo

375 3460 485 3512 est
518 3457 923 3526 extenuata,
956 3449 1147 3529 quod
1181 3448 1451 3513 fructus
1479 3449 1629 3512 eius
1658 3469 1798 3514 non
1832 3451 2055 3512 solum
2089 3469 2230 3514 non
2261 3449 2622 3532 attingunt
2643 3449 2936 3530 duplum

374 3555 773 3637 pensioni5‚
822 3557 947 3618 sed
998 3575 1129 3618 nec
1178 3555 1403 3637 ipsam
1451 3557 1890 3637 pensionem.
1983 3557 2368 3638 Impetravi
2427 3579 2469 3620 a
2535 3559 2609 3620 S.
2668 3556 2748 3620 T.
2837 3555 2932 3618 iu·

374 3663 603 3726 dicem
635 3661 1203 3726 Commissarium
1227 3663 1585 3726 Vicariurn
1636 3662 1974 3744 Episcopi
2023 3662 2448 3744 Augustani,
2497 3663 2616 3745 qui
2663 3661 2935 3726 vicinus

376 3770 628 3834 melius
676 3768 875 3832 novit
924 3770 1419 3833 detrimentum
1488 3770 1856 3834 Ecclesiae
1927 3771 2368 3853 intelligere,
2415 3781 2495 3834 ut
2537 3774 2656 3836 vel
2705 3771 2792 3832 ad
2843 3768 2936 3831 iu-

377 3889 557 3940 stam
606 3877 1071 3957 quantitatem
1118 3876 1369 3958 pensio
1418 3877 1573 3959 ipsa
1620 3878 2100 3942 reduceretur.
2174 3879 2486 3942 Dolosus
2529 3887 2768 3938 autem
2815 3875 2934 3937 ille

376 3985 657 4048 vetulus
705 3984 1101 4046 curtisanus
1149 3985 1518 4048 fraudibus
1567 3995 1902 4047 consutus
1948 3984 2280 4066 impetrat
2328 4005 2370 4046 a
2418 3981 2488 4046 S.
2523 3983 2600 4046 T.
2653 4001 2936 4044 causam

378 4090 716 4153 advocari
764 4091 855 4152 ad
904 4091 1211 4167 Rotam,
1280 4101 1349 4154 et
1413 4091 1483 4153 in
1548 4091 1705 4173 ipsa
1770 4091 2292 4171 supplicatione
2341 4091 2600 4152 nullam
2649 4087 2933 4152 omnino

382 4217 665 4260 causam
718 4197 1037 4278 assignat
1084 4199 1481 4279 repellendi
1530 4199 1832 4262 iudicem
1891 4219 1936 4260 a
1999 4196 2112 4261 Se.
2165 4198 2305 4279 Ap.
2371 4197 2638 4262 datum.
2747 4195 2936 4276 Quid

380 4325 561 4368 nunc
620 4304 849 4366 dicam
898 4299 1107 4368 facile
1174 4305 1509 4388 intelligit
1574 4305 1645 4368 S.
1696 4305 1775 4368 T.
1835 4325 1994 4366 cum
2063 4303 2456 4368 Ecclesiam
2517 4305 2935 4368 decrescere

379 4410 445 4474 in
496 4410 847 4474 fructibus
895 4411 983 4473 sit
1030 4411 1202 4473 facti
1250 4433 1391 4475 non
1455 4412 1653 4492 iuris,
1722 4431 1811 4476 an
1881 4431 2020 4474 non
2085 4411 2336 4474 melius
2389 4410 2744 4492 potuisset
2799 4412 2935 4472 hoc

380 4516 817 4581 intellexisse
864 4518 1101 4596 Judex
1164 4519 1283 4600 qui
1344 4529 1453 4582 est
1512 4520 1581 4582 in
1645 4521 1836 4596 Ιοεο,
1900 4537 2109 4600 quam
2157 4517 2388 4597 Judex
2459 4516 2936 4599 transalpinus

382 4625 703 4688 Romae?
798 4625 1027 4688 Porro
1064 4627 1420 4706 quomodo
1480 4646 1617 4688 non
1668 4625 1973 4707 provide
2019 4624 2318 4687 dederat
2368 4623 2438 4686 S.
2488 4625 2567 4689 T.
2617 4624 2934 4704 Judicem

382 4734 559 4796 hunc
608 4731 681 4794 in
728 4751 937 4812 quern
984 4733 1123 4794 iam
1173 4733 1322 4796 sine
1372 4733 1559 4796 omni
1610 4752 1826 4796 causa
1871 4731 1962 4794 ad
1994 4731 2256 4794 nudam
2289 4730 2703 4812 petitionem
2750 4729 2936 4792 illius

388 4837 740 4902 Curtisani
788 4847 1111 4902 revocat:
1176 4858 1360 4920 quae
1409 4839 1713 4902 facilitas
1763 4849 2103 4919 quantum
2153 4838 2516 4902 imminuat
2565 4838 2934 4902 auctorita-

382 4959 517 5008 tem
567 4943 729 5012 Sed.
780 4945 917 5026 Ap.
982 4965 1113 5026 pro
1174 4945 1662 5028 magnitudine
1727 4945 2150 5027 prudentiae
2207 4965 2378 5008 suae
2443 4945 2513 5011 S.
2579 4947 2656 5009 T.
2725 4944 2935 5008 facile
