3575 5775
1643 567 2103 623 0-{32052-0

593 713 758 774 tiam
811 723 880 774 et
929 711 1499 775 benedictionem
1548 714 1871 792 predicte
1920 712 2112 776 sedis
2159 714 2578 777 restituendi
2643 725 2712 777 et
2759 714 3153 796 reponendi

593 840 674 882 ac
725 824 915 882 bona
967 824 1178 882 etiam
1227 839 1670 900 quecumque
1717 820 2009 882 mobilia
2070 823 2185 883 vel
2233 820 2623 884 immobilia
2682 822 3155 884 hereticorum

590 926 1069 1008 predictorum
1138 926 1195 987 si
1258 925 1327 988 in
1376 926 1775 1007 pertinacia
1842 948 1967 989 sua
2035 928 2418 1009 persistere
2466 929 2843 991 maluerint
2900 930 3155 1010 quibus

591 1054 890 1115 cumque
940 1032 1254 1113 legitime
1317 1032 1736 1115 accipienda
1784 1034 2223 1097 concedendi
2293 1044 2365 1097 et
2434 1035 2653 1098 dandi
2716 1056 2798 1097 ac
2864 1056 2950 1098 ea
3016 1055 3153 1116 que

589 1140 884 1203 heretici
935 1140 1068 1221 ipsi
1118 1142 1209 1202 ad
1259 1118 1509 1221 quevis
1559 1143 1717 1203 loca
1752 1142 2104 1204 ducerent
2147 1162 2272 1204 seu
2306 1141 2469 1204 duci
2516 1141 2839 1228 facerent
2886 1142 2956 1205 in
3000 1163 3151 1224 pre-

591 1249 753 1310 dam
786 1248 1026 1327 dandi,
1076 1247 1403 1310 omnibus
1445 1267 1728 1329 quoque
1777 1248 1869 1309 ad
1918 1247 2212 1310 servitia
2260 1248 2357 1311 M.
2390 1248 2508 1311 W.
2537 1248 2651 1311 Ul.
2704 1262 2773 1311 et
2820 1250 2928 1329 Jo.
2964 1251 3151 1311 darn·

589 1366 912 1417 natorum
963 1367 1032 1417 et
1079 1355 1555 1417 hereticorum
1603 1353 2003 1417 huiusmodi
2052 1354 2354 1417 ubilibet
2402 1356 2875 1419 existentibus
2924 1365 3000 1418 ut
3056 1356 3151 1418 in—

591 1463 701 1525 fra
749 1462 1122 1525 terminum
1171 1483 1301 1544 per
1349 1481 1478 1525 vos
1525 1459 2021 1543 prefigendum
2080 1462 2455 1525 discedant
2510 1465 2642 1526 sub
2706 1463 2969 1525 eisdem
3032 1483 3149 1543 pe-

592 1569 700 1631 nis
747 1569 1008 1649 quibus
1055 1569 1191 1650 ipsi
1240 1569 1335 1631 M.
1387 1568 1475 1632 V.
1518 1568 1630 1634 Ul.
1684 1578 1756 1631 et
1802 1569 1909 1648 Jo.
1959 1589 2237 1632 necnon
2288 1570 2407 1632 alii
2464 1569 2761 1632 heretici
2824 1579 2896 1631 et
2962 1571 3148 1631 dam-

587 1676 786 1759 pnati
835 1675 1138 1759 predicti
1188 1674 1440 1738 irretiti
1489 1686 1653 1738 sunt
1700 1677 2083 1739 mandandi
2132 1678 2437 1758 illosque
2486 1697 2569 1740 ac
2628 1678 3151 1740 ecclesiasticos

586 1794 658 1845 et
707 1785 1064 1846 seculares
1114 1803 1618 1866 quoscumque,
1669 1783 2175 1865 cuiuscumque
2226 1784 2598 1866 dignitatis
2646 1783 2856 1846 etatis
2891 1784 3149 1847 littera-

584 1902 740 1954 ture
825 1910 1040 1953 sexus
1116 1891 1230 1952 vel
1309 1889 1578 1953 ordinis
1639 1892 1953 1954 existant
2020 1894 2153 1953 sub
2224 1890 2973 1954 excommunicationis
3044 1912 3149 1952 su-

585 1997 988 2079 spensionis
1039 2008 1110 2059 et
1157 1998 1520 2061 interdicti
1581 2018 1666 2061 ac
1731 1999 1941 2062 etiam
1992 1999 2413 2081 privationis
2462 1997 2667 2079 penis
2730 1996 3151 2060 auctoritate

588 2105 984 2187 apostolica
1064 2125 1196 2186 per
1273 2104 1579 2169 edictum
1644 2106 1976 2169 monendi
2054 2119 2123 2169 et
2185 2104 2595 2186 requirendi
2658 2114 2734 2166 ut
2798 2104 3151 2166 mandatis

587 2213 998 2294 apostolicis
1046 2221 1462 2275 reverenter
1508 2212 1882 2276 intendant
1932 2226 2003 2275 et
2051 2212 2408 2291 obediant,
2462 2233 2544 2274 ac
2594 2215 2685 2274 ab
2736 2211 2925 2274 omni
2969 2232 3148 2273 com-

587 2319 849 2383 mercio
898 2320 995 2381 M.
1047 2320 1168 2381 W.
1219 2321 1335 2383 Ul.
1401 2329 1472 2382 et
1533 2319 1640 2398 Jo.
1705 2340 1788 2381 ac
1846 2320 2005 2381 aliis
2066 2319 2401 2383 hereticis
2462 2318 2761 2400 prefatis
2822 2318 3147 2399 qualiter-

588 2447 866 2509 cunque
915 2438 1328 2490 tenerentur
1375 2428 1491 2489 vel
1542 2425 1841 2507 obligati
1891 2437 2129 2489 essent
2188 2427 2281 2489 ad
2346 2426 2581 2507 aliqua
2642 2425 2779 2487 illis
2841 2427 3151 2487 tenenda

587 2536 941 2597 servanda
989 2546 1113 2596 aut
1160 2536 1642 2615 persolvenda
1703 2535 2103 2597 nullatenus
2167 2532 2509 2613 deinceps
2575 2532 2936 2614 obligatos
2992 2552 3149 2593 esse

583 2662 714 2705 nec
795 2642 886 2703 ad
963 2662 1049 2703 ea
1114 2661 1328 2722 posse
1396 2640 1729 2722 compelli
1787 2642 2037 2703 eadem
2088 2638 2508 2703 auctoritate
2559 2638 3001 2716 declarandi,
3066 2658 3149 2700 ac

581 2762 880 2830 propter
927 2748 1483 2811 inobedientiam
1535 2759 1606 2811 et
1653 2748 2121 2811 rebellionem
2162 2766 2645 2829 quoscumque
2693 2745 3004 2807 cuiusvis
3054 2743 3147 2805 di-

582 2856 897 2938 gnitatiS,
949 2854 1570 2938 Archiepiscopali
1621 2855 2013 2939 episcopali
2066 2865 2137 2920 et
2198 2853 2539 2918 abbatiali
2602 2854 2969 2916 dumtaxat
3033 2874 3148 2915 ex-

581 2965 828 3046 ceptiS,
879 2973 1104 3026 status
1151 2965 1420 3046 gradus
1467 2964 1736 3026 ordinis
1786 2966 1900 3027 vel
1949 2962 2464 3046 preeminentie
2512 2961 2776 3024 fuerint
2824 2962 2879 3022 si
2930 2963 3149 3024 eccle·

582 3071 864 3134 siastice
912 3091 1220 3153 persone
1271 3071 1773 3134 ecclesiasticis
1823 3071 2291 3153 dignitatibus
2340 3069 2591 3133 officiis
2642 3078 2712 3132 et
2762 3068 3146 3147 beneficiiS,

581 3179 638 3241 si
688 3199 860 3242 vero
911 3180 1270 3242 seculares
1317 3179 1708 3242 honoribus
1765 3179 1988 3241 titulis
2050 3178 2283 3242 feudis
2345 3176 2739 3259 privilegiis
2803 3176 2947 3238 suis
3013 3177 3145 3257 pri-

583 3286 794 3348 vandi
846 3297 918 3348 et
966 3285 1316 3348 beneficia
1365 3285 1520 3348 aliis
1569 3285 1847 3347 idoneis
1904 3284 2321 3348 conferendi
2387 3295 2457 3347 et
2524 3285 2615 3347 ad
2680 3305 2765 3346 ea
2828 3286 2942 3346 vel
3004 3283 3143 3346 alia

580 3394 1038 3475 imposterum
1105 3390 1497 3454 obtinenda
1563 3393 1915 3455 inhabiles
1980 3403 2332 3473 perpetuo
2413 3401 2484 3454 et
2546 3391 2847 3454 infames
2918 3392 3145 3452 decla-

587 3501 812 3578 randi,
863 3520 1139 3562 necnon
1191 3519 1529 3562 censuras
1579 3520 2038 3581 quascunque
2080 3499 2347 3580 justitia
2396 3497 2789 3561 rebellione
2838 3499 2951 3560 vel
3002 3496 3145 3560 ino-

579 3607 941 3670 bedientia
991 3607 1330 3686 exigente
1381 3617 1594 3687 prout
1641 3606 1847 3669 vobis
1896 3606 2256 3669 videbitur
2317 3604 2733 3668 fulminandi
2800 3615 2871 3668 et
2938 3604 3143 3667 inter-

578 3713 842 3776 dictum
890 3713 1228 3794 ponendi,
1277 3733 1360 3775 ac
1410 3713 1718 3794 positum
1768 3734 1861 3776 ex
1910 3713 2119 3776 bonis
2168 3713 2401 3776 causis
2451 3722 2523 3774 et
2569 3713 3013 3792 respectibus
3062 3711 3145 3774 si-

578 3830 696 3883 eut
743 3819 1088 3902 expedire
1159 3822 1272 3882 vel
1321 3819 1494 3882 utile
1555 3830 1678 3882 aut
1739 3821 2218 3884 necessarium
2282 3839 2437 3882 esse
2504 3819 2989 3901 cognoveritis
3055 3820 3147 3881 ad

578 3939 857 4009 tempus
907 3926 1390 4008 suspendendi
1441 3927 1556 3989 vel
1603 3938 1955 4008 perpetuo
2004 3926 2332 4004 tollendi,
2396 3945 2673 3988 necnon
2724 3935 2974 3988 contra
3025 3925 3140 3987 im-

579 4035 951 4116 pedientes
1004 4044 1074 4095 et
1120 4037 1624 4114 perturbantes
1671 4034 1879 4097 huius
1926 4033 2145 4096 vestri
2194 4033 2523 4096 salutaris
2574 4033 2840 4114 negotii
2894 4053 3141 4094 execu-

576 4142 840 4204 tionem
890 4139 1266 4203 summarie
1295 4141 1710 4222 simpliciter
1745 4151 1817 4203 et
1866 4141 1956 4203 de
2006 4142 2221 4221 plano
2272 4142 2424 4202 sine
2458 4141 2757 4221 strepitu
2795 4150 2866 4202 et
2914 4137 3146 4220 figura

569 4247 811 4329 judicii
879 4248 1032 4310 sola
1079 4247 1380 4310 veritate
1427 4248 1752 4329 inspecta
1799 4246 2237 4328 procedendi
2303 4267 2384 4309 ac
2444 4248 2847 4329 penitentes
2912 4255 2983 4308 et
3046 4267 3144 4310 re-

577 4355 752 4417 verti
805 4355 1156 4416 vollentes
1203 4356 1295 4417 ad
1353 4356 1699 4436 gremium
1750 4353 2072 4434 ecclesie,
2123 4353 2181 4416 si
2238 4353 2309 4416 id
2370 4355 2725 4418 humiliter
2788 4354 3143 4435 petierint,

576 4461 900 4542 exceptis
949 4462 1376 4542 supradictis
1425 4461 1492 4524 in
1541 4461 1770 4524 forma
1815 4461 2139 4542 predicta
2169 4461 2589 4524 absolvendi
2624 4470 2693 4523 et
2724 4461 3145 4524 habilitandi

575 4571 666 4631 ad
715 4572 1169 4650 honoresque
1219 4568 1607 4650 dignitates
1658 4568 1899 4632 officia
1946 4567 2293 4632 beneficia
2344 4569 2559 4631 feuda
2608 4570 2797 4630 bona
2862 4588 2944 4631 ac
2988 4569 3145 4648 jura

575 4698 700 4740 sua
764 4676 999 4739 omnia
1060 4676 1380 4758 aliasque
1457 4677 1524 4738 in
1594 4676 1967 4758 pristinum
2017 4686 2275 4738 statum
2326 4675 2745 4736 restituendi
2808 4696 2891 4736 ae
2942 4695 3141 4755 repo-

576 4785 790 4846 nendi
841 4803 1122 4846 necnon
1171 4803 1327 4847 cum
1397 4783 1499 4847 eis
1563 4785 1620 4848 si
1687 4795 2167 4865 opportunum
2236 4783 2595 4844 videbitur
2662 4793 2733 4844 et
2798 4781 3143 4863 expedire

573 4891 1059 4974 cognoveritis
1108 4891 1592 4974 dispensandi,
1643 4891 1988 4954 officiales
2040 4890 2347 4970 denique
2400 4901 2469 4950 et
2520 4888 2973 4966 magistratus
3022 4891 3139 4950 ba-
