3575 5775
1400 559 1892 622 mame—0

362 733 506 778 non
572 711 761 780 saria
807 715 875 778 al
940 723 1277 798 presente
1324 734 1587 797 guerra
1650 713 1721 776 in
1771 712 1980 776 Italia
2025 721 2224 777 tanto
2273 711 2706 795 pernictiosa
2769 734 2812 777 a
2857 713 2928 777 la

358 821 774 904 Republica
822 820 1207 886 christiana
1255 843 1379 904 ma*
1417 821 1749 884 etiamdio
1799 829 1980 883 tutto
2029 822 2267 902 quello
2329 823 2447 903 pel
2496 822 2544 885 il
2592 823 2802 903 quale
2850 842 2926 884 se

360 929 568 1012 litiga
614 929 802 992 saria
849 931 939 992 de
989 931 1057 992 la
1107 927 1415 994 Cesarea
1460 928 1735 992 Maesta
1784 927 2111 1010 pacifi00,
2159 929 2420 1010 perche
2457 926 2603 992 Sua
2649 927 2928 992 Santita

362 1037 846 1101 incommenzo
896 1057 940 1099 a
984 1046 1249 1100 tractat
1296 1037 1366 1098 la
1412 1057 1592 1118 pace
1632 1036 1936 1098 essendo
1969 1034 2311 1099 Francesi
2339 1037 2564 1099 cazati
2599 1037 2716 1100 del
2745 1045 2928 1099 tutto

361 1146 455 1208 de
505 1144 711 1208 Italia
759 1147 877 1207 nel
921 1144 1088 1226 qual
1136 1153 1377 1226 tempo
1425 1143 1472 1206 li
1508 1142 1844 1206 Caesarei
1891 1162 2032 1206 non
2065 1144 2218 1206 solo
2253 1162 2392 1205 non
2425 1145 2929 1207 admettevano

358 1272 545 1334 pace
606 1253 897 1331 alcuna,
968 1272 1082 1314 ma
1142 1251 1464 1314 eziandio
1527 1269 1739 1313 senza
1797 1269 2146 1313 consenso
2211 1259 2282 1314 et
2329 1259 2585 1332 saputa
2646 1253 2734 1314 de
2784 1249 2930 1314 Sua

362 1357 646 1422 Santita
693 1379 771 1422 se
818 1379 909 1422 ne
958 1359 1277 1422 andorno
1328 1360 1438 1420 col
1488 1377 1737 1440 campo
1786 1378 1829 1419 a
1861 1357 2200 1436 Massilia,
2249 1360 2438 1421 unde
2485 1360 2750 1422 bellum
2792 1361 2929 1422 hoc

356 1487 503 1550 quo
553 1485 737 1529 nunc
785 1467 1134 1546 ardemuS,
1184 1475 1254 1528 et
1282 1465 1571 1547 Regem
1618 1465 1884 1548 alioqui
1932 1465 2416 1548 quiescentem
2451 1465 2524 1529 vi
2571 1485 2799 1548 prope
2846 1465 2922 1530 in

364 1573 642 1636 Italiam
690 1583 1084 1652 traxerunt,
1134 1582 1204 1634 et
1250 1574 1373 1654 poi
1420 1574 1552 1635 che
1599 1573 1789 1635 hano
1819 1572 2005 1635 visto
2051 1573 2123 1635 10
2173 1593 2372 1635 error
2419 1593 2544 1635 suo
2577 1574 2928 1636 volevano

364 1682 499 1743 che
546 1681 633 1744 N.
685 1678 759 1744 S.
823 1683 891 1744 lo
944 1681 1361 1744 emendasse
1408 1679 1725 1763 piliando
1787 1680 1857 1742 le
1905 1700 2098 1742 arme
2162 1689 2236 1742 et
2297 1679 2814 1743 contribuendo
2861 1683 2931 1744 la

365 1807 661 1869 guerra:
710 1787 761 1850 il
809 1789 940 1851 che
990 1785 1063 1850 S.
1105 1785 1208 1849 St*
1258 1787 1345 1850 ne
1395 1796 1614 1869 potea
1660 1786 1844 1849 farlo
1893 1807 2024 1868 per
2073 1785 2375 1850 trovarsi
2422 1796 2621 1850 tanto
2669 1788 2928 1869 debile,

365 1896 452 1958 ne
502 1897 709 1958 volea
772 1895 957 1957 farlo
1019 1894 1493 1957 existimando
1557 1914 1697 1956 non
1748 1914 1943 1956 esser
1992 1896 2292 1957 decente
2354 1915 2398 1956 a
2443 1915 2538 1956 un
2585 1895 2930 1959 Pontifice

364 2003 678 2086 prender
742 2004 809 2065 le
856 2021 1050 2065 arme
1115 2000 1228 2064 fra
1274 2001 1671 2080 christiani,
1745 2011 1818 2063 et
1882 2022 1959 2064 se
2007 2001 2054 2064 li
2104 2002 2258 2065 suoi
2305 2003 2800 2084 predecessori
2860 2004 2929 2065 10

362 2112 695 2173 haveano
740 2108 935 2172 facto
983 2109 1101 2190 gia
1150 2127 1227 2172 se
1274 2109 1506 2171 vedea
1553 2108 1643 2170 de
1693 2107 1938 2188 quanti
1989 2107 2152 2172 mali
2201 2129 2419 2172 erano
2468 2109 2634 2172 stati
2681 2130 2928 2182 causa:

366 2217 555 2280 onde
602 2217 933 2280 havendo
983 2213 1133 2278 Sua
1179 2213 1455 2278 Santita
1518 2213 1916 2278 deliberato
1983 2235 2239 2296 gerere
2287 2237 2366 2278 se
2416 2226 2750 2298 tanquam
2801 2218 2928 2279 Pa-

366 2333 545 2386 trem
614 2323 939 2388 omnibus
1004 2342 1445 2385 communem
1511 2332 1583 2385 et
1628 2342 1874 2385 servar
1940 2323 2010 2385 la
2073 2323 2484 2404 neutralia,
2559 2326 2625 2386 el
2673 2324 2791 2386 Re
2859 2324 2929 2386 di

366 2429 645 2492 Franza
692 2429 1031 2492 dimostro
1078 2430 1280 2492 voler
1328 2448 1459 2491 con
1510 2428 1767 2492 effecto
1825 2428 1938 2492 far
1986 2429 2431 2511 experientia
2483 2432 2570 2492 de
2620 2433 2719 2493 tal
2766 2451 2928 2494 neu-

367 2536 625 2618 tralita,
676 2536 979 2600 dicendo
1030 2537 1161 2599 che
1210 2535 1329 2616 gia
1376 2537 1508 2598 che
1548 2533 1697 2600 Sua
1729 2533 2002 2598 Santita
2053 2537 2238 2600 dava
2286 2557 2500 2618 passo
2550 2547 2622 2600 et
2667 2537 2932 2601 victua-

364 2643 457 2707 lie
506 2666 551 2708 a
597 2643 648 2707 li
694 2643 991 2707 exerciti
1038 2642 1376 2726 caesarei,
1426 2663 1569 2706 non
1616 2643 1763 2726 geli
1804 2643 2104 2725 negaria
2151 2665 2416 2708 ancora
2461 2665 2506 2708 a
2551 2644 2682 2720 lui;
2733 2655 2804 2708 et
2833 2645 2930 2708 in—

367 2750 483 2815 vio
545 2772 641 2816 un
702 2751 1020 2814 exercito
1085 2771 1215 2832 per
1278 2751 1346 2813 el
1390 2748 1599 2813 Stato
1662 2752 1753 2815 de
1812 2752 1883 2814 la
1943 2750 2226 2816 Chiesia
2285 2751 2378 2814 ad
2439 2755 2933 2834 temptandum

366 2879 667 2943 regnum
715 2857 1300 2941 Neapolitanum;
1352 2858 1591 2921 donde
1639 2855 1713 2921 S.
1764 2855 1871 2921 Sffi
1921 2857 1998 2921 fu
2049 2867 2440 2922 consti-etta
2487 2869 2608 2922 aut
2655 2880 2933 2924 sumere

366 2988 583 3046 arma,
630 2966 887 3047 quibus
934 2986 1066 3029 nec
1115 2976 1399 3047 poterat
1448 2985 1580 3030 nec
1626 2968 1918 3029 volebat
1964 2966 2088 3046 uti,
2138 2975 2260 3028 aut
2294 2967 2466 3028 dare
2491 2965 2706 3029 fidem
2738 2967 2934 3050 Regi

368 3072 871 3145 neutralitatis;
942 3073 1434 3135 concludendo
1496 3082 1749 3155 questa
1798 3072 2228 3134 convention
2291 3090 2434 3135 non
2503 3092 2699 3135 esser
2745 3074 2928 3137 altro

369 3191 438 3245 et
500 3182 634 3244 che
682 3179 755 3244 S.
806 3178 909 3242 St*
959 3200 1173 3262 sopra
1239 3180 1348 3242 cio
1398 3182 1627 3243 havea
1675 3179 1940 3260 scripto
2005 3198 2096 3241 un
2147 3180 2382 3243 Breve
2441 3200 2486 3243 a
2534 3177 2608 3244 S.
2658 3180 2930 3245 Excell.

368 3288 979 3353 coniunctamente
1028 3297 1100 3350 et
1146 3286 1287 3349 allo
1336 3286 1451 3349 Ι11ο
1500 3286 1708 3350 fratel
1757 3308 1906 3365 su0,
1957 3289 2026 3349 al
2074 3288 2286 3369 quale
2343 3288 2414 3349 lo
2462 3289 2695 3350 havea
2743 3309 2932 3352 man-

367 3398 554 3477 dato,
602 3395 867 3477 perche
918 3414 1057 3457 non
1094 3397 1393 3459 bastava
1426 3396 1516 3458 ad
1552 3392 1623 3458 S.
1660 3392 1765 3455 St*
1809 3392 2262 3456 administrar
2299 3395 2439 3456 ben
2472 3403 2656 3458 tutto
2691 3396 2930 3477 quello

368 3504 668 3567 havesse
732 3523 775 3564 a
835 3511 1159 3565 retornar
1220 3500 1291 3564 in
1358 3502 1528 3565 utile
1592 3503 1681 3565 de
1742 3503 1814 3564 la
1879 3500 2280 3564 Christiana
2342 3501 2747 3583 republica,
2818 3524 2930 3565 ma

366 3612 574 3673 volea
620 3610 935 3673 anchora
980 3609 1333 3671 renderne
1382 3618 1594 3671 conto
1656 3608 1753 3671 ali
1803 3607 2044 3671 dilecti
2091 3607 2288 3670 filioli
2337 3608 2442 3670 sui
2505 3629 2595 3671 ne
2644 3611 2690 3672 li
2740 3610 2931 3691 quali

370 3726 439 3780 et
483 3716 592 3779 fra
640 3716 689 3779 li
736 3715 1111 3797 principali
1164 3735 1381 3778 erano
1432 3714 1922 3778 meritamente
1971 3714 2114 3778 Sue
2163 3714 2315 3777 inme
2363 3714 2716 3797 Signorie.
2809 3718 2928 3781 Me

367 3844 659 3906 respose
724 3823 1513 3906 prudentissimamente
1595 3826 1725 3887 che
1787 3820 1925 3885 ben
1997 3842 2218 3904 sapea
2282 3823 2352 3885 la
2413 3824 2794 3904 prudentia
2859 3834 2930 3887 et

369 3930 584 3995 bonta
649 3933 738 3995 de
786 3930 871 3994 N.
920 3928 993 3995 S.
1060 3939 1131 3993 et
1177 3930 1454 3993 benche
1503 3952 1546 3993 a
1591 3929 1690 3992 lui
1749 3949 1891 3992 non
1941 3937 2166 3991 stesse
2227 3930 2499 3991 iudicar
2558 3930 2658 3991 tal
2725 3952 2929 3993 cossa

374 4048 440 4101 et
482 4058 614 4120 per
662 4040 732 4101 la
774 4036 1046 4101 affinita
1096 4039 1212 4100 del
1254 4057 1525 4119 sangue
1576 4047 1648 4099 et
1679 4035 2137 4124 observantia
2178 4036 2415 4098 hanno
2451 4038 2590 4098 ala
2621 4035 2929 4101 Cesarea

372 4144 639 4209 Maesta
704 4146 750 4208 li
798 4144 1132 4208 desidera
1180 4145 1349 4227 ogni
1399 4144 1698 4226 felicita,
1772 4143 2221 4205 nientemeno
2289 4163 2366 4205 se
2413 4144 2682 4205 rendea
2731 4153 2926 4208 certo

374 4254 498 4315 che
564 4253 804 4334 quello
872 4252 1105 4315 havea
1148 4251 1339 4315 facto
1390 4251 1475 4313 N.
1525 4249 1597 4315 S.
1665 4253 1734 4313 10
1790 4251 2025 4312 havea
2092 4250 2282 4312 facto
2350 4258 2785 4331 constrectO,
2858 4263 2927 4315 et

374 4358 695 4422 havendo
742 4368 1072 4441 respecto
1122 4358 1239 4439 pisi
1291 4360 1358 4420 al
1406 4361 1547 4421 ben
1582 4377 1880 4420 comune
1930 4358 2062 4419 che
2113 4377 2154 4418 a
2187 4357 2572 4438 particular
2601 4359 2925 4438 alchunO,

378 4475 443 4527 et
484 4464 667 4531 cossi
716 4486 791 4529 se
840 4467 1109 4529 rendea
1155 4474 1353 4529 certo
1402 4467 1517 4528 nel
1562 4463 1868 4527 havenir
1912 4463 2094 4527 faria
2143 4472 2213 4525 et
2262 4464 2393 4526 che
2434 4463 2529 4526 lui
2579 4474 2652 4527 et
2693 4468 2759 4528 el
2793 4466 2926 4529 fra-

376 4575 534 4636 tello
596 4594 816 4637 erano
879 4572 1319 4637 devotissimi
1366 4572 1695 4637 servitori
1764 4572 1855 4634 de
1903 4591 2032 4633 sua
2080 4568 2182 4633 Sm
2237 4571 2470 4652 parati
2535 4594 2576 4634 a
2624 4572 2734 4635 far
2799 4594 2929 4655 per

378 4676 513 4743 Sua
572 4680 1028 4743 Beatitudine
1097 4688 1281 4742 tutto
1352 4680 1591 4760 quello
1665 4678 1699 4739 ὲ
1772 4677 2144 4758 obbligato
2216 4678 2382 4759 ogni
2453 4678 2786 4760 Principe
2858 4690 2928 4743 et

379 4789 679 4850 membro
743 4786 1179 4865 ChristianO,
1252 4798 1323 4848 et
1384 4806 1495 4849 me
1558 4784 1787 4867 prego
1852 4786 1984 4847 che
2046 4785 2421 4848 scrivendo
2485 4806 2527 4847 a
2577 4785 2649 4849 S.
2701 4785 2802 4849 St*
2861 4790 2925 4850 el

378 4894 643 4956 volesse
706 4894 1175 4956 recomandar
1219 4891 1677 4955 humilmente
1740 4890 1833 4955 ali
1880 4891 2076 4973 piedi
2135 4892 2224 4953 de
2272 4912 2402 4955 sua
2447 4893 2922 4960 Beatitudine.
