3575 5775
1252 548 1743 604 0-43463t>-0

246 705 305 758 et
348 696 695 777 omagium
740 695 947 759 michi
1000 705 1071 758 et
1116 716 1342 778 regno
1376 715 1535 759 meo
1568 697 1904 776 debitum,
1953 697 2294 761 velillum
2343 720 2424 762 ac
2458 700 2774 763 ordinem

246 823 322 864 ex
368 803 567 866 terris
614 802 752 866 illis
802 805 1347 866 exturbandum.
1446 803 1717 866 Videns
1767 813 2000 868 autern
2049 825 2186 886 ego
2235 816 2571 886 quantam
2621 827 2774 888 per·

245 910 471 972 niciem
532 909 819 973 afferret
883 930 1022 972 non
1088 911 1197 973 his
1244 909 1657 992 regionibus
1717 913 1942 974 solum
2001 913 2125 974 sed
2177 912 2388 975 etiam
2455 914 2778 977 universe

244 1017 333 1078 rei
378 1017 752 1080 christiane
803 1020 1063 1080 bellum
1104 1018 1626 1098 resuscitatum,
1678 1041 1719 1082 a
1769 1040 1908 1102 quo
1943 1039 2054 1082 me
2085 1041 2370 1102 semper
2416 1037 2486 1083 et
2525 1023 2782 1084 Vestra

246 1122 579 1188 Sanctitas
646 1135 717 1188 et
776 1124 999 1187 ferme
1064 1146 1307 1188 omnes
1368 1127 1730 1189 christiani
1779 1127 2136 1209 principes
2199 1129 2782 1210 dehortabantur,

245 1232 410 1314 elegi
456 1233 703 1314 pocius
767 1253 921 1295 eam
971 1253 1221 1316 pacem
1284 1253 1421 1316 que
1469 1254 1601 1315 pro
1650 1235 1926 1301 ratione
1975 1237 2316 1316 temporis
2364 1238 2782 1319 contingere

242 1339 453 1419 potuit
501 1350 573 1403 et
622 1340 775 1402 visa
824 1349 931 1402 est
978 1339 1309 1419 solidior,
1360 1361 1569 1421 quarn
1620 1341 1905 1403 omnino
1955 1343 2378 1404 necessitate
2427 1353 2496 1406 et
2543 1343 2783 1407 furore

246 1447 481 1510 bellico
532 1459 759 1510 terras
825 1457 895 1510 et
954 1447 1424 1511 hereditatem
1473 1469 1701 1511 meam
1763 1458 1836 1512 et
1882 1448 2130 1529 Regni
2193 1450 2331 1512 mei
2393 1453 2784 1533 repetendo

244 1555 461 1617 omnia
521 1565 808 1618 vastare
873 1563 941 1617 et
1006 1555 1392 1618 destruere.
1504 1554 1980 1618 Considerans
2043 1555 2309 1638 alioqui
2369 1557 2786 1642 iampridem

244 1659 301 1722 in
335 1661 618 1724 Prussia
666 1683 809 1725 non
857 1663 947 1725 de
997 1662 1247 1726 ordine
1298 1665 1543 1740 solum,
1593 1662 1721 1724 sed
1771 1663 1860 1724 de
1907 1671 2059 1725 tota
2101 1683 2392 1744 prorsus
2438 1664 2788 1746 religione

245 1779 461 1831 actum
510 1790 687 1850 esse,
738 1771 848 1832 cui
900 1769 1121 1832 errori
1170 1770 1435 1832 nullam
1482 1769 1765 1851 penitus
1815 1771 2262 1842 occasionem
2293 1792 2604 1852 unquam
2633 1792 2786 1854 pre-

244 1875 381 1955 bui,
454 1886 529 1939 ut
577 1877 789 1940 etiam
850 1877 921 1940 in
983 1879 1118 1938 hac
1167 1897 1347 1958 pace
1396 1875 1844 1938 conficienda
1905 1877 2116 1940 nichil
2179 1899 2316 1941 non
2369 1880 2788 1943 tentaverim

246 2001 369 2062 quo
419 1984 655 2047 omnia
694 1992 855 2046 acta
902 1983 1198 2046 fuissent
1246 1985 1445 2046 iuxta
1494 1983 2068 2047 observationem
2101 1997 2391 2049 sanctae
2423 1985 2792 2068 religionis

246 2092 663 2173 catholicae,
713 2100 927 2174 prout
973 2111 1217 2154 omnes
1266 2101 1465 2154 actus
1514 2101 1587 2154 et
1631 2100 1975 2154 tractatus
2022 2093 2244 2154 nostri
2300 2093 2545 2156 testari
2596 2105 2792 2176 pote-

246 2207 413 2278 runt,
464 2198 649 2262 inter
694 2219 873 2280 quos
924 2209 1159 2261 tamen
1211 2200 1428 2260 multa
1480 2197 1687 2260 effeci
1735 2217 1893 2260 cum
1942 2199 2360 2261 consiliariis
2409 2202 2580 2263 meis
2611 2221 2789 2262 com·

246 2307 442 2368 moda
507 2326 638 2388 pro
703 2305 1190 2369 iurisdictione
1258 2305 1740 2368 ecclesiastica
1807 2317 1878 2368 et
1941 2305 2385 2369 restitutione
2447 2309 2791 2370 bonorum

248 2413 871 2476 ecclesiasticorum
920 2413 988 2475 in
1035 2412 1174 2475 illis
1222 2413 1469 2489 terriS,
1519 2432 1655 2493 que
1705 2424 1869 2475 acta
1916 2427 1986 2476 et
2034 2415 2406 2494 deplorata
2453 2415 2786 2478 videban-

246 2527 365 2599 tur,
414 2529 485 2582 et
532 2541 743 2602 spero
792 2521 1114 2595 subinde,
1164 2521 1321 2584 Deo
1370 2519 1683 2602 propitio
1733 2531 1804 2583 et
1849 2520 1936 2582 V.
1988 2517 2088 2582 Ste
2133 2521 2345 2583 michi
2393 2521 2792 2600 assistente,

250 2624 387 2688 sine
434 2647 696 2710 magno
761 2627 1059 2708 strepitu
1123 2629 1212 2690 ad
1276 2649 1592 2690 normam
1660 2636 1733 2691 et
1779 2628 2060 2690 modum
2128 2629 2442 2690 debiturn
2508 2649 2638 2709 per
2685 2650 2795 2690 me

248 2735 479 2796 reduci
526 2755 761 2815 posse,
811 2734 929 2816 qui
965 2734 1242 2816 cupiam
1294 2746 1364 2796 et
1396 2744 1688 2816 paratus
1736 2735 1866 2797 sim
1907 2755 2190 2816 semper
2221 2755 2351 2816 pro
2385 2739 2576 2797 bono
2612 2745 2796 2797 statu

250 2841 344 2903 rei
407 2839 788 2905 christiane
855 2852 925 2905 et
1011 2841 1209 2905 istius
1276 2841 1535 2905 Sancte
1604 2839 1816 2905 Sedis
1881 2841 2301 2923 Apostolice
2366 2862 2508 2905 non
2589 2844 2796 2904 modo

251 2951 542 3013 studium
607 2970 900 3031 operam
966 2959 1036 3012 et
1084 2951 1462 3012 facultates
1508 2970 1703 3012 meas
1764 2970 2010 3013 omnes
2072 2950 2196 3012 sed
2263 2959 2334 3013 et
2381 2948 2798 3030 sanguinem

252 3064 319 3117 et
361 3056 571 3119 vitam
622 3077 887 3135 meam,
956 3057 1015 3118 si
1075 3058 1177 3119 ita
1224 3078 1338 3119 res
1386 3060 1731 3139 postulet,
1807 3076 2171 3138 exponere
2223 3065 2292 3119 et
2339 3056 2798 3137 profundere.

252 3160 393 3225 Nec
451 3182 757 3247 unquam
822 3162 1182 3226 Sanctitas
1245 3164 1507 3227 Vestra
1568 3164 1773 3227 aliter
1836 3164 1970 3226 sibi
2046 3166 2133 3227 de
2196 3184 2307 3225 me
2370 3173 2439 3226 et
2501 3163 2800 3225 subditis

254 3270 417 3333 meis
478 3271 891 3352 persuaderi
951 3271 1293 3353 paciatur.
1390 3271 1571 3335 Nam
1634 3282 1701 3335 et
1766 3282 2041 3353 pestem
2089 3270 2294 3333 istam
2359 3272 2799 3333 lutheranam

150 3364 165 3378 ’
257 3377 1041 3459 pernitiosissimumque
1088 3378 1489 3441 incendium
1556 3377 1706 3440 eius
1771 3398 1910 3459 quo
1959 3378 2202 3459 Regni
2251 3378 2388 3439 mei
2437 3376 2804 3460 proximus

258 3493 325 3545 et
369 3486 583 3549 maior
632 3486 840 3548 ardet
870 3486 1129 3567 parieS,
1178 3496 1443 3569 quanto
1473 3486 1719 3547 labore
1770 3496 1844 3547 et
1875 3485 2348 3548 sollicitudine
2381 3484 2806 3567 extinguere

260 3600 327 3653 et
375 3614 413 3655 a
454 3592 721 3676 Regno
770 3614 926 3656 meo
975 3614 1221 3655 arcere
1270 3594 1492 3672 nitor,
1565 3592 1737 3655 satis
1784 3612 1941 3655 curn
1993 3592 2226 3654 edicta
2289 3600 2359 3653 et
2405 3591 2806 3674 legationes

258 3719 439 3781 mee,
494 3710 641 3763 tum
696 3700 815 3763 vel
860 3699 1125 3763 nunctii
1187 3710 1259 3763 et
1305 3700 1526 3782 legati
1578 3696 1993 3761 Sanctitatis
2055 3708 2338 3761 vestrae
2401 3699 2806 3761 testimonio

262 3826 410 3869 esse
466 3792 779 3890 possunt.
874 3804 1437 3890 Significandum
1484 3819 1721 3869 autem
1787 3806 1960 3869 duxi
2020 3808 2210 3869 hunc
2257 3826 2656 3868 successum
2705 3804 2808 3867 rei

262 3917 664 3994 pruthenice
712 3925 950 3979 vestre
998 3914 1376 3995 sanctitati,
1424 3924 1572 3977 tum
1622 3913 1784 3995 quia
1832 3912 2047 3976 sciam
2097 3912 2289 3975 illam
2337 3912 2524 3975 omni
2574 3912 2808 3974 studio

265 4022 354 4083 ad
397 4043 829 4087 communem
867 4042 1118 4104 pacem
1150 4022 1691 4084 christianorum
1734 4020 2167 4101 incumbere,
2215 4030 2362 4082 turn
2397 4018 2609 4081 etiarn
2644 4020 2810 4100 quia

268 4148 401 4191 non
455 4130 778 4213 ig‘norem
839 4150 980 4213 qua
1028 4150 1200 4192 cura
1260 4139 1332 4193 et
1377 4128 1824 4211 benignitate
1872 4148 1984 4191 me
2043 4136 2115 4190 et
2159 4146 2276 4189 res
2322 4146 2516 4187 meas
2565 4146 2810 4187 omnes

269 4238 623 4318 complecti
690 4236 1057 4316 dignetur:
1128 4235 1573 4317 proindeque
1656 4254 1868 4317 spero
1944 4256 2084 4297 non
2151 4232 2576 4297 mediocrem
2643 4234 2811 4295 inde

268 4341 545 4406 letitiam
609 4354 680 4407 et
742 4345 1179 4425 voluptatem
1244 4343 1578 4405 Vestram
1639 4340 2107 4405 Sanctitatem
2169 4340 2572 4403 habituram
2634 4360 2810 4419 esse,

274 4445 391 4511 Cui
446 4472 553 4516 me
615 4452 828 4513 etiam
892 4460 1104 4531 atque
1154 4450 1365 4515 etiam
1422 4448 1778 4513 humiliter
1842 4458 1914 4513 et
1975 4470 2066 4512 ex
2130 4449 2345 4511 corde
2395 4450 2812 4510 commendo

276 4564 343 4615 et
396 4566 557 4639 opto
618 4568 695 4621 ut
759 4558 878 4620 diu
937 4560 1177 4620 valea-t
1234 4556 1605 4620 incolumis
1668 4566 1738 4619 et
1785 4555 1982 4620 felix,
2077 4556 2241 4619 Dat.
2283 4554 2638 4617 Cracovie
2699 4556 2814 4616 die

278 4658 454 4726 XXI
520 4663 733 4747 Maii,
812 4666 1026 4728 Anno
1106 4664 1575 4745 Jhesuchristi
1644 4663 2026 4727 MDXXV
2097 4661 2342 4743 Regni
2419 4662 2553 4723 mei
2627 4682 2814 4724 anno

280 4768 743 4839 decimonono.
