3575 5775
1735 571 2233 630 0-432BGC>-0

707 721 908 806 quasi
954 722 1392 804 impossibile
1439 723 1755 803 haver10,
1808 731 1881 784 et
1929 722 1995 784 la
2042 720 2196 784 fara
2246 741 2413 784 cose
2482 719 2797 803 bestiali,
2865 731 2939 785 et
3001 740 3271 804 preser-

706 831 832 893 tim
877 850 988 894 me
1036 827 1283 892 dubito
1334 829 1425 892 de
1482 838 1733 910 queste
1804 836 2089 910 quattro
2162 847 2329 892 cose
2399 829 2533 891 che
2604 848 2962 911 seguono,
3038 827 3279 909 prima

706 937 1019 1019 questui,
1084 957 1287 1000 como
1351 937 1607 1000 scrisse
1662 945 1827 999 acta
1885 935 2107 1019 legati
2171 937 2387 1018 plena
2448 935 3002 1014 mendatiorum,
3086 939 3277 998 cossi

706 1044 1015 1107 scrivera
1063 1053 1224 1106 acta
1271 1046 1623 1107 adventus
1671 1043 1901 1106 suiad
1934 1053 2364 1107 conventum
2396 1042 2949 1122 wormatiense,
3002 1050 3074 1105 et
3108 1062 3277 1104 exa-

710 1151 913 1214 minis
959 1151 1031 1214 in
1079 1171 1204 1232 ec,
1265 1161 1336 1214 et
1383 1151 1744 1214 concitare.
1796 1152 1861 1213 el
1910 1152 2180 1234 populo
2231 1170 2389 1212 cum
2437 1151 2549 1212 dir
2596 1151 2753 1212 chel
2806 1170 2947 1212 non
2997 1150 3033 1212 ὲ
3082 1159 3281 1212 stato

705 1261 1030 1322 admesso
1077 1261 1218 1322 alla
1267 1258 1705 1342 disputatzion
1753 1259 2074 1342 publica,
2141 1266 2213 1321 et
2262 1278 2403 1321 non
2453 1256 2495 1320 6
2540 1266 2727 1320 stato
2776 1256 3011 1334 ndito,
3060 1265 3135 1318 et
3187 1256 3281 1318 de

706 1365 822 1447 gia
871 1386 961 1429 ne
1007 1367 1101 1428 ha
1149 1365 1576 1429 demandato
1625 1367 1694 1428 al
1742 1365 2130 1429 secretario
2178 1363 2250 1426 di
2290 1363 2528 1440 Cesar,
2582 1365 2741 1426 chel
2772 1362 3051 1426 facesse
3102 1373 3285 1424 nota

703 1473 774 1535 in
822 1474 864 1535 1’
892 1473 1358 1536 instrumento
1418 1473 1534 1535 del
1583 1473 1939 1536 combiato
2008 1474 2139 1534 che
2202 1471 2254 1534 li
2318 1472 2514 1534 dette
2562 1470 2813 1545 Cesar;
2875 1469 2946 1532 in
3017 1479 3286 1552 questo

705 1599 924 1643 ancor
969 1581 1102 1642 che
1151 1579 1323 1661 ogni
1369 1599 1540 1642 cosa
1587 1579 1670 1642 sii
1719 1589 1908 1643 stata
1952 1578 2135 1643 satta
2182 1597 2385 1641 como
2442 1579 2513 1640 la
2559 1578 2814 1659 legge,
2878 1579 2951 1640 la
2998 1575 3287 1657 equita,

706 1687 772 1750 el
819 1696 1138 1768 respetto
1187 1688 1276 1749 de
1325 1688 1395 1750 la
1442 1684 1633 1750 Sede
1682 1687 2140 1768 Apostolica,
2204 1694 2275 1748 et
2345 1683 2392 1746 li
2464 1682 3103 1747 commandamenti
3189 1684 3291 1746 de

704 1793 966 1856 Nostro
1001 1790 1266 1875 Signor
1312 1803 1385 1857 et
1430 1795 1522 1857 da
1554 1794 1823 1857 Vostra
1854 1792 2193 1876 Signoria
2240 1792 2525 1854 Revma
2574 1791 2667 1853 ad
2712 1811 2825 1853 me
2870 1789 3033 1852 fatti
3082 1792 3291 1853 vole·

703 1920 841 1963 ano
891 1909 962 1963 et
1008 1903 1076 1964 la
1109 1900 1664 1984 incompetentia
1712 1901 1802 1963 de
1840 1898 2055 1963 iudici
2088 1920 2231 1962 non
2264 1907 2730 1980 permetteva,
2780 1917 2921 1960 non
2955 1895 3026 1958 di
3060 1917 3291 1960 meno

707 2016 958 2089 questo
1003 2009 1268 2090 populo
1300 2009 1517 2071 molto
1552 2009 1796 2071 exalta
1834 2018 1906 2070 et
1934 2006 2239 2070 iustifica
2285 2007 2354 2069 la
2401 2025 2616 2068 causa
2663 2006 2753 2066 de
2781 2004 3094 2067 Martino
3144 2024 3297 2086 per

708 2126 960 2196 questa
1006 2113 1187 2177 falsa
1234 2114 1352 2176 via
1401 2116 1490 2176 de
1539 2136 1678 2177 non
1728 2114 1769 2177 l’
1799 2116 2023 2178 haver
2071 2116 2336 2177 lassato
2372 2111 2715 2194 disputar,
2766 2113 2897 2173 che
2948 2121 3149 2174 certo
3208 2133 3295 2176 se

710 2241 848 2283 non
899 2219 1174 2285 fussero
1233 2232 1418 2284 state
1482 2223 1548 2285 16
1611 2241 1825 2284 cause
1886 2241 2103 2304 sopra
2152 2221 2348 2283 dette
2396 2229 2468 2282 et
2515 2218 2781 2302 perche*u
2830 2221 2899 2280 16
2947 2237 3120 2281 cosa
3174 2239 3293 2282 sa-

708 2330 929 2391 rebbe
976 2347 1317 2410 processa
1365 2330 1434 2390 in
1483 2327 1833 2391 infinitum
1896 2330 2113 2410 (quod
2170 2327 2477 2390 maxime
2537 2326 2830 2408 cupiunt
2892 2326 3297 2408 lutherani)

707 2435 748 2495 1²
779 2433 1042 2497 official
1102 2435 1193 2497 de
1242 2435 1534 2498 Treveri
1598 2437 1667 2498 in
1731 2438 1799 2498 le
1849 2434 2329 2498 exhortationi
2393 2443 2465 2496 et
2518 2431 3066 2514 interrogationi
3114 2434 3299 2496 chel

710 2541 914 2604 facea
941 2564 984 2606 a
1014 2543 1212 2605 detto
1246 2541 1516 2605 Luther
1545 2543 1615 2606 in
1650 2542 1933 2625 privato
1966 2545 2036 2606 lo
2069 2542 2409 2606 convinse
2434 2538 3299 2604 manifestissimamente.

709 2649 791 2711 El
860 2649 1042 2712 simil
1102 2649 1394 2713 intendo
1462 2652 1593 2714 che
1638 2650 1800 2713 fece
1848 2652 1914 2714 el
1962 2653 2235 2714 decano
2284 2651 2374 2712 de
2422 2646 2819 2711 Francford
2866 2647 2937 2710 in
2986 2666 3301 2712 camera

708 2757 826 2818 del
887 2757 1085 2820 detto
1144 2755 1414 2820 Luther
1474 2757 1684 2820 immo
1734 2759 2150 2842 provocollo
2200 2757 2343 2820 alla
2388 2755 2694 2837 disputa,
2744 2763 2817 2818 et
2840 2753 3165 2818 Martino
3221 2757 3303 2818 16

709 2862 959 2927 refiuto
1003 2863 1072 2927 in
1106 2863 1468 2946 presentia
1507 2865 1598 2929 de
1632 2863 1819 2929 assai
1861 2862 2381 2948 gentilhomini.
2472 2863 2553 2926 In
2588 2860 2878 2943 reliquis
2906 2863 2977 2925 la
3008 2874 3305 2927 venuta

709 2973 825 3034 del
890 2972 1086 3035 detto
1151 2972 1186 3035 ὲ
1252 2982 1439 3036 stata
1497 2973 1965 3037 saluberrima
2018 2972 2280 3055 perche
2331 2982 2403 3034 et
2451 2970 2671 3033 Cesar
2718 2978 2789 3032 et
2836 2968 3037 3051 quasi
3088 2979 3301 3035 tutto

709 3079 756 3142 il
805 3081 1068 3143 mundo
1117 3078 1160 3141 l'
1191 3081 1284 3142 ha
1333 3079 1672 3143 extimato
1722 3101 1855 3162 per
1901 3099 2075 3161 pazo
2127 3078 2470 3141 dissoluto
2502 3086 2574 3139 et
2604 3079 3049 3147 demoniaco:
3104 3079 3301 3157 quin

707 3186 918 3249 immo
967 3186 1202 3249 subito
1251 3188 1383 3249 che
1432 3186 1651 3250 Cesar
1697 3188 1745 3249 il
1795 3188 1961 3249 vide
2010 3187 2242 3250 disse:
2293 3183 2573 3267 questui
2624 3183 2762 3247 mai
2808 3204 2921 3246 me
2968 3181 3305 3249 sarebbe

707 3294 1046 3373 heretico,
1097 3303 1169 3357 et
1215 3294 1336 3375 poi
1383 3296 1671 3375 quando
1718 3295 1977 3357 furono
2022 3292 2365 3356 nominati
2412 3292 2463 3354 li
2508 3291 2672 3354 libri
2720 3310 2959 3353 coram
3006 3288 3305 3357 Cesar-e

710 3411 779 3463 et
846 3400 1144 3482 imperio
1195 3400 1458 3463 Caesar
1514 3403 1750 3481 palam
1813 3400 1998 3462 dixit
2054 3410 2126 3461 et
2187 3398 2603 3479 saepissime
2662 3406 2920 3478 postea
2980 3399 3306 3478 repetiit

711 3510 842 3569 che
921 3507 1058 3569 mai
1134 3508 1429 3569 credera
1505 3509 1636 3570 6116
1712 3508 1754 3569 1'
1777 3508 1993 3570 habia
2057 3505 2405 3589 composti
2453 3503 2631 3567 detti
2679 3503 2863 3567 libri.
2959 3503 3201 3567 Lasso
3258 3528 3309 3568 a

710 3625 915 3697 parte
963 3616 1033 3677 la
1081 3615 1350 3679 ebrieta
1399 3616 1539 3678 alla
1585 3617 1751 3696 qual
1798 3616 2022 3677 cierto
2063 3613 2333 3675 Luther
2380 3612 2417 3675 ὲ
2468 3611 2905 3681 deditissimo
2954 3620 3025 3671 et
3076 3614 3306 3676 molti

709 3722 838 3786 atti
887 3722 1106 3785 brutti
1153 3722 1331 3798 visu,
1403 3725 1646 3802 verbo,
1697 3740 1947 3802 opere,
1996 3722 2225 3799 vultu,
2291 3720 2573 3783 incessu
2621 3720 2755 3781 che
2804 3718 2850 3781 li
2898 3718 3039 3779 han
3093 3716 3309 3785 fatto

709 3831 972 3913 perder
1017 3838 1198 3893 tutta
1244 3832 1316 3893 16
1363 3830 1702 3912 opinione
1751 3828 1911 3891 chel
1959 3828 2219 3891 mundo
2268 3828 2501 3889 havea
2547 3834 2874 3888 concetta
2920 3822 2991 3883 di
3040 3822 3172 3885 lui.

889 3938 968 4001 L'
996 3939 1179 4000 altra
1227 3957 1450 4019 opera
1497 3938 1628 4001 che
1678 3936 2027 3998 minaccia
2073 3936 2163 3997 de
2211 3934 2321 3997 far
2368 3942 2619 4015 questo
2667 3931 2949 3993 ribaldo
2995 3929 3071 3991 in
3137 3928 3314 3995 fine

711 4047 800 4109 de
866 4066 960 4107 un
1023 4065 1150 4107 suo
1223 4045 1512 4107 libretto
1572 4046 1852 4107 almano
1919 4044 1957 4105 ὲ
2024 4043 2115 4105 de
2177 4043 2378 4104 levar
2423 4060 2719 4121 prorsus
2768 4047 2948 4101 tutta
2994 4038 3066 4098 la
3114 4056 3313 4101 con-

708 4151 974 4214 fession
1039 4161 1110 4213 et
1170 4152 1304 4214 che
1370 4172 1512 4214 non
1575 4151 1634 4214 si
1695 4149 1887 4213 habii
1952 4171 1995 4211 a
2057 4148 2423 4211 confessar
2486 4150 2577 4209 ad
2630 4146 2791 4208 altri
2842 4146 2973 4207 che
3020 4162 3065 4204 a
3116 4143 3313 4226 Dio,

711 4261 780 4320 al
829 4258 1039 4320 modo
1091 4258 1182 4319 de
1230 4257 1498 4321 hebrei.

892 4365 992 4429 La
1063 4376 1254 4429 terza
1301 4368 1432 4427 6116
1480 4365 1550 4427 in
1603 4366 1669 4426 el
1703 4362 2169 4425 Sacramento
2219 4364 2308 4425 de
2355 4363 2425 4423 la
2453 4361 2695 4424 Messa
2728 4379 2866 4422 non
2919 4358 2955 4421 ὲ
3005 4356 3056 4420 il
3104 4377 3313 4423 vero

713 4492 934 4554 corpo
997 4472 1070 4534 di
1120 4472 1403 4535 Christo
1468 4472 1594 4534 sed
1665 4471 1734 4533 in
1802 4470 2117 4552 signum,
2168 4477 2237 4532 et
2286 4478 2539 4550 questo
2586 4466 2663 4529 fu
2711 4487 2803 4529 un
2854 4463 3164 4529 articulo
3226 4468 3315 4531 di

711 4578 1021 4660 Wigleff
1063 4580 1513 4641 condennato
1563 4578 1788 4661 primo
1841 4598 1883 4641 a
1931 4577 2169 4639 Roma
2226 4576 2349 4657 poi
2410 4578 2525 4639 nel
2577 4572 2893 4638 Concilio
2956 4572 3047 4635 de
3098 4570 3311 4637 Con-

711 4686 993 4765 stantia,
1045 4695 1115 4748 et
1162 4687 1359 4749 detto
1409 4686 1710 4748 articulo
1758 4706 1892 4767 par
1938 4686 2071 4747 che
2120 4686 2188 4747 lo
2237 4686 2565 4765 approba
2593 4680 2905 4745 Martino
2953 4682 3317 4761 quamvis

710 4792 1050 4874 implicite
1097 4812 1186 4854 ne
1247 4794 1316 4855 la
1371 4793 1716 4855 assertion
1771 4794 1890 4855 del
1938 4790 2246 4853 XXX¹¹¹⁰
2293 4791 2592 4853 articulo
2642 4810 2777 4853 suo
2819 4788 3140 4851 dannato
3200 4791 3317 4853 da

711 4898 795 4963 N.
848 4898 920 4962 S.
971 4908 1040 4962 et
1088 4898 1204 4979 gia
1255 4901 1355 4981 (ut
1403 4900 1579 4962 alias
1627 4900 1907 4983 scripsi)
1954 4900 2025 4962 in
2059 4898 2116 4961 F
2120 4900 2370 4961 iandra
2418 4918 2595 4961 sono
2644 4896 2809 4960 stati
2838 4894 3031 4977 presi
3080 4899 3315 4961 molti
