3575 5775
1662 548 1779 602 0-53
1857 544 2160 603 5428>⁴

1839 909 1988 975 257.

1530 1024 1876 1106 Rotarius
1933 1024 2276 1107 Sadoleto.

1440 1181 1739 1251 (Vax-ior.
1790 1180 1878 1239 ad
1929 1180 2127 1241 clem.
2177 1181 2250 1239 11.
2299 1182 2404 1251 58.)

1650 1305 1759 1376 (28.
1797 1310 1945 1374 Sept.
1990 1308 2167 1373 1525.)

814 1507 827 1521 .
865 1506 879 1520 .
919 1510 931 1521 .
983 1456 1065 1519 Li
1112 1452 1320 1517 brevi
1367 1474 1409 1515 a
1458 1474 1568 1515 me
1617 1472 1791 1534 pare
1841 1455 1981 1515 ben
2029 1454 2378 1515 mandarli
2427 1474 2470 1515 a
2541 1454 2654 1517 chi
2723 1475 2922 1535 vano,
2991 1464 3061 1517 et
3120 1476 3198 1517 so.

632 1569 772 1629 ben
822 1566 1076 1627 alcuno
1126 1561 1197 1624 di
1230 1562 1384 1624 loro
1418 1580 1561 1621 non
1612 1558 1651 1621 ὲ
1700 1558 1886 1621 cussi
1933 1560 2077 1621 bon
2130 1560 2613 1623 ecclesiastico
2648 1581 2848 1624 corne
2883 1562 3197 1643 doverin,

633 1684 704 1735 et
750 1672 987 1754 quello
1034 1671 1129 1730 ha
1174 1667 1368 1729 facto
1417 1666 1461 1728 1²
1493 1665 1707 1727 habia
1764 1665 1957 1728 facto
2031 1664 2340 1730 sforzato
2410 1686 2540 1750 per
2603 1668 3015 1731 sublevarse
3079 1668 3198 1731 dal

631 1780 829 1842 furor
876 1779 967 1840 de
1014 1776 1062 1839 li
1111 1773 1263 1837 suoi
1313 1772 1608 1852 subditi,
1681 1792 1814 1854 per
1887 1783 2138 1855 questo
2209 1795 2352 1837 non
2414 1785 2608 1838 resta
2665 1776 2796 1839 che
2865 1776 3197 1839 vedendo

633 1888 764 1949 che
798 1886 843 1947 '1
892 1883 949 1946 si
997 1885 1091 1946 ha
1137 1878 1328 1944 bona
1376 1878 1712 1962 opinione
1786 1880 1856 1941 di
1929 1883 2081 1943 loro
2142 1891 2537 1945 remetteno
2607 1883 2696 1945 de
2768 1884 3004 1965 quessa
3073 1904 3202 1945 sua

633 1988 1027 2075 pertinacia
1074 1996 1146 2051 et
1194 2007 1273 2050 se
1322 2006 1656 2068 vengono
1702 1985 1772 2047 in
1825 1986 2128 2067 qualche
2176 1998 2382 2069 parte
2431 2010 2476 2050 a
2504 1990 2776 2071 placar;
2830 2000 2902 2052 et
2950 2011 3026 2053 se
3058 2010 3194 2071 pur

640 2114 783 2162 non
832 2097 1144 2179 giovano
1194 2112 1339 2157 non
1388 2112 1631 2175 ponno
1681 2112 1902 2156 nocer
1950 2102 2021 2155 et
2069 2094 2254 2156 cussi
2302 2094 2350 2157 li
2397 2098 2970 2178 accompagnati)
3041 2118 3200 2159 cum

636 2206 789 2268 mie'
818 2206 1073 2267 lettere
1122 2202 1437 2267 secondo
1486 2200 1577 2262 mi
1627 2199 1884 2281 parere
1935 2201 2066 2262 che
2115 2222 2513 2283 convenga.

812 2311 971 2373 Non
1018 2312 1113 2371 ho
1160 2308 1255 2370 fin
1306 2310 1484 2369 hora
1530 2318 1942 2388 presentato
2015 2308 2080 2369 el
2141 2306 2378 2371 Breve
2449 2310 2518 2371 al
2585 2307 2796 2372 Sei-¹¹³⁰
2865 2310 3199 2392 Principe

634 2440 763 2503 per
813 2439 1008 2480 esser
1054 2427 1237 2479 tutto
1289 2416 1334 2478 il
1385 2415 1637 2497 giorno
1688 2426 1875 2477 stata
1923 2434 2051 2477 sua
2098 2412 2286 2478 Serti*
2335 2436 2377 2478 a
2411 2418 2480 2479 la
2513 2438 2722 2479 caza:
2773 2438 2886 2480 rna
2918 2418 3198 2480 dimane

634 2530 703 2589 lo
754 2524 1204 2607 presentare),
1266 2533 1337 2583 et
1385 2530 1650 2603 quanto
1702 2521 1770 2582 al
1821 2522 2117 2583 mandar
2165 2524 2256 2584 de
2306 2522 2354 2583 li
2415 2523 2681 2586 oratori
2728 2524 2796 2585 al
2845 2534 3198 2588 convento

636 2635 751 2695 del
800 2630 1011 2694 Sermo
1060 2630 1178 2692 Re
1228 2631 1317 2690 de
1366 2627 1667 2690 Polonia
1716 2637 1788 2689 et
1841 2625 2181 2710 Ungaria‚
2233 2626 2380 2691 Sua
2427 2628 2614 2692 Sera
2660 2632 2753 2695 ha
2803 2631 3197 2694 deliberato

636 2740 931 2803 mandar
976 2736 1027 2800 li·
1067 2738 1121 2799 il
1169 2754 1478 2799 vescovo
1530 2736 1996 2816 Laybacense
2045 2746 2118 2798 et
2179 2735 2229 2798 il
2291 2736 2577 2799 fratello
2649 2740 2738 2800 de
2791 2738 3041 2801 Mons‘.
3113 2740 3201 2801 de

636 2838 1130 2929 Rogendorff,
1204 2865 1246 2908 a
1305 2844 1353 2907 li
1392 2843 1594 2926 ‘quali
1646 2842 1822 2906 dara
1869 2842 1940 2906 in
1989 2846 2342 2908 mandatis
2392 2866 2591 2909 come
2641 2849 2820 2910 altre
2866 2848 3061 2910 volte
3111 2846 3198 2909 mi

634 2963 999 3036 promesse
1048 2954 1361 3016 secondo
1406 2953 1455 3013 il
1506 2950 1860 3013 desiderio
1912 2953 2001 3014 de
2050 2951 2136 3016 N.
2189 2949 2292 3026 S.;
2342 2974 2455 3015 ma
2505 2961 2618 3035 qui
2671 2975 2812 3018 non
2863 2956 2898 3018 ὲ
2934 2957 3200 3017 anchor

636 3062 883 3144 gionto
932 3057 999 3124 el
1048 3071 1287 3123 orator
1336 3059 1451 3121 del
1502 3057 1796 3137 Ongaro
1847 3059 2028 3120 deve
2077 3059 2321 3139 venir,
2381 3061 2467 3122 ne
2527 3061 2583 3122 si
2643 3063 2855 3124 crede
2925 3064 3055 3123 che
3104 3063 3199 3123 tal

636 3181 988 3233 convento
1036 3168 1253 3230 habia
1302 3187 1339 3228 a
1391 3169 1601 3228 sortir
1650 3164 1906 3227 effecto
1957 3166 2198 3228 avanti
2249 3167 2313 3228 el
2364 3188 2553 3230 mese
2603 3170 2694 3231 de
2743 3169 3022 3234 Martio,

814 3277 915 3338 Le
966 3293 1167 3338 cosse
1217 3276 1306 3336 de
1358 3273 1638 3335 Alsatia
1686 3291 1864 3334 sono
1913 3272 2273 3352 aquietate
2324 3283 2395 3336 et
2443 3295 2519 3337 se
2567 3277 2754 3338 hano
2823 3275 3198 3358 sottoposti

638 3392 709 3446 et
758 3384 901 3446 dati
954 3404 994 3443 a
1042 3383 1111 3444 la
1159 3380 1393 3462 gratia
1440 3381 1557 3442 del
1606 3378 1944 3461 Principe
2017 3388 2087 3442 et
2151 3399 2436 3461 pagano
2509 3393 2703 3444 certa
2773 3403 3044 3445 summa
3114 3383 3201 3444 de

640 3491 911 3562 dinari3
962 3491 1196 3571 quelle
1248 3490 1335 3550 de
1386 3486 1651 3550 Svevia
1701 3495 1773 3548 et
1820 3486 2138 3567 Algovia
2185 3506 2362 3550 sono
2413 3499 2607 3550 tanto
2659 3489 2956 3573 pacifice
3005 3509 3200 3552 come

638 3619 715 3660 se
763 3597 901 3660 mai
944 3597 999 3658 ·1i
1047 3596 1240 3658 fusse
1290 3600 1474 3658 stata
1522 3615 1693 3657 cosa
1740 3595 2027 3674 alcuna,
2093 3604 2162 3656 et
2220 3593 2456 3657 niente
2524 3595 2594 3656 di
2649 3613 2858 3658 meno
2925 3593 2994 3656 di
3045 3615 3200 3657 con-

637 3704 835 3766 tinuo
884 3703 942 3766 si
991 3719 1378 3784 persevera
1425 3701 1495 3763 in
1542 3699 1655 3764 far
1726 3701 2208 3782 exequutione
2259 3709 2328 3763 et
2394 3701 2602 3762 taliar
2667 3712 2849 3764 teste
2897 3723 2940 3762 a
2985 3701 3198 3764 vilani

638 3831 765 3874 son
816 3810 979 3873 stati
1030 3830 1244 3872 causa
1306 3809 1415 3872 de'
1464 3807 1760 3872 tumulti.
1878 3807 1962 3870 El
2029 3806 2406 3869 Cardinale
2456 3807 3014 3891 Saltzpurgense
3083 3811 3198 3891 gir-“1

640 3922 823 3981 deve
874 3939 1029 3980 esse
1078 3917 1325 4000 gionto
1376 3917 1444 3978 in
1498 3917 1850 3997 Augusta,
1902 3915 1988 3976 ne
2039 3915 2156 3976 del
2205 3935 2331 3976 suo
2365 3917 2668 3978 accordo
2703 3916 2850 3978 scio
2899 3915 3083 3978 altro
3133 3915 3198 3977 di

638 4028 875 4108 quello
926 4025 1057 4088 che
1106 4027 1375 4106 scripse
1425 4025 1490 4085 al
1541 4024 1693 4086 R¹¹¹⁰
1743 4023 2106 4104 CapuanO.

818 4135 921 4196 La
966 4133 1181 4196 Dieta
1231 4132 1434 4194 dele
1491 4141 1681 4192 terre
1754 4129 2048 4192 franche
2119 4129 2190 4191 in
2263 4129 2472 4212 Spira
2541 4129 2576 4190 ὲ
2651 4131 2952 4203 resolta;
3023 4131 3108 4192 nd·
3157 4130 3198 4190 ’1

641 4241 975 4322 Principe
1021 4241 1116 4302 ha
1162 4250 1455 4320 possuto
1504 4237 1836 4300 intender
1869 4237 2106 4318 quello
2153 4237 2464 4298 habiano
2514 4245 2839 4298 tractato.
2933 4235 3011 4297 Io
3061 4256 3196 4297 non

641 4346 969 4410 existimo
1017 4347 1125 4410 sia
1172 4355 1357 4408 stato
1420 4346 1509 4407 ad
1559 4347 1741 4408 altro
1808 4344 2064 4408 effecto
2129 4365 2206 4406 se
2262 4364 2404 4407 non
2476 4343 2738 4425 perche
2814 4345 2952 4405 han
3019 4342 3198 4404 visto

641 4454 689 4517 li
739 4452 1054 4535 Principi
1099 4454 1323 4516 havet
1370 4452 1492 4534 piu
1542 4453 1733 4515 volte
1768 4461 2172 4514 convenuto
2208 4451 2525 4528 insieme,
2578 4451 2846 4512 anchor
2879 4452 2987 4511 lor
3017 4450 3198 4511 hano

646 4564 891 4623 voluto
942 4560 1304 4640 convenit,
1355 4569 1426 4621 et
1475 4558 1687 4621 etiam
1734 4559 1997 4639 perche
2047 4568 2233 4621 sotto
2283 4557 2526 4639 specie
2576 4557 2665 4619 de
2715 4555 3026 4636 castigat·
3083 4555 3176 4616 vil

641 4668 786 4731 lani
832 4667 1065 4730 alcuni
1114 4665 1419 4750 principi
1466 4668 1655 4729 hano
1706 4675 2056 4746 occupato
2106 4665 2284 4745 loci,
2345 4667 2436 4728 de
2505 4663 2741 4746 picola
2801 4663 3026 4745 perho
3087 4662 3200 4722 im·

641 4785 1005 4859 portanza,
1057 4774 1271 4857 qualli
1321 4794 1538 4837 erano
1588 4772 2031 4836 iurisdiction
2078 4774 2166 4835 de
2212 4774 2282 4834 le
2330 4781 2540 4849 terre,
2590 4782 2663 4833 et
2707 4773 2966 4833 voleno
3015 4769 3203 4832 forse

645 4886 1004 4955 consultar
1050 4902 1180 4967 per
1227 4881 1434 4945 simili
1483 4881 1649 4944 casi.
1744 4878 1938 4943 Sono
1987 4880 2150 4943 stati
2199 4900 2334 4964 pur
2381 4889 2633 4962 questo
2685 4898 2868 4942 anno
2909 4881 3048 4941 ben
3101 4887 3202 4943 tre
