3575 5775
1567 598 1683 654 0-43
1760 601 1868 654 477
1947 595 2062 650 ΞΗ

1732 891 1888 958 221.

844 1015 1250 1098 Cardinalis
1306 1023 1377 1098 et,
1430 1019 1593 1098 Dux
1646 1017 2161 1119 Lotharingiae
2218 1015 2562 1096 Clementi
2617 1013 2775 1096 VII.

1414 1165 1613 1240 (Epist.
1650 1165 1890 1238 Princip.
1927 1163 2034 1222 111.
2068 1164 2201 1235 14⁷.)

1508 1287 1682 1349 (4-6,
1724 1286 1876 1350 Junii
1919 1282 2092 1351 1525.)

711 1407 1059 1473 Solebant
1097 1410 1366 1492 antiqui
1414 1410 1515 1472 illi
1566 1410 2053 1472 Romanorum
2103 1409 2602 1490 ImperatoreS,
2637 1409 3094 1472 Sanctissime

524 1515 768 1595 Pater,
829 1518 1065 1598 aliquo
1128 1521 1500 1599 praeclaro
1570 1517 1636 1579 in
1704 1517 2136 1598 Reipublice
2199 1519 2441 1580 hostes
2499 1517 2692 1580 edito
2755 1517 3095 1594 facinore,

524 1623 599 1684 id
670 1625 947 1686 demum
1008 1623 1078 1687 S.
1134 1625 1211 1688 P.
1264 1625 1347 1705 Q.
1410 1626 1499 1689 R.
1568 1625 2015 1705 perscribere
2080 1635 2156 1686 ut
2226 1627 2442 1688 allato
2502 1625 2591 1686 de
2654 1643 2732 1686 re
2793 1623 3096 1688 feliciter

524 1741 736 1812 gesta
788 1732 1065 1809 nunciO,
1118 1732 1673 1813 supplicationes
1724 1731 1872 1793 XV
1941 1731 2208 1794 dierum
2276 1743 2396 1794 aut
2445 1753 2529 1794 eo
2602 1732 2901 1814 amplius
2964 1730 3098 1792 diis

524 1837 1039 1901 immortalibus
1088 1841 1542 1918 haberentur,
1592 1840 1707 1901 vel
1764 1839 2187 1920 triumphuS,
2254 1839 2314 1900 si
2379 1839 2450 1900 id
2515 1839 2619 1901 rei
2681 1837 3096 1920 magnitudo

522 1947 947 2026 postularet,
1000 1965 1187 2009 novo
1220 1945 1629 2026 imperatori
1665 1946 2188 2010 decerneretur.
2283 1945 2459 2008 Mihi
2507 1967 2678 2008 vero
2745 1948 2880 2009 hoc
2927 1956 3095 2008 tem-

524 2071 705 2133 pore
764 2052 935 2115 nihil
1003 2054 1379 2116 admodum
1450 2053 1537 2114 de
1610 2051 1967 2133 triumpho
2039 2052 2431 2129 laboranti,
2483 2052 2706 2115 visum
2770 2063 2877 2116 est
2936 2052 3095 2115 Tibi

524 2158 1009 2240 Reipublicae
1041 2159 1484 2223 Christianae
1515 2160 1947 2222 moderatori
1996 2159 2339 2242 precipuo
2388 2181 2517 2242 per
2566 2161 2838 2225 litteras
2886 2159 3092 2243 signi-

522 2263 743 2328 ficare
791 2268 1057 2329 bellum
1107 2289 1149 2329 a
1198 2267 1405 2329 nobis
1452 2266 1562 2328 his
1610 2267 1954 2348 proximis
2016 2266 2268 2329 diebus
2325 2268 2462 2330 Dei
2529 2276 2672 2349 opt.
2732 2287 2915 2330 max.
2979 2287 3095 2328 vo-

526 2374 797 2436 luntate
844 2373 1201 2438 foeliciter
1252 2372 1726 2455 profligatum,
1778 2375 2110 2454 quodque
2160 2373 2288 2435 tibi
2323 2395 2492 2437 sane
2523 2374 2882 2436 videbitur
2921 2373 3096 2436 eius-

526 2481 717 2541 modi
766 2491 841 2542 ut
890 2500 1023 2561 pro
1076 2501 1159 2542 eo
1210 2481 1561 2558 confectO,
1612 2479 1669 2542 si
1718 2500 1850 2561 per
1881 2479 2351 2543 Christianam
2383 2481 2801 2543 modestiam
2834 2482 3099 2560 liceret,

528 2607 667 2649 non
718 2608 901 2649 unus
952 2587 1350 2669 triumphus
1399 2589 1525 2649 sed
1560 2589 1803 2668 plures
1851 2586 2114 2649 fuerint
2149 2589 2602 2651 decernendi.
2697 2587 2882 2668 Quia
2927 2609 3101 2650 vero

525 2695 1095 2776 supplicationes
1144 2695 1372 2777 primo
1424 2714 1703 2776 quoque
1754 2694 1870 2756 die
1909 2693 2064 2756 Deo
2114 2693 2490 2756 immortali
2540 2695 2678 2756 sint
2723 2697 3100 2758 habendae

524 2801 769 2882 illique
820 2803 1145 2882 agendae
1196 2801 1469 2883 gratiae
1521 2801 1758 2882 reipsa
1806 2802 2020 2881 plane
2067 2801 2492 2882 percognita
2548 2802 2938 2865 cuiusmodi
2989 2803 3097 2883 sit,

526 2909 810 2972 minime
874 2908 1270 2987 dubitabis,
1323 2930 1529 2990 quam
1596 2920 1671 2971 ut
1728 2912 1820 2970 ab
1885 2907 2084 2969 initio
2145 2918 2364 2969 totam
2428 2908 2788 2991 intelligas
2853 2909 3100 2991 paucis

528 3018 762 3097 quoad
814 3017 965 3079 eius
1014 3016 1167 3079 fieri
1218 3018 1479 3099 poterit
1528 3017 1932 3099 explicabO.
2029 3018 2259 3078 Ardet
2307 3027 2457 3077 tota
2513 3016 2666 3079 fere
2713 3016 3098 3079 Germania

526 3122 839 3187 factione
893 3124 1457 3205 Lutheridarum,
1509 3144 1804 3205 quorum
1857 3144 1994 3185 non
2046 3123 2254 3205 pauci
2315 3144 2546 3186 rerum
2595 3144 2934 3186 novarum
2989 3144 3096 3186 cu-

528 3230 675 3311 pidi
727 3232 1255 3313 conspiratione
1306 3232 1494 3294 facta
1543 3231 2144 3311 iureiurandoque
2195 3230 2388 3293 inter
2435 3252 2510 3292 se
2547 3230 2978 3311 confirmata,
3030 3232 3097 3294 in

528 3358 705 3417 agro
756 3338 1035 3401 Alsatio
1087 3358 1529 3417 convenere,¹
1560 3340 1938 3420 palamque
1987 3357 2118 3418 per
2170 3358 2607 3419 praeconem
2665 3339 2956 3401 edixere
3024 3360 3098 3401 se

528 3444 598 3507 in
650 3444 885 3508 animo
935 3447 1203 3507 habere
1254 3444 1515 3508 Christi
1566 3445 1957 3507 doctrinam
2022 3445 2080 3507 si
2131 3444 2263 3506 diis
2311 3448 2547 3526 placet
2601 3446 3095 3527 Evangelicam

532 3554 663 3615 hoc
715 3562 1039 3633 tempore
1088 3554 1415 3615 humanis
1466 3552 2110 3615 constitutiunculis
2143 3554 2560 3633 abrogatam
2593 3553 2918 3616 omnibus
2960 3574 3073 3616 om

532 3659 718 3722 nium
770 3660 1094 3722 ordinum
1144 3661 1548 3723 hominibus
1598 3662 2119 3723 observandam
2155 3680 2581 3741 proponere.
2632 3661 3099 3743 miseramque

532 3768 973 3847 plebeculam
1025 3772 1117 3829 ab
1166 3766 1543 3848 impotenti
1593 3767 2017 3829 nobiliorum
2053 3767 2529 3830 dominatione
2573 3768 2900 3831 liberare.
2997 3769 3095 3830 Si-

536 3873 815 3953 quidem
868 3874 1237 3955 proposita
1286 3894 1414 3956 spe
1464 3874 1771 3937 sordidis
1825 3883 1896 3935 et
1930 3874 2309 3955 egentibus
2340 3875 2739 3938 hominibus
2773 3874 3097 3937 licentiae

534 3979 767 4060 potius
819 4000 1026 4061 quam
1076 3981 1427 4045 libertatis
1477 3983 2062 4062 consequendae,
2137 3994 2281 4043 tum
2331 4002 2503 4044 vero
2554 3982 2764 4045 etiam
2813 3982 3096 4063 inopiae

540 4088 1063 4166 sublevandae,
1115 4088 1283 4150 nihil
1338 4089 1769 4167 dubitarunt,
1823 4090 1992 4169 quin
2041 4088 2274 4150 statim
2310 4090 2401 4150 ad
2435 4110 2511 4150 se
2545 4110 2810 4171 magna
2839 4090 3095 4151 levium

534 4214 617 4254 ac
686 4194 1125 4275 perditorum
1194 4196 1551 4258 hominum
1612 4196 1956 4257 colluvies
2022 4194 2448 4267 conflueret;
2516 4198 2704 4277 quod
2771 4198 2868 4260 ita
2927 4218 3097 4261 sane

532 4298 809 4364 accidit.
902 4300 1223 4382 Namque
1274 4304 1435 4382 plus
1482 4301 1709 4363 minus
1741 4311 2136 4364 tercentum
2171 4303 2362 4364 mille
2391 4303 2751 4365 hominum
2784 4304 3096 4368 eiusdem

534 4406 862 4469 factionis
912 4408 1333 4470 convenisse
1385 4409 1596 4470 audio
1615 4457 1631 4489 ,
1702 4409 1821 4489 qui
1887 4429 1975 4470 ne
2045 4410 2133 4471 ab
2195 4428 2270 4471 re
2319 4408 2778 4473 frumentaria
2828 4414 3098 4475 labora-

534 4524 723 4593 rent,
795 4513 865 4575 in
959 4524 1202 4595 partes
1281 4515 1555 4596 disjecti
1647 4527 1973 4577 cunctam
2069 4518 2584 4596 propemodum
2676 4517 3100 4583 Germaniae

535 4621 816 4700 plebem
894 4620 985 4682 ad
1066 4620 1486 4684 seditionem
1570 4622 2035 4685 concitarunt.
2161 4623 2433 4685 Horum
2489 4635 2724 4687 autem
2789 4626 3100 4707 ipsorum

536 4746 675 4788 non
729 4730 1247 4790 contemnenda
1296 4749 1544 4791 manus
1592 4730 1662 4791 in
1714 4730 2222 4809 Lotharingiae
2270 4729 2448 4793 fines
2495 4732 2833 4813 incubuit,
2904 4733 3098 4816 oppi-

537 4836 761 4895 danos
812 4832 1026 4896 nimia
1096 4836 1429 4899 libertate
1489 4835 1872 4899 dissolutos
1930 4836 2282 4918 nimiaque
2341 4858 2574 4901 rerum
2636 4860 2940 4903 omnium
2989 4862 3096 4903 co-

533 4940 651 5021 pia
700 4939 1111 5004 diffluentes
1158 4962 1288 5024 per
1339 4942 1740 5005 emissarios
1803 4955 1874 5007 et
1931 4944 2470 5008 concionatores
2521 4948 2608 5009 ad
2677 4948 3098 5011 seditionem
