3575 5775
1673 538 2166 597 0-43338&

639 690 954 769 nomine,
1004 700 1078 753 et
1124 688 1422 771 imperio
1473 708 1550 749 es
1599 706 1990 766 successor,
2038 686 2139 751 ita
2168 696 2242 750 te
2274 706 2509 750 rerum
2558 694 2920 768 gestarum
2966 684 3217 769 gloria

642 798 994 860 aemulum
1047 806 1118 860 et
1165 815 1564 879 speramuS,
1617 804 1687 857 et
1736 804 2085 877 optamus
2180 794 2249 858 Is
2311 792 2608 857 Carolus
2669 793 2992 875 quamvis
3038 814 3216 856 con·

638 904 854 967 tinuis
902 916 1151 967 contra
1195 903 1539 966 immanes
1587 899 2014 980 SaracenOS,
2064 909 2136 963 et
2171 910 2343 964 tunc
2382 901 2817 979 idololatraS,
2868 898 3221 965 Saxones

637 1012 844 1074 bellis
907 1012 1303 1094 districtuS,
1367 1010 1583 1092 inque
1631 1009 2035 1073 adserenda
2082 1029 2123 1071 e
2169 1009 2665 1090 Tyrannorum
2714 1007 3040 1071 manibus
3098 1026 3221 1071 ec·

637 1118 1036 1181 clesiastica
1114 1119 1444 1181 libertate
1515 1115 1890 1198 plurimum
1972 1123 2403 1198 occupatu5‚
2471 1114 2874 1178 felicianam
2960 1124 3220 1179 tamen

637 1226 990 1289 haeresim
1037 1226 1183 1288 suis
1229 1224 1689 1307 temporibuS,
1739 1233 1955 1303 atque
2000 1221 2073 1285 in
2107 1220 2491 1286 Germania
2538 1232 2764 1285 ortam
2812 1242 2952 1285 non
3002 1222 3225 1305 prius

631 1332 969 1415 persequi
1015 1332 1306 1412 destitit,
1356 1350 1565 1414 quam
1613 1329 1827 1393 misso
1860 1329 2100 1392 Felice
2146 1328 2649 1392 haeresiarcha
2695 1349 2852 1392 cum
2898 1330 3223 1411 pernici-

635 1440 781 1503 osis
830 1440 981 1503 eius
1028 1439 1227 1503 libris
1275 1439 1366 1501 ad
1413 1438 1819 1501 Romanum
1868 1435 2306 1516 Pontificem,
2355 1436 2757 1499 universam
2803 1437 2989 1500 hanc
3038 1440 3223 1501 hae-

633 1547 846 1609 resim
876 1547 1298 1610 exstinctam
1334 1545 1530 1609 vidit.
1603 1543 1750 1608 Sed
1781 1545 1953 1626 quid
1985 1545 2203 1626 longe
2236 1543 2364 1606 tibi
2406 1544 2795 1627 repetimus
2844 1548 3226 1627 exempla,

632 1654 752 1736 qui
800 1651 1228 1733 domestica,
1279 1662 1493 1734 atque
1540 1654 1722 1715 adeo
1783 1660 2131 1734 cognata,
2190 1658 2262 1713 et
2308 1648 2624 1715 recentia
2671 1652 2981 1713 habeas?
3083 1653 3223 1715 Al-

633 1762 879 1823 bertus
927 1759 1220 1839 Caesar,
1283 1760 1613 1841 id‘emque
1662 1760 1830 1821 Dux
1879 1758 2247 1838 Ausa-iae,
2309 1776 2490 1821 unus
2538 1778 2580 1819 e
2626 1756 3013 1821 maioribus
3062 1759 3229 1823 tuis

634 1868 1040 1931 Boemicam
1097 1866 1444 1929 haeresim
1519 1865 1618 1929 ita
1687 1866 2001 1945 attrivit,
2072 1874 2151 1927 ut
2218 1862 2278 1926 si
2349 1862 2613 1926 diutius
2682 1864 3228 1945 supervixisset

635 1972 958 2054 (biennio
1026 1972 1211 2036 enim
1279 1981 1555 2035 tantum
1627 1972 2029 2054 imperavit)
2100 1992 2190 2035 ne
2262 1966 2643 2051 vestigium
2699 1971 2986 2053 quidem
3052 1973 3231 2037 eius

630 2080 948 2143 haeresis
1014 2079 1228 2143 fuerit
1297 2078 1846 2161 superfuturum.
1956 2078 2058 2141 At
2122 2076 2493 2159 Philippus
2543 2076 2977 2159 Burgundus
3039 2100 3195 2162 pro

631 2208 808 2250 avus
853 2196 1053 2267 tuuS,
1117 2196 1190 2250 et
1249 2185 1400 2249 eius
1447 2185 1762 2265 Joannes
1825 2194 2031 2266 pater
2080 2204 2218 2247 non
2270 2204 2361 2247 ne
2406 2186 2844 2265 perturbatis
2890 2186 3229 2268 Eugenii

631 2293 1022 2375 Pontificis,
1073 2293 1137 2356 ei
1182 2291 1388 2356 huius
1438 2290 1749 2356 Sanctae
1798 2290 2009 2355 Sedis
2052 2294 2271 2354 rebus
2316 2291 2414 2354 ita
2462 2291 2863 2375 adfuerunt,
2912 2304 2992 2355 ut
3040 2294 3223 2358 Flo-

629 2398 887 2461 rentini
937 2399 1232 2463 Concilii
1281 2400 1470 2463 Acta
1516 2398 1809 2479 Joannis
1848 2418 2100 2461 nornen
2153 2408 2503 2480 perpetuo
2534 2401 2822 2464 celebre
2868 2402 3225 2480 reddant,

631 2513 703 2567 et
745 2506 1190 2587 praeclarum
1236 2506 1412 2569 illud
1475 2508 1786 2588 elogium
1852 2505 2168 2587 Philippi
2234 2508 2566 2588 sepulcro
2634 2506 3065 2589 insculptum
3144 2509 3224 2575 in

633 2622 912 2676 omnem
962 2614 1451 2695 posteritatem
1501 2614 1978 2678 testimonium
2026 2613 2406 2695 perhibeat
2466 2613 2686 2703 fuisse
2747 2613 2967 2696 ipsius
3034 2635 3226 2679 con-

628 2719 815 2801 silio,
867 2731 940 2783 et
986 2739 1122 2802 ope
1175 2719 1572 2803 Eugenium
1621 2720 2074 2801 Pontificem,
2126 2731 2197 2784 et
2244 2720 2381 2783 Dei
2428 2720 2822 2783 Ecclesiam
2870 2723 2961 2784 ab
3012 2732 3227 2787 atro-

628 2824 909 2890 cissimo
939 2827 1318 2891 schismate
1349 2828 1764 2893 liberatam?
1800 2826 1947 2892 Sed
1978 2829 2207 2892 adhuc
2242 2829 2642 2892 recentiora
2672 2827 2863 2892 facta
2891 2830 3231 2896 materni

625 2934 740 2996 avi
796 2935 894 2997 tui
943 2935 1002 2997 F
1005 2935 1413 3018 erdinandi‚
1463 2946 1676 3018 atque
1724 2936 1932 2998 aviae
1982 2935 2404 3000 Helisabeth
2462 2935 2989 3000 Catholicorum
3052 2937 3227 3002 Re,-

625 3061 792 3124 gum
843 3043 1064 3106 oculis
1110 3044 1250 3106 tuis
1298 3053 1570 3106 tantum
1621 3063 1764 3107 non
1816 3043 2186 3106 obversari
2235 3043 2537 3122 debent,
2600 3041 2721 3124 qui
2784 3042 2855 3104 in
2914 3063 3225 3128 expug-

622 3149 876 3212 nandis
924 3171 967 3214 a
1024 3150 1306 3214 iudaica
1377 3150 1678 3232 perfidia
1735 3150 1881 3214 suis
1942 3151 2258 3232 RegniS,
2322 3159 2393 3213 et
2458 3149 2933 3232 propaganda
3000 3155 3223 3233 apud

622 3266 878 3338 gentes
953 3277 1137 3321 nunc
1209 3259 1508 3341 primum
1582 3267 1906 3340 repertas
1972 3256 2356 3321 christiana
2424 3256 2602 3337 fide,
2680 3258 2928 3320 merita
3000 3263 3223 3341 apud

623 3362 854 3426 Deum
915 3365 1268 3446 proemia,
1338 3376 1410 3427 et
1469 3366 1679 3430 nullis
1734 3365 2037 3428 saeculis
2097 3364 2537 3429 interituram
2608 3366 2799 3446 apud
2867 3364 3228 3432 homines

621 3470 943 3552 gloriam,
995 3471 1469 3553 catholicique
1518 3471 1964 3556 cognominis
2012 3470 2254 3535 titulos
2300 3483 2463 3534 sunt
2510 3471 2851 3535 adsecuti.

797 3577 1068 3641 Horum
1129 3587 1207 3640 tu
1255 3578 1595 3641 maiorum
1643 3588 1924 3643 tuorum
1973 3580 2306 3660 exempla
2368 3599 2511 3641 non
2561 3577 2901 3641 aemulari
2947 3583 3223 3666 mode,

623 3685 753 3746 sed
801 3694 874 3748 et
921 3705 1261 3768 superare
1310 3685 1474 3748 ideo
1507 3685 1676 3748 eniti
1710 3687 1956 3765 debes,
2006 3685 2193 3767 quod
2244 3686 2441 3748 Deus
2489 3685 2795 3768 optimus
2843 3687 3227 3752 maximus

619 3811 802 3873 quae
831 3793 1218 3856 maioribus
1261 3793 1418 3874 tuiS,
1467 3792 1751 3874 singula
1781 3790 1909 3855 tibi
1937 3789 2319 3855 uniunersa
2345 3791 2562 3872 dedit,
2588 3791 3007 3874 Imperiales
3032 3795 3219 3860 titu-

619 3900 746 3981 loS,
781 3908 887 3961 tot
919 3909 1258 3981 tantaque
1288 3900 1576 3982 Regna,
1611 3900 1929 3981 Populos
1960 3899 2141 3962 adeo
2175 3898 2579 3980 bellicosos,
2614 3908 2922 3962 aetatem
2970 3904 3222 3968 rebus

618 4005 956 4087 gerendis
1003 4005 1354 4086 idoneam,
1403 4008 1855 4087 prudentiam
1904 4009 2119 4087 longe
2168 4026 2384 4088 supra
2431 4026 2692 4069 annos:
2741 4007 3001 4088 quibus
3048 4029 3221 4074 om·

615 4111 826 4173 nibus
875 4110 933 4173 si
981 4131 1124 4174 non
1172 4111 1243 4174 in
1293 4111 1752 4175 defendenda
1798 4112 1936 4175 Dei
1984 4111 2309 4176 Ecclesia
2370 4113 2623 4191 utariS,
2682 4113 2847 4176 vide
2902 4134 2995 4178 ne
3056 4117 3221 4182 tibi

615 4217 737 4281 ille
785 4227 986 4281 tanto
1033 4219 1326 4300 gravius
1375 4229 1915 4302 succenseatur,
1967 4229 2304 4301 quantum
2356 4229 2612 4282 cuncta
2659 4221 2831 4282 haec
2880 4218 3013 4283 tibi
3058 4243 3222 4290 sua

613 4326 766 4389 sola
812 4325 1256 4408 benignitate
1304 4335 1412 4389 est
1459 4325 1874 4407 delargituS.
1984 4338 1997 4352 ·

791 4432 1047 4495 Excita
1094 4433 1331 4516 igitur,
1382 4433 1741 4498 carissime
1788 4433 1861 4494 in
1910 4433 2191 4496 Christo
2237 4431 2359 4515 fili,
2409 4432 2801 4515 potentiam
2847 4443 3067 4514 tuam,
3130 4449 3219 4503 et

614 4538 1022 4621 compositis
1051 4541 1414 4621 paulisper
1459 4539 1569 4602 his
1603 4539 1832 4620 bellis,
1882 4559 2063 4621 quae
2111 4549 2181 4603 te
2228 4559 2448 4622 super
2478 4539 2766 4603 minimo
2798 4539 3217 4608 Christiani

613 4643 826 4709 Orbis
889 4648 1154 4727 angulo
1212 4646 1629 4728 impeditum
1701 4657 1983 4728 tenent,
2053 4645 2323 4710 labanti
2372 4645 2757 4710 universali
2812 4645 3213 4716 Ecclesiae

611 4771 966 4816 succurre.
1058 4752 1308 4835 Neque
1357 4774 1606 4836 speres
1653 4772 1866 4836 posse
1914 4763 1987 4817 te
2035 4757 2310 4835 absque
2371 4751 2945 4816 manifestissimo
2993 4758 3213 4835 peri-

611 4860 769 4922 culo
820 4879 1012 4940 eam,
1074 4881 1283 4950 quarn
1331 4870 1708 4944 tantopere
1757 4871 1965 4944 optas
2012 4861 2084 4925 in
2134 4861 2404 4924 Turcas
2452 4859 2986 4943 expeditionem
3036 4883 3209 4928 mo·
