3575 5775
1306 609 1599 674 0-<3261
1683 611 1800 672 G>=⁶

454 761 605 824 Ben
655 763 691 825 ὲ
742 771 927 824 stato
967 783 1010 826 a
1042 763 1413 845 proposito
1450 767 1581 827 che
1616 762 1763 828 Sua
1793 763 2095 828 Maiesta
2129 761 2547 827 commando
2582 763 2834 844 sponte

288 890 407 931 suo
451 869 511 931 al
565 867 1019 950 Cancellieri,
1089 871 1219 932 che
1276 871 1344 933 io
1393 880 1621 934 stesso
1670 870 1946 934 facesse
1998 873 2194 933 detto
2245 870 2499 944 editto;
2573 870 2836 951 perche

289 978 369 1038 de
418 988 678 1058 quanto
729 987 934 1038 tocca
998 997 1041 1039 a
1101 977 1144 1038 l'
1194 979 1503 1041 autorita
1562 978 1987 1060 Apostolica
2035 999 2146 1040 me
2195 979 2285 1040 ho
2335 977 2646 1040 sforzato
2695 996 2837 1039 non

287 1087 337 1144 si
382 1083 655 1146 facesse
703 1085 1007 1166 qualche
1069 1084 1648 1158 inconveniente3
1732 1089 1822 1147 de
1893 1084 2004 1148 far
2074 1087 2272 1148 detto
2339 1084 2676 1147 mandato
2742 1085 2830 1146 al·

287 1200 535 1272 quanto
584 1191 704 1273 piu
757 1192 947 1253 culto
998 1200 1068 1253 et
1120 1193 1477 1274 elegante,
1524 1213 1664 1256 non
1719 1194 1752 1254 ὲ
1805 1201 1992 1254 stato
2039 1212 2253 1274 parer
2301 1193 2390 1253 de
2439 1190 2670 1272 questi
2719 1191 2836 1253 del

288 1299 589 1362 conselio
637 1298 907 1380 perche
954 1299 1213 1361 dicono
1264 1298 1545 1362 deversi
1609 1320 1856 1362 servar
1918 1299 1966 1361 il
2029 1299 2224 1374 stilo,
2295 1299 2630 1361 accioche
2691 1318 2836 1360 non

286 1405 429 1486 pari
476 1405 917 1487 surreptitio:
966 1407 1367 1486 Utrumque
1416 1427 1661 1488 sper0,
1713 1409 1842 1468 che
1894 1405 2188 1488 giovara
2238 1405 2424 1468 assai
2471 1413 2543 1468 et
2589 1413 2836 1467 contra

289 1523 525 1593 questa
573 1513 857 1576 heresia
906 1513 995 1574 de
1046 1512 1316 1575 Luther
1365 1523 1433 1574 et
1483 1522 1732 1574 contra
1788 1514 1969 1574 altre
2025 1513 2308 1576 heresie
2363 1512 2434 1574 in
2490 1512 2835 1574 futurum:

289 1619 576 1700 Quando
626 1619 685 1682 si
734 1619 999 1682 vedera
1048 1619 1096 1681 li
1156 1619 1275 1680 dui
1332 1618 1657 1682 luminari
1722 1621 1839 1682 del
1905 1623 2164 1681 mundo
2215 1619 2477 1682 Nostro
2527 1615 2836 1700 Signore

289 1737 351 1788 et
393 1727 896 1808 l’Imperatore
964 1727 1277 1788 unanimi
1341 1747 1693 1790 consensu
1756 1747 1952 1790 esser
2002 1737 2250 1788 contra
2283 1726 2530 1807 questi
2577 1725 2836 1787 ribaldi

288 1833 463 1914 cani,
513 1835 733 1896 credo
784 1837 999 1914 bene,
1059 1836 1190 1896 che
1255 1854 1385 1915 per
1448 1835 1751 1914 qualche
1808 1844 2048 1914 tempo
2113 1853 2244 1915 per
2291 1831 2514 1896 nostri
2561 1831 2838 1914 peccati

291 1941 527 2004 durera
578 1962 799 2003 ancor
848 1949 1099 2022 questa
1150 1941 1537 2002 maledetta
1584 1951 1817 2020 secta,
1879 1961 1994 2003 ma
2065 1951 2136 2002 et
2197 1939 2336 2002 Dio
2410 1939 2638 2022 primo
2707 1941 2838 2001 che

290 2069 417 2110 non
464 2048 849 2110 abandona
910 2069 1037 2110 sua
1087 2048 1389 2127 chiesia,
1442 2058 1513 2110 et
1562 2050 1627 2110 el
1676 2049 1901 2109 veder
1948 2047 2168 2110 Cesar
2215 2067 2410 2109 esser
2457 2047 2839 2110 obediente

290 2165 619 2218 executor
668 2155 765 2216 dil
820 2154 1162 2217 Pontifice
1212 2155 1282 2216 in
1335 2164 1587 2236 questa
1620 2175 1828 2226 cosa;
1880 2164 1950 2216 et
1998 2155 2196 2216 detto
2231 2154 2454 2216 editto
2486 2151 2633 2216 cosi
2680 2155 2837 2216 hor·

288 2263 478 2325 ribile
525 2271 795 2343 quanto
845 2261 983 2324 mai
1032 2262 1236 2342 altro,
1288 2283 1425 2324 non
1478 2263 1701 2324 solum
1754 2261 2112 2342 mitigata,
2176 2282 2289 2323 ma
2352 2261 2566 2324 etiam
2615 2259 2836 2322 extin-

290 2370 497 2450 guara
547 2381 618 2431 et
681 2368 1123 2431 annichilara
1189 2369 1303 2430 del
1367 2378 1550 2430 tutto
1612 2378 1864 2450 questa
1929 2367 2491 2446 abominatione,
2548 2369 2619 2430 la
2673 2369 2840 2448 qual

294 2477 399 2558 gia
462 2477 526 2538 in
578 2475 1057 2557 grandissima
1112 2487 1317 2557 parte
1384 2475 1420 2538 ὲ
1486 2479 1865 2555 abbatuta,
1938 2487 2008 2538 et
2079 2496 2156 2538 se
2219 2477 2480 2538 abbate
2538 2474 2709 2556 ogni
2770 2473 2841 2536 di

289 2584 417 2664 piu.
526 2585 819 2646 Ancora
881 2583 925 2644 il
990 2593 1263 2664 temp0,
1332 2585 1465 2646 che
1532 2584 1681 2645 sole
1747 2583 1918 2663 ogni
1990 2603 2158 2645 cosa
2219 2582 2397 2644 dura
2459 2581 2570 2644 far
2629 2583 2841 2645 molle

293 2693 492 2754 molto
540 2691 693 2752 fara
742 2701 1082 2753 remetter
1130 2692 1359 2772 questi
1409 2690 1621 2753 animi
1669 2689 2011 2770 indurati,
2062 2699 2134 2752 et
2178 2689 2556 2771 presertim
2605 2708 2837 2751 succe-

294 2799 511 2861 dendo
559 2798 605 2859 il
660 2801 799 2860 bon
852 2799 1178 2879 guberno
1230 2809 1301 2858 et
1349 2796 1723 2878 diligentia
1773 2797 1842 2858 di
1892 2798 1961 2859 la
2011 2795 2200 2860 Sede
2251 2796 2710 2877 Apostolica,
2770 2805 2841 2858 et

295 2907 352 2967 in
400 2927 665 2969 summa
716 2928 859 2969 non
906 2909 1091 2969 vedo
1141 2907 1235 2968 da
1282 2905 1401 2988 qui
1450 2906 1691 2969 avanti
1740 2910 1925 2968 altra
1977 2906 2090 2968 via
2136 2905 2256 2987 piu
2322 2903 2642 2986 proficua
2708 2904 2840 2966 che

296 3014 492 3094 dopoi
562 3016 695 3075 che
766 3034 843 3075 se
891 3014 983 3074 ha
1044 3024 1246 3076 usato
1310 3012 1479 3095 ogni
1562 3012 1876 3075 remedio
1950 3014 2082 3073 che
2157 3032 2234 3073 se
2291 3011 2691 3091 richiedea,
2763 3031 2840 3073 se

295 3118 445 3181 lassi
490 3141 617 3202 per
668 3122 968 3203 qualche
1047 3118 1116 3182 di
1188 3120 1299 3181 far
1372 3122 1439 3182 el
1512 3132 1750 3201 tempo
1770 3168 1787 3199 ‚
1860 3118 2126 3200 perche
2201 3118 2431 3199 questi
2502 3116 2842 3183 Germani

299 3236 474 3289 tanto
522 3227 639 3309 piu
692 3227 751 3289 si
800 3228 1171 3307 sdegnano
1221 3239 1293 3288 et
1341 3228 1409 3288 la
1447 3229 1707 3288 voleno
1756 3246 2020 3288 vencer
2068 3236 2332 3307 quanto
2381 3224 2500 3305 piu
2545 3245 2622 3289 se
2667 3246 2839 3307 pon-

298 3351 495 3411 gono;
545 3335 659 3397 chi
707 3334 757 3397 li
805 3336 993 3397 lassa
1038 3336 1377 3415 alquanto
1427 3354 1783 3415 resposar,
1832 3354 1908 3396 se
1938 3332 2447 3397 rofrediscorm.
2527 3332 2670 3395 Era
2700 3335 2840 3396 ben

298 3442 893 3504 neccessarissimo
971 3440 1443 3523 apparechiar
1518 3452 1765 3523 queste
1847 3442 1985 3503 due
2057 3439 2406 3502 medicine
2467 3440 2510 3501 l'
2557 3460 2698 3503 una
2775 3441 2846 3503 13

300 3549 629 3611 sententia
697 3550 1120 3630 Apostolica
1189 3549 1231 3610 1²
1291 3550 1475 3610 altra
1545 3550 1613 3609 la
1678 3548 2052 3609 execution
2118 3546 2206 3608 de
2270 3546 2520 3628 Cesar,
2595 3570 2707 3610 ma
2776 3548 2844 3610 al

302 3667 609 3732 presente
657 3658 985 3737 besogna
1034 3655 1163 3717 che
1214 3657 1653 3736 cataplasma
1700 3655 2009 3717 insideat
2053 3653 2364 3733 hulceri,
2425 3674 2502 3715 se
2566 3652 2624 3716 si
2679 3656 2844 3716 vole

306 3760 419 3823 che
490 3762 665 3825 faeci
740 3783 980 3845 opera.
1116 3760 1213 3824 Se
1287 3765 1539 3825 alcuno
1612 3762 1894 3843 privato
1968 3760 2247 3823 interim
2317 3759 2474 3822 fara
2545 3762 2846 3843 qualche

306 3870 551 3946 paccia,
598 3872 645 3933 li
697 3870 1095 3953 magistrati
1145 3872 1208 3932 el
1261 3870 1765 3950 castigaranno
1817 3878 1888 3931 et
1937 3868 1976 3931 ὸ
2024 3867 2316 3950 opinion
2365 3870 2455 3930 de
2504 3867 2664 3930 tutti
2713 3868 2845 3929 che

306 3992 417 4053 per
459 3976 659 4059 vigor
714 3988 783 4039 et
833 3978 1162 4041 occasion
1216 3978 1305 4040 de
1356 3987 1607 4058 questo
1658 3980 1896 4040 banno
1945 3976 2312 4057 imperiale
2361 3975 2556 4037 molti
2603 3974 2845 4037 Nobili

308 4082 421 4143 che
466 4104 680 4146 erano
731 4085 1185 4165 grandissimi
1236 4084 1625 4149 Lutherani
1698 4089 1851 4147 loro
1920 4082 2126 4147 stessi
2190 4083 2489 4146 faranno
2554 4084 2625 4144 13
2685 4102 2843 4145 exe-

309 4188 563 4254 cutione
608 4213 649 4253 a
699 4192 1167 4253 mercantanti
1218 4200 1289 4253 et
1337 4192 1631 4254 citadini
1662 4212 1795 4273 per
1827 4211 2140 4272 occupar
2176 4190 2221 4252 li
2267 4189 2513 4251 danari
2561 4199 2634 4251 et
2679 4190 2847 4253 beni

311 4292 385 4355 de
427 4297 583 4361 altri
627 4309 816 4362 sotto
865 4300 1057 4360 bona
1104 4309 1419 4380 coperta.

466 4404 619 4465 Non
667 4404 723 4466 si
782 4406 1177 4487 maravegli
1228 4406 1493 4469 Vostra
1543 4404 1882 4487 Signoria
1932 4404 2565 4468 Reverendissima
2627 4405 2718 4466 de
2779 4405 2848 4467 la

313 4508 617 4583 prolixita
686 4514 775 4574 de
838 4513 907 4574 la
975 4514 1379 4575 narratione
1444 4514 1533 4575 de
1594 4516 1793 4575 detto
1874 4514 2162 4575 decreto
2228 4512 2494 4593 perche
2557 4510 2596 4574 e
2662 4522 2850 4575 stata

314 4616 687 4680 necessaria
732 4638 863 4699 per
910 4619 1029 4698 pitu
1066 4620 1257 4701 capi;
1308 4620 1537 4701 primo
1585 4618 1852 4701 perche
1900 4618 2085 4682 cossi
2120 4618 2336 4682 Cesar
2368 4621 2463 4682 ha
2494 4618 2847 4683 rechiesto

316 4736 425 4797 per
469 4724 745 4787 satisfar
794 4724 916 4788 alli
977 4728 1255 4807 populi,
1322 4727 1481 4790 chel
1543 4748 1685 4791 non
1758 4728 1916 4809 pari
1983 4728 2114 4790 che
2177 4728 2504 4789 absolute
2566 4726 2610 4788 1'
2655 4725 2850 4788 habii

320 4830 629 4909 exeguito
676 4834 743 4895 13
791 4835 1145 4896 sententia
1194 4836 1652 4917 Apostolica;
1710 4835 1753 4896 1²
1799 4836 1982 4896 altra
2027 4832 2361 4897 accioche
2410 4854 2486 4896 se
2535 4832 2847 4913 veghino

322 4949 475 5011 gran
522 4948 720 5018 parte
769 4938 858 5003 de
908 4942 991 5002 la'
1044 4942 1390 5005 enormita
1448 4942 1537 5005 de
1596 4952 1846 5023 questo
1915 4942 2135 5013 Cane:
2214 4941 2260 5002 il
2327 4949 2521 5004 terzo
2583 4939 2849 5021 perche
