<?xml version="1.0" encoding="UTF-8"?>
<!DOCTYPE html PUBLIC "-//W3C//DTD XHTML 1.0 Transitional//EN"
    "http://www.w3.org/TR/xhtml1/DTD/xhtml1-transitional.dtd">
<html xmlns="http://www.w3.org/1999/xhtml" xml:lang="en" lang="en">
 <head>
  <title>
</title>
<meta http-equiv="Content-Type" content="text/html;charset=utf-8" />
  <meta name='ocr-system' content='tesseract 3.04.00' />
  <meta name='ocr-capabilities' content='ocr_page ocr_carea ocr_par ocr_line ocrx_word'/>
</head>
<body>
  <div class='ocr_page' id='page_1' title='image "./monumentareform02vatigoog_0090.png"; bbox 0 0 3575 5775; ppageno 0'>
   <div class='ocr_carea' id='block_1_1' title="bbox 8 4055 10 4555">
    <p class='ocr_par' dir='ltr' id='par_1_1' title="bbox 8 4055 10 4555">
     <span class='ocr_line' id='line_1_1' title="bbox 8 4055 10 4555; baseline 0 0"><span class='ocrx_word' id='word_1_1' title='bbox 8 4055 10 4555; x_wconf 95' lang='lat' dir='ltr'> </span> 
     </span>
    </p>
   </div>
   <div class='ocr_carea' id='block_1_2' title="bbox 1727 541 2187 597">
    <p class='ocr_par' dir='ltr' id='par_1_2' title="bbox 1727 541 2187 597">
     <span class='ocr_line' id='line_1_2' title="bbox 1727 541 2187 597; baseline 0 -1"><span class='ocrx_word' id='word_1_2' title='bbox 1727 541 2187 597; x_wconf 50' lang='lat' dir='ltr'>0-3&#39;344ffi0</span> 
     </span>
    </p>
   </div>
   <div class='ocr_carea' id='block_1_3' title="bbox 667 704 3245 1531">
    <p class='ocr_par' dir='ltr' id='par_1_3' title="bbox 669 704 3241 893">
     <span class='ocr_line' id='line_1_3' title="bbox 669 704 3241 787; baseline 0.001 -20"><span class='ocrx_word' id='word_1_3' title='bbox 669 705 789 767; x_wconf 86' lang='lat' dir='ltr'>voi</span> <span class='ocrx_word' id='word_1_4' title='bbox 837 726 1208 767; x_wconf 87' lang='lat' dir='ltr'>commune</span> <span class='ocrx_word' id='word_1_5' title='bbox 1257 704 1604 787; x_wconf 82' lang='lat' dir='ltr'>consiglio</span> <span class='ocrx_word' id='word_1_6' title='bbox 1655 716 1726 769; x_wconf 91' lang='lat' dir='ltr'>et</span> <span class='ocrx_word' id='word_1_7' title='bbox 1773 726 1907 768; x_wconf 90' lang='lat' dir='ltr'>con</span> <span class='ocrx_word' id='word_1_8' title='bbox 1942 708 2137 769; x_wconf 90' lang='lat' dir='ltr'>bona</span> <span class='ocrx_word' id='word_1_9' title='bbox 2169 705 2685 769; x_wconf 82' lang='lat' dir='ltr'>deliberatione</span> <span class='ocrx_word' id='word_1_10' title='bbox 2722 715 2792 768; x_wconf 89' lang='lat' dir='ltr'>et</span> <span class='ocrx_word' id='word_1_11' title='bbox 2822 706 3241 779; x_wconf 76' lang='lat' dir='ltr'>concordia:</span> 
     </span>
     <span class='ocr_line' id='line_1_4' title="bbox 669 812 2611 893; baseline 0.002 -20"><span class='ocrx_word' id='word_1_12' title='bbox 669 813 785 874; x_wconf 90' lang='lat' dir='ltr'>nel</span> <span class='ocrx_word' id='word_1_13' title='bbox 835 821 1028 875; x_wconf 90' lang='lat' dir='ltr'>resto</span> <span class='ocrx_word' id='word_1_14' title='bbox 1075 831 1404 893; x_wconf 78' lang='lat' dir='ltr'>speramo</span> <span class='ocrx_word' id='word_1_15' title='bbox 1451 812 1524 874; x_wconf 91' lang='lat' dir='ltr'>in</span> <span class='ocrx_word' id='word_1_16' title='bbox 1573 812 1711 877; x_wconf 92' lang='lat' dir='ltr'>Dio</span> <span class='ocrx_word' id='word_1_17' title='bbox 1761 813 2033 877; x_wconf 72' lang='lat' dir='ltr'>aiutera</span> <span class='ocrx_word' id='word_1_18' title='bbox 2081 816 2152 876; x_wconf 88' lang='lat' dir='ltr'>la</span> <span class='ocrx_word' id='word_1_19' title='bbox 2198 832 2416 877; x_wconf 88' lang='lat' dir='ltr'>causa</span> <span class='ocrx_word' id='word_1_20' title='bbox 2464 834 2611 876; x_wconf 89' lang='lat' dir='ltr'>sua.</span> 
     </span>
    </p>

    <p class='ocr_par' dir='ltr' id='par_1_4' title="bbox 667 918 3245 1531">
     <span class='ocr_line' id='line_1_5' title="bbox 847 918 3239 1002; baseline 0 -21"><span class='ocrx_word' id='word_1_21' title='bbox 847 918 1006 981; x_wconf 87' lang='lat' dir='ltr'>Non</span> <span class='ocrx_word' id='word_1_22' title='bbox 1058 918 1118 981; x_wconf 85' lang='lat' dir='ltr'>si</span> <span class='ocrx_word' id='word_1_23' title='bbox 1163 920 1520 1000; x_wconf 87' lang='lat' dir='ltr'>potrebbe</span> <span class='ocrx_word' id='word_1_24' title='bbox 1571 919 1975 1001; x_wconf 83' lang='lat' dir='ltr'>exprimere</span> <span class='ocrx_word' id='word_1_25' title='bbox 2023 930 2290 1002; x_wconf 90' lang='lat' dir='ltr'>quanto</span> <span class='ocrx_word' id='word_1_26' title='bbox 2326 919 2589 983; x_wconf 88' lang='lat' dir='ltr'>Cesare</span> <span class='ocrx_word' id='word_1_27' title='bbox 2637 939 2770 1002; x_wconf 89' lang='lat' dir='ltr'>per</span> <span class='ocrx_word' id='word_1_28' title='bbox 2816 922 2887 983; x_wconf 87' lang='lat' dir='ltr'>la</span> <span class='ocrx_word' id='word_1_29' title='bbox 2926 942 3056 983; x_wconf 88' lang='lat' dir='ltr'>sua</span> <span class='ocrx_word' id='word_1_30' title='bbox 3086 942 3239 984; x_wconf 85' lang='lat' dir='ltr'>san-</span> 
     </span>
     <span class='ocr_line' id='line_1_6' title="bbox 668 1025 3245 1108; baseline 0.001 -20"><span class='ocrx_word' id='word_1_31' title='bbox 668 1025 941 1089; x_wconf 87' lang='lat' dir='ltr'>tissima</span> <span class='ocrx_word' id='word_1_32' title='bbox 1003 1045 1226 1107; x_wconf 90' lang='lat' dir='ltr'>opera</span> <span class='ocrx_word' id='word_1_33' title='bbox 1287 1025 1357 1089; x_wconf 89' lang='lat' dir='ltr'>in</span> <span class='ocrx_word' id='word_1_34' title='bbox 1417 1036 1672 1108; x_wconf 88' lang='lat' dir='ltr'>questa</span> <span class='ocrx_word' id='word_1_35' title='bbox 1734 1048 1950 1091; x_wconf 88' lang='lat' dir='ltr'>causa</span> <span class='ocrx_word' id='word_1_36' title='bbox 1998 1048 2405 1107; x_wconf 88' lang='lat' dir='ltr'>commune,</span> <span class='ocrx_word' id='word_1_37' title='bbox 2471 1028 2577 1091; x_wconf 86' lang='lat' dir='ltr'>sia</span> <span class='ocrx_word' id='word_1_38' title='bbox 2625 1028 3121 1091; x_wconf 87' lang='lat' dir='ltr'>commendato</span> <span class='ocrx_word' id='word_1_39' title='bbox 3172 1040 3245 1091; x_wconf 84' lang='lat' dir='ltr'>et</span> 
     </span>
     <span class='ocr_line' id='line_1_7' title="bbox 671 1132 3237 1217; baseline 0.002 -24"><span class='ocrx_word' id='word_1_40' title='bbox 671 1133 984 1195; x_wconf 81' lang='lat' dir='ltr'>exaltato</span> <span class='ocrx_word' id='word_1_41' title='bbox 1047 1134 1142 1195; x_wconf 86' lang='lat' dir='ltr'>da</span> <span class='ocrx_word' id='word_1_42' title='bbox 1188 1132 1450 1197; x_wconf 88' lang='lat' dir='ltr'>Nostro</span> <span class='ocrx_word' id='word_1_43' title='bbox 1501 1132 1847 1217; x_wconf 83' lang='lat' dir='ltr'>Signore,</span> <span class='ocrx_word' id='word_1_44' title='bbox 1918 1146 1989 1199; x_wconf 91' lang='lat' dir='ltr'>et</span> <span class='ocrx_word' id='word_1_45' title='bbox 2044 1137 2138 1199; x_wconf 92' lang='lat' dir='ltr'>da</span> <span class='ocrx_word' id='word_1_46' title='bbox 2186 1138 2397 1199; x_wconf 92' lang='lat' dir='ltr'>tuttol</span> <span class='ocrx_word' id='word_1_47' title='bbox 2445 1155 2648 1198; x_wconf 87' lang='lat' dir='ltr'>sacro</span> <span class='ocrx_word' id='word_1_48' title='bbox 2698 1134 3075 1217; x_wconf 85' lang='lat' dir='ltr'>Colleggio</span> <span class='ocrx_word' id='word_1_49' title='bbox 3126 1134 3237 1199; x_wconf 87' lang='lat' dir='ltr'>dei</span> 
     </span>
     <span class='ocr_line' id='line_1_8' title="bbox 671 1238 3245 1325; baseline 0.001 -23"><span class='ocrx_word' id='word_1_50' title='bbox 671 1238 1060 1319; x_wconf 87' lang='lat' dir='ltr'>Cardinali,</span> <span class='ocrx_word' id='word_1_51' title='bbox 1129 1250 1199 1302; x_wconf 92' lang='lat' dir='ltr'>et</span> <span class='ocrx_word' id='word_1_52' title='bbox 1247 1249 1431 1303; x_wconf 92' lang='lat' dir='ltr'>tutta</span> <span class='ocrx_word' id='word_1_53' title='bbox 1479 1243 1548 1304; x_wconf 93' lang='lat' dir='ltr'>la</span> <span class='ocrx_word' id='word_1_54' title='bbox 1597 1252 1795 1307; x_wconf 89' lang='lat' dir='ltr'>corte</span> <span class='ocrx_word' id='word_1_55' title='bbox 1843 1243 1893 1305; x_wconf 89' lang='lat' dir='ltr'>li</span> <span class='ocrx_word' id='word_1_56' title='bbox 1942 1243 2275 1307; x_wconf 87' lang='lat' dir='ltr'>desidera</span> <span class='ocrx_word' id='word_1_57' title='bbox 2320 1242 2723 1325; x_wconf 73' lang='lat' dir='ltr'>prosperita</span> <span class='ocrx_word' id='word_1_58' title='bbox 2774 1252 2845 1305; x_wconf 93' lang='lat' dir='ltr'>et</span> <span class='ocrx_word' id='word_1_59' title='bbox 2894 1242 3124 1323; x_wconf 85' lang='lat' dir='ltr'>gloria</span> <span class='ocrx_word' id='word_1_60' title='bbox 3172 1252 3245 1304; x_wconf 88' lang='lat' dir='ltr'>et</span> 
     </span>
     <span class='ocr_line' id='line_1_9' title="bbox 667 1346 3243 1431; baseline 0.001 -23"><span class='ocrx_word' id='word_1_61' title='bbox 667 1346 807 1408; x_wconf 90' lang='lat' dir='ltr'>Noi</span> <span class='ocrx_word' id='word_1_62' title='bbox 867 1367 1086 1428; x_wconf 81' lang='lat' dir='ltr'>sopra</span> <span class='ocrx_word' id='word_1_63' title='bbox 1132 1348 1332 1426; x_wconf 90' lang='lat' dir='ltr'>tutti,</span> <span class='ocrx_word' id='word_1_64' title='bbox 1401 1346 1548 1411; x_wconf 86' lang='lat' dir='ltr'>cosi</span> <span class='ocrx_word' id='word_1_65' title='bbox 1597 1360 1881 1431; x_wconf 88' lang='lat' dir='ltr'>potrete</span> <span class='ocrx_word' id='word_1_66' title='bbox 1929 1350 2085 1414; x_wconf 89' lang='lat' dir='ltr'>fare</span> <span class='ocrx_word' id='word_1_67' title='bbox 2132 1350 2506 1413; x_wconf 88' lang='lat' dir='ltr'>intendere</span> <span class='ocrx_word' id='word_1_68' title='bbox 2556 1370 2597 1411; x_wconf 93' lang='lat' dir='ltr'>a</span> <span class='ocrx_word' id='word_1_69' title='bbox 2647 1349 2793 1411; x_wconf 83' lang='lat' dir='ltr'>Sua</span> <span class='ocrx_word' id='word_1_70' title='bbox 2840 1348 3121 1411; x_wconf 77' lang='lat' dir='ltr'>Maesta</span> <span class='ocrx_word' id='word_1_71' title='bbox 3168 1362 3243 1411; x_wconf 88' lang='lat' dir='ltr'>et</span> 
     </span>
     <span class='ocr_line' id='line_1_10' title="bbox 669 1454 2523 1531; baseline 0.001 -14"><span class='ocrx_word' id='word_1_72' title='bbox 669 1476 711 1517; x_wconf 80' lang='lat' dir='ltr'>a</span> <span class='ocrx_word' id='word_1_73' title='bbox 759 1454 852 1515; x_wconf 89' lang='lat' dir='ltr'>lei</span> <span class='ocrx_word' id='word_1_74' title='bbox 901 1454 1288 1518; x_wconf 86' lang='lat' dir='ltr'>humillime</span> <span class='ocrx_word' id='word_1_75' title='bbox 1337 1456 2025 1531; x_wconf 87' lang='lat' dir='ltr'>raccommandarci;</span> <span class='ocrx_word' id='word_1_76' title='bbox 2076 1459 2523 1521; x_wconf 89' lang='lat' dir='ltr'>benevalete.</span> 
     </span>
    </p>
   </div>
   <div class='ocr_carea' id='block_1_4' title="bbox 847 1579 3098 1765">
    <p class='ocr_par' dir='ltr' id='par_1_5' title="bbox 847 1579 3098 1765">
     <span class='ocr_line' id='line_1_11' title="bbox 847 1579 3023 1662; baseline 0.001 -21"><span class='ocrx_word' id='word_1_77' title='bbox 847 1579 956 1641; x_wconf 83' lang='lat' dir='ltr'>Ex</span> <span class='ocrx_word' id='word_1_78' title='bbox 1009 1580 1185 1643; x_wconf 88' lang='lat' dir='ltr'>Palo</span> <span class='ocrx_word' id='word_1_79' title='bbox 1233 1580 1642 1662; x_wconf 86' lang='lat' dir='ltr'>portuensis</span> <span class='ocrx_word' id='word_1_80' title='bbox 1689 1581 1994 1645; x_wconf 87' lang='lat' dir='ltr'>diocesis</span> <span class='ocrx_word' id='word_1_81' title='bbox 2045 1580 2402 1644; x_wconf 84' lang='lat' dir='ltr'>XXVIII.</span> <span class='ocrx_word' id='word_1_82' title='bbox 2452 1581 2608 1661; x_wconf 87' lang='lat' dir='ltr'>Jan.</span> <span class='ocrx_word' id='word_1_83' title='bbox 2658 1580 3023 1644; x_wconf 89' lang='lat' dir='ltr'>MDXXI.</span> 
     </span>
     <span class='ocr_line' id='line_1_12' title="bbox 2522 1695 3098 1765; baseline -0.002 -8"><span class='ocrx_word' id='word_1_84' title='bbox 2522 1706 2535 1717; x_wconf 95' lang='lat'><strong>·</strong></span> <span class='ocrx_word' id='word_1_85' title='bbox 2644 1695 2846 1759; x_wconf 71' lang='lat' dir='ltr'>voster</span> <span class='ocrx_word' id='word_1_86' title='bbox 2882 1695 3098 1765; x_wconf 70' lang='lat' dir='ltr'>trater,</span> 
     </span>
    </p>
   </div>
   <div class='ocr_carea' id='block_1_5' title="bbox 2588 1794 3153 1844">
    <p class='ocr_par' dir='ltr' id='par_1_6' title="bbox 2588 1794 3153 1844">
     <span class='ocr_line' id='line_1_13' title="bbox 2588 1794 3153 1844; baseline -0.005 0"><span class='ocrx_word' id='word_1_87' title='bbox 2588 1796 2721 1844; x_wconf 86' lang='lat' dir='ltr'>Vice</span> <span class='ocrx_word' id='word_1_88' title='bbox 2773 1794 3153 1843; x_wconf 79' lang='lat' dir='ltr'>Cancellarius.</span> 
     </span>
    </p>
   </div>
   <div class='ocr_carea' id='block_1_6' title="bbox 1743 1958 2132 1969">
    <p class='ocr_par' dir='ltr' id='par_1_7' title="bbox 1743 1958 2132 1969">
     <span class='ocr_line' id='line_1_14' title="bbox 1743 1958 2132 1969; baseline 0.003 -2"><span class='ocrx_word' id='word_1_89' title='bbox 1743 1960 1748 1963; x_wconf 98' lang='lat'>-</span> <span class='ocrx_word' id='word_1_90' title='bbox 1765 1960 1776 1963; x_wconf 93' lang='lat'>-</span> <span class='ocrx_word' id='word_1_91' title='bbox 1785 1958 2023 1969; x_wconf 44' lang='lat' dir='ltr'>masma-A„</span> <span class='ocrx_word' id='word_1_92' title='bbox 2036 1958 2132 1969; x_wconf 63' lang='grc' dir='ltr'>νΑΑ</span> 
     </span>
    </p>
   </div>
   <div class='ocr_carea' id='block_1_7' title="bbox 1908 2190 2008 2253">
    <p class='ocr_par' dir='ltr' id='par_1_8' title="bbox 1908 2190 2008 2253">
     <span class='ocr_line' id='line_1_15' title="bbox 1908 2190 2008 2253; baseline 0 0"><span class='ocrx_word' id='word_1_93' title='bbox 1908 2190 2008 2253; x_wconf 83' lang='grc'>17.</span> 
     </span>
    </p>
   </div>
   <div class='ocr_carea' id='block_1_8' title="bbox 1306 2322 2599 2541">
    <p class='ocr_par' dir='ltr' id='par_1_9' title="bbox 1306 2322 2599 2541">
     <span class='ocr_line' id='line_1_16' title="bbox 1413 2322 2492 2404; baseline 0.002 -2"><span class='ocrx_word' id='word_1_94' title='bbox 1413 2322 2075 2404; x_wconf 76' lang='lat' dir='ltr'>vicecancellarius</span> <span class='ocrx_word' id='word_1_95' title='bbox 2114 2322 2492 2404; x_wconf 79' lang='lat' dir='ltr'>Alcandrc.</span> 
     </span>
     <span class='ocr_line' id='line_1_17' title="bbox 1306 2468 2599 2541; baseline -0.002 -12"><span class='ocrx_word' id='word_1_96' title='bbox 1306 2471 1694 2541; x_wconf 70' lang='lat' dir='ltr'>(Nunciat.</span> <span class='ocrx_word' id='word_1_97' title='bbox 1745 2470 1979 2531; x_wconf 73' lang='lat' dir='ltr'>Germ.</span> <span class='ocrx_word' id='word_1_98' title='bbox 2030 2468 2091 2528; x_wconf 72' lang='grc' dir='ltr'>Ιι.</span> <span class='ocrx_word' id='word_1_99' title='bbox 2141 2468 2267 2530; x_wconf 79' lang='lat' dir='ltr'>fol.</span> <span class='ocrx_word' id='word_1_100' title='bbox 2317 2469 2599 2539; x_wconf 76' lang='lat'>12—13.)</span> 
     </span>
    </p>
   </div>
   <div class='ocr_carea' id='block_1_9' title="bbox 1345 2589 2553 2655">
    <p class='ocr_par' dir='ltr' id='par_1_10' title="bbox 1345 2589 2553 2655">
     <span class='ocr_line' id='line_1_18' title="bbox 1345 2589 2553 2655; baseline -0.002 -16"><span class='ocrx_word' id='word_1_101' title='bbox 1345 2592 1445 2650; x_wconf 82' lang='lat' dir='ltr'>(Ex</span> <span class='ocrx_word' id='word_1_102' title='bbox 1484 2592 1637 2640; x_wconf 85' lang='lat' dir='ltr'>Senis</span> <span class='ocrx_word' id='word_1_103' title='bbox 1683 2604 1725 2640; x_wconf 89' lang='lat'>1.</span> <span class='ocrx_word' id='word_1_104' title='bbox 1767 2592 1925 2642; x_wconf 86' lang='lat' dir='ltr'>Febr.</span> <span class='ocrx_word' id='word_1_105' title='bbox 1963 2618 2033 2629; x_wconf 89' lang='lat'>—-</span> <span class='ocrx_word' id='word_1_106' title='bbox 2074 2590 2405 2639; x_wconf 85' lang='lat' dir='ltr'>Wormatiae</span> <span class='ocrx_word' id='word_1_107' title='bbox 2451 2589 2553 2655; x_wconf 91' lang='lat'>11.)</span> 
     </span>
    </p>
   </div>
   <div class='ocr_carea' id='block_1_10' title="bbox 1098 2715 2783 2797">
    <p class='ocr_par' dir='ltr' id='par_1_11' title="bbox 1098 2715 2783 2797">
     <span class='ocr_line' id='line_1_19' title="bbox 1098 2715 2783 2797; baseline 0.001 -20"><span class='ocrx_word' id='word_1_108' title='bbox 1098 2716 1533 2779; x_wconf 85' lang='lat' dir='ltr'>Venerabile</span> <span class='ocrx_word' id='word_1_109' title='bbox 1582 2716 1714 2779; x_wconf 87' lang='lat' dir='ltr'>Vir</span> <span class='ocrx_word' id='word_1_110' title='bbox 1759 2716 2012 2779; x_wconf 87' lang='lat' dir='ltr'>Amice</span> <span class='ocrx_word' id='word_1_111' title='bbox 2062 2715 2325 2778; x_wconf 87' lang='lat' dir='ltr'>Noster</span> <span class='ocrx_word' id='word_1_112' title='bbox 2373 2716 2783 2797; x_wconf 82' lang='lat' dir='ltr'>praecipue.</span> 
     </span>
    </p>
   </div>
   <div class='ocr_carea' id='block_1_11' title="bbox 658 2840 3239 4957">
    <p class='ocr_par' dir='ltr' id='par_1_12' title="bbox 663 2840 3232 3031">
     <span class='ocr_line' id='line_1_20' title="bbox 843 2840 3232 2926; baseline 0 -23"><span class='ocrx_word' id='word_1_113' title='bbox 843 2841 1240 2905; x_wconf 84' lang='lat' dir='ltr'>Havemmo</span> <span class='ocrx_word' id='word_1_114' title='bbox 1303 2840 1488 2906; x_wconf 87' lang='lat' dir='ltr'>visto</span> <span class='ocrx_word' id='word_1_115' title='bbox 1547 2851 1815 2926; x_wconf 87' lang='lat' dir='ltr'>quanto</span> <span class='ocrx_word' id='word_1_116' title='bbox 1866 2841 1925 2905; x_wconf 91' lang='lat' dir='ltr'>ci</span> <span class='ocrx_word' id='word_1_117' title='bbox 1976 2841 2285 2904; x_wconf 87' lang='lat' dir='ltr'>scrivete</span> <span class='ocrx_word' id='word_1_118' title='bbox 2333 2859 2463 2922; x_wconf 89' lang='lat' dir='ltr'>per</span> <span class='ocrx_word' id='word_1_119' title='bbox 2510 2842 2581 2904; x_wconf 88' lang='lat' dir='ltr'>la</span> <span class='ocrx_word' id='word_1_120' title='bbox 2628 2852 2870 2904; x_wconf 83' lang='lat' dir='ltr'>vostra</span> <span class='ocrx_word' id='word_1_121' title='bbox 2920 2842 2994 2904; x_wconf 90' lang='lat' dir='ltr'>di</span> <span class='ocrx_word' id='word_1_122' title='bbox 3044 2841 3232 2904; x_wconf 88' lang='lat' dir='ltr'>XIX</span> 
     </span>
     <span class='ocr_line' id='line_1_21' title="bbox 663 2950 1141 3031; baseline 0.004 -21"><span class='ocrx_word' id='word_1_123' title='bbox 663 2950 778 3012; x_wconf 92' lang='lat' dir='ltr'>del</span> <span class='ocrx_word' id='word_1_124' title='bbox 828 2963 1141 3031; x_wconf 72' lang='lat' dir='ltr'>passam.</span> 
     </span>
    </p>

    <p class='ocr_par' dir='ltr' id='par_1_13' title="bbox 658 3055 3239 4957">
     <span class='ocr_line' id='line_1_22' title="bbox 841 3055 3235 3137; baseline 0 -18"><span class='ocrx_word' id='word_1_125' title='bbox 841 3056 942 3119; x_wconf 91' lang='lat' dir='ltr'>Le</span> <span class='ocrx_word' id='word_1_126' title='bbox 1003 3057 1210 3120; x_wconf 91' lang='lat' dir='ltr'>Bolle</span> <span class='ocrx_word' id='word_1_127' title='bbox 1275 3068 1346 3120; x_wconf 88' lang='lat' dir='ltr'>et</span> <span class='ocrx_word' id='word_1_128' title='bbox 1413 3057 1664 3135; x_wconf 89' lang='lat' dir='ltr'>Brevi,</span> <span class='ocrx_word' id='word_1_129' title='bbox 1733 3058 1865 3120; x_wconf 92' lang='lat' dir='ltr'>che</span> <span class='ocrx_word' id='word_1_130' title='bbox 1927 3058 2187 3119; x_wconf 88' lang='lat' dir='ltr'>havete</span> <span class='ocrx_word' id='word_1_131' title='bbox 2238 3055 2567 3118; x_wconf 87' lang='lat' dir='ltr'>ricercati</span> <span class='ocrx_word' id='word_1_132' title='bbox 2633 3055 2755 3137; x_wconf 78' lang='lat' dir='ltr'>gia</span> <span class='ocrx_word' id='word_1_133' title='bbox 2823 3055 2946 3119; x_wconf 87' lang='lat'>111.</span> <span class='ocrx_word' id='word_1_134' title='bbox 3017 3058 3086 3118; x_wconf 84' lang='lat' dir='ltr'>di</span> <span class='ocrx_word' id='word_1_135' title='bbox 3164 3055 3235 3119; x_wconf 86' lang='lat' dir='ltr'>fa</span> 
     </span>
     <span class='ocr_line' id='line_1_23' title="bbox 662 3163 3237 3242; baseline -0 -16"><span class='ocrx_word' id='word_1_136' title='bbox 662 3163 731 3226; x_wconf 90' lang='lat' dir='ltr'>vi</span> <span class='ocrx_word' id='word_1_137' title='bbox 781 3163 840 3225; x_wconf 87' lang='lat' dir='ltr'>si</span> <span class='ocrx_word' id='word_1_138' title='bbox 889 3185 1066 3228; x_wconf 88' lang='lat' dir='ltr'>sono</span> <span class='ocrx_word' id='word_1_139' title='bbox 1117 3165 1431 3226; x_wconf 87' lang='lat' dir='ltr'>mandati</span> <span class='ocrx_word' id='word_1_140' title='bbox 1480 3165 1774 3228; x_wconf 87' lang='lat' dir='ltr'>insieme</span> <span class='ocrx_word' id='word_1_141' title='bbox 1824 3185 1957 3228; x_wconf 92' lang='lat' dir='ltr'>con</span> <span class='ocrx_word' id='word_1_142' title='bbox 2008 3185 2149 3226; x_wconf 89' lang='lat' dir='ltr'>una</span> <span class='ocrx_word' id='word_1_143' title='bbox 2198 3164 2289 3226; x_wconf 93' lang='lat' dir='ltr'>de</span> <span class='ocrx_word' id='word_1_144' title='bbox 2338 3164 2616 3227; x_wconf 90' lang='lat' dir='ltr'>cambio</span> <span class='ocrx_word' id='word_1_145' title='bbox 2667 3166 2755 3228; x_wconf 90' lang='lat' dir='ltr'>de</span> <span class='ocrx_word' id='word_1_146' title='bbox 2820 3184 2951 3242; x_wconf 86' lang='lat'>400</span> <span class='ocrx_word' id='word_1_147' title='bbox 3000 3163 3237 3225; x_wconf 90' lang='lat' dir='ltr'>ducati</span> 
     </span>
     <span class='ocr_line' id='line_1_24' title="bbox 663 3269 3236 3352; baseline -0 -20"><span class='ocrx_word' id='word_1_148' title='bbox 663 3271 906 3338; x_wconf 84' lang='lat' dir='ltr'>d’oro:</span> <span class='ocrx_word' id='word_1_149' title='bbox 973 3281 1256 3352; x_wconf 89' lang='lat' dir='ltr'>potrete</span> <span class='ocrx_word' id='word_1_150' title='bbox 1312 3271 1698 3335; x_wconf 87' lang='lat' dir='ltr'>inscrivere</span> <span class='ocrx_word' id='word_1_151' title='bbox 1749 3292 1845 3334; x_wconf 89' lang='lat' dir='ltr'>un</span> <span class='ocrx_word' id='word_1_152' title='bbox 1896 3271 1965 3334; x_wconf 88' lang='lat' dir='ltr'>di</span> <span class='ocrx_word' id='word_1_153' title='bbox 2016 3271 2233 3352; x_wconf 88' lang='lat' dir='ltr'>quelli</span> <span class='ocrx_word' id='word_1_154' title='bbox 2282 3271 2499 3333; x_wconf 89' lang='lat' dir='ltr'>Brevi</span> <span class='ocrx_word' id='word_1_155' title='bbox 2548 3273 2615 3332; x_wconf 92' lang='lat' dir='ltr'>al</span> <span class='ocrx_word' id='word_1_156' title='bbox 2664 3271 2867 3334; x_wconf 87' lang='lat' dir='ltr'>Duca</span> <span class='ocrx_word' id='word_1_157' title='bbox 2916 3269 3236 3352; x_wconf 68' lang='lat' dir='ltr'>Geor-gio</span> 
     </span>
     <span class='ocr_line' id='line_1_25' title="bbox 663 3376 3239 3460; baseline -0 -21"><span class='ocrx_word' id='word_1_158' title='bbox 663 3377 734 3439; x_wconf 91' lang='lat' dir='ltr'>di</span> <span class='ocrx_word' id='word_1_159' title='bbox 784 3377 1122 3440; x_wconf 79' lang='lat' dir='ltr'>Sassonia</span> <span class='ocrx_word' id='word_1_160' title='bbox 1186 3386 1256 3441; x_wconf 89' lang='lat' dir='ltr'>et</span> <span class='ocrx_word' id='word_1_161' title='bbox 1313 3379 1618 3458; x_wconf 87' lang='lat' dir='ltr'>darglilo</span> <span class='ocrx_word' id='word_1_162' title='bbox 1684 3383 1897 3460; x_wconf 75' lang='lat' dir='ltr'>costi,</span> <span class='ocrx_word' id='word_1_163' title='bbox 1966 3399 2009 3441; x_wconf 91' lang='lat' dir='ltr'>o</span> <span class='ocrx_word' id='word_1_164' title='bbox 2070 3378 2543 3460; x_wconf 82' lang='lat' dir='ltr'>mandarglilo</span> <span class='ocrx_word' id='word_1_165' title='bbox 2608 3398 2739 3459; x_wconf 89' lang='lat' dir='ltr'>per</span> <span class='ocrx_word' id='word_1_166' title='bbox 2805 3387 3057 3459; x_wconf 89' lang='lat' dir='ltr'>questa</span> <span class='ocrx_word' id='word_1_167' title='bbox 3118 3376 3239 3439; x_wconf 87' lang='lat' dir='ltr'>via</span> 
     </span>
     <span class='ocr_line' id='line_1_26' title="bbox 661 3483 3234 3567; baseline 0 -22"><span class='ocrx_word' id='word_1_168' title='bbox 661 3485 948 3564; x_wconf 88' lang='lat' dir='ltr'>quando</span> <span class='ocrx_word' id='word_1_169' title='bbox 1013 3505 1152 3546; x_wconf 86' lang='lat' dir='ltr'>non</span> <span class='ocrx_word' id='word_1_170' title='bbox 1213 3483 1406 3548; x_wconf 89' lang='lat' dir='ltr'>fosse</span> <span class='ocrx_word' id='word_1_171' title='bbox 1467 3505 1600 3566; x_wconf 89' lang='lat' dir='ltr'>per</span> <span class='ocrx_word' id='word_1_172' title='bbox 1659 3487 1905 3548; x_wconf 88' lang='lat' dir='ltr'>venire</span> <span class='ocrx_word' id='word_1_173' title='bbox 1968 3488 2107 3550; x_wconf 89' lang='lat' dir='ltr'>alla</span> <span class='ocrx_word' id='word_1_174' title='bbox 2160 3486 2403 3556; x_wconf 87' lang='lat' dir='ltr'>Dieta;</span> <span class='ocrx_word' id='word_1_175' title='bbox 2470 3505 2546 3548; x_wconf 87' lang='lat' dir='ltr'>se</span> <span class='ocrx_word' id='word_1_176' title='bbox 2608 3487 2789 3548; x_wconf 81' lang='lat' dir='ltr'>altre</span> <span class='ocrx_word' id='word_1_177' title='bbox 2838 3483 3234 3567; x_wconf 87' lang='lat' dir='ltr'>provisioni</span> 
     </span>
     <span class='ocr_line' id='line_1_27' title="bbox 663 3591 3236 3673; baseline 0.001 -21"><span class='ocrx_word' id='word_1_178' title='bbox 663 3591 1194 3672; x_wconf 82' lang='lat' dir='ltr'>bisogneranno</span> <span class='ocrx_word' id='word_1_179' title='bbox 1244 3613 1384 3655; x_wconf 90' lang='lat' dir='ltr'>non</span> <span class='ocrx_word' id='word_1_180' title='bbox 1437 3593 1505 3653; x_wconf 90' lang='lat' dir='ltr'>vi</span> <span class='ocrx_word' id='word_1_181' title='bbox 1551 3593 1612 3654; x_wconf 90' lang='lat' dir='ltr'>si</span> <span class='ocrx_word' id='word_1_182' title='bbox 1661 3591 2044 3656; x_wconf 77' lang='lat' dir='ltr'>manchera</span> <span class='ocrx_word' id='word_1_183' title='bbox 2093 3593 2165 3654; x_wconf 92' lang='lat' dir='ltr'>di</span> <span class='ocrx_word' id='word_1_184' title='bbox 2212 3594 2487 3672; x_wconf 82' lang='lat' dir='ltr'>alcuna,</span> <span class='ocrx_word' id='word_1_185' title='bbox 2538 3601 2721 3654; x_wconf 85' lang='lat' dir='ltr'>state</span> <span class='ocrx_word' id='word_1_186' title='bbox 2770 3612 2906 3673; x_wconf 89' lang='lat' dir='ltr'>pur</span> <span class='ocrx_word' id='word_1_187' title='bbox 2940 3592 3013 3654; x_wconf 87' lang='lat' dir='ltr'>di</span> <span class='ocrx_word' id='word_1_188' title='bbox 3041 3594 3236 3655; x_wconf 88' lang='lat' dir='ltr'>bono</span> 
     </span>
     <span class='ocr_line' id='line_1_28' title="bbox 661 3697 3231 3781; baseline 0 -21"><span class='ocrx_word' id='word_1_189' title='bbox 661 3697 930 3778; x_wconf 80' lang='lat' dir='ltr'>anime,</span> <span class='ocrx_word' id='word_1_190' title='bbox 982 3709 1054 3760; x_wconf 92' lang='lat' dir='ltr'>et</span> <span class='ocrx_word' id='word_1_191' title='bbox 1099 3699 1450 3781; x_wconf 82' lang='lat' dir='ltr'>segnitate</span> <span class='ocrx_word' id='word_1_192' title='bbox 1501 3699 2280 3778; x_wconf 79' lang='lat' dir='ltr'>animosissimamente,</span> <span class='ocrx_word' id='word_1_193' title='bbox 2332 3719 2613 3781; x_wconf 88' lang='lat' dir='ltr'>sempre</span> <span class='ocrx_word' id='word_1_194' title='bbox 2662 3700 2839 3781; x_wconf 79' lang='lat' dir='ltr'>pero</span> <span class='ocrx_word' id='word_1_195' title='bbox 2889 3719 3023 3761; x_wconf 89' lang='lat' dir='ltr'>con</span> <span class='ocrx_word' id='word_1_196' title='bbox 3070 3719 3231 3780; x_wconf 88' lang='lat' dir='ltr'>pru-</span> 
     </span>
     <span class='ocr_line' id='line_1_29' title="bbox 663 3805 3239 3887; baseline -0 -20"><span class='ocrx_word' id='word_1_197' title='bbox 663 3805 907 3869; x_wconf 90' lang='lat' dir='ltr'>dentia</span> <span class='ocrx_word' id='word_1_198' title='bbox 969 3814 1039 3869; x_wconf 91' lang='lat' dir='ltr'>et</span> <span class='ocrx_word' id='word_1_199' title='bbox 1106 3807 1455 3870; x_wconf 89' lang='lat' dir='ltr'>modestia</span> <span class='ocrx_word' id='word_1_200' title='bbox 1524 3817 1594 3870; x_wconf 95' lang='lat' dir='ltr'>et</span> <span class='ocrx_word' id='word_1_201' title='bbox 1655 3817 1839 3870; x_wconf 88' lang='lat' dir='ltr'>tutto</span> <span class='ocrx_word' id='word_1_202' title='bbox 1901 3807 2049 3869; x_wconf 86' lang='lat' dir='ltr'>fate</span> <span class='ocrx_word' id='word_1_203' title='bbox 2118 3807 2412 3869; x_wconf 87' lang='lat' dir='ltr'>insieme</span> <span class='ocrx_word' id='word_1_204' title='bbox 2462 3808 2574 3869; x_wconf 93' lang='lat' dir='ltr'>col</span> <span class='ocrx_word' id='word_1_205' title='bbox 2622 3805 3115 3887; x_wconf 81' lang='lat' dir='ltr'>protonotario</span> <span class='ocrx_word' id='word_1_206' title='bbox 3164 3815 3239 3868; x_wconf 90' lang='lat' dir='ltr'>et</span> 
     </span>
     <span class='ocr_line' id='line_1_30' title="bbox 661 3911 3235 3995; baseline 0 -21"><span class='ocrx_word' id='word_1_207' title='bbox 661 3913 1176 3977; x_wconf 88' lang='lat' dir='ltr'>communicato</span> <span class='ocrx_word' id='word_1_208' title='bbox 1227 3914 1544 3978; x_wconf 83' lang='lat' dir='ltr'>consilio.</span> <span class='ocrx_word' id='word_1_209' title='bbox 1628 3915 1899 3978; x_wconf 84' lang='lat' dir='ltr'>Instate</span> <span class='ocrx_word' id='word_1_210' title='bbox 1960 3915 2503 3976; x_wconf 87' lang='lat' dir='ltr'>ardentemente</span> <span class='ocrx_word' id='word_1_211' title='bbox 2568 3933 2911 3995; x_wconf 85' lang='lat' dir='ltr'>appresso</span> <span class='ocrx_word' id='word_1_212' title='bbox 2972 3911 3235 3975; x_wconf 69' lang='lat' dir='ltr'>Cesar-e</span> 
     </span>
     <span class='ocr_line' id='line_1_31' title="bbox 663 4019 3231 4102; baseline -0 -20"><span class='ocrx_word' id='word_1_213' title='bbox 663 4031 732 4084; x_wconf 88' lang='lat' dir='ltr'>et</span> <span class='ocrx_word' id='word_1_214' title='bbox 781 4021 998 4102; x_wconf 88' lang='lat' dir='ltr'>quelli</span> <span class='ocrx_word' id='word_1_215' title='bbox 1048 4019 1340 4101; x_wconf 87' lang='lat' dir='ltr'>Signori</span> <span class='ocrx_word' id='word_1_216' title='bbox 1373 4021 1694 4102; x_wconf 89' lang='lat' dir='ltr'>Principi</span> <span class='ocrx_word' id='word_1_217' title='bbox 1721 4021 2043 4100; x_wconf 87' lang='lat' dir='ltr'>Elettori,</span> <span class='ocrx_word' id='word_1_218' title='bbox 2095 4022 2227 4083; x_wconf 90' lang='lat' dir='ltr'>che</span> <span class='ocrx_word' id='word_1_219' title='bbox 2270 4020 2531 4083; x_wconf 87' lang='lat' dir='ltr'>Cesare</span> <span class='ocrx_word' id='word_1_220' title='bbox 2581 4034 2653 4083; x_wconf 92' lang='lat' dir='ltr'>et</span> <span class='ocrx_word' id='word_1_221' title='bbox 2701 4021 2839 4084; x_wconf 89' lang='lat' dir='ltr'>essi</span> <span class='ocrx_word' id='word_1_222' title='bbox 2890 4041 3027 4082; x_wconf 91' lang='lat' dir='ltr'>non</span> <span class='ocrx_word' id='word_1_223' title='bbox 3078 4039 3231 4100; x_wconf 89' lang='lat' dir='ltr'>per-</span> 
     </span>
     <span class='ocr_line' id='line_1_32' title="bbox 658 4127 3235 4211; baseline 0 -22"><span class='ocrx_word' id='word_1_224' title='bbox 658 4137 975 4189; x_wconf 88' lang='lat' dir='ltr'>mettano</span> <span class='ocrx_word' id='word_1_225' title='bbox 1025 4137 1212 4190; x_wconf 91' lang='lat' dir='ltr'>sotto</span> <span class='ocrx_word' id='word_1_226' title='bbox 1262 4137 1463 4190; x_wconf 88' lang='lat' dir='ltr'>tanto</span> <span class='ocrx_word' id='word_1_227' title='bbox 1515 4129 1955 4211; x_wconf 79' lang='lat' dir='ltr'>Imperatore</span> <span class='ocrx_word' id='word_1_228' title='bbox 2004 4140 2075 4190; x_wconf 93' lang='lat' dir='ltr'>et</span> <span class='ocrx_word' id='word_1_229' title='bbox 2122 4131 2177 4190; x_wconf 77' lang='lat' dir='ltr'>sl</span> <span class='ocrx_word' id='word_1_230' title='bbox 2244 4127 2455 4189; x_wconf 89' lang='lat' dir='ltr'>felice</span> <span class='ocrx_word' id='word_1_231' title='bbox 2524 4138 2593 4189; x_wconf 93' lang='lat' dir='ltr'>et</span> <span class='ocrx_word' id='word_1_232' title='bbox 2668 4129 2941 4208; x_wconf 85' lang='lat' dir='ltr'>grande</span> <span class='ocrx_word' id='word_1_233' title='bbox 3009 4128 3235 4209; x_wconf 88' lang='lat' dir='ltr'>Impe-</span> 
     </span>
     <span class='ocr_line' id='line_1_33' title="bbox 659 4233 3233 4316; baseline 0.001 -22"><span class='ocrx_word' id='word_1_234' title='bbox 659 4233 764 4296; x_wconf 92' lang='lat' dir='ltr'>rio</span> <span class='ocrx_word' id='word_1_235' title='bbox 816 4243 886 4296; x_wconf 92' lang='lat' dir='ltr'>et</span> <span class='ocrx_word' id='word_1_236' title='bbox 933 4255 974 4296; x_wconf 88' lang='lat' dir='ltr'>a</span> <span class='ocrx_word' id='word_1_237' title='bbox 1023 4244 1265 4316; x_wconf 89' lang='lat' dir='ltr'>tempo</span> <span class='ocrx_word' id='word_1_238' title='bbox 1316 4237 1468 4297; x_wconf 90' lang='lat' dir='ltr'>loro</span> <span class='ocrx_word' id='word_1_239' title='bbox 1535 4236 1604 4297; x_wconf 90' lang='lat' dir='ltr'>la</span> <span class='ocrx_word' id='word_1_240' title='bbox 1653 4233 2070 4313; x_wconf 84' lang='lat' dir='ltr'>Germania,</span> <span class='ocrx_word' id='word_1_241' title='bbox 2134 4237 2346 4315; x_wconf 83' lang='lat' dir='ltr'>quale</span> <span class='ocrx_word' id='word_1_242' title='bbox 2404 4255 2683 4315; x_wconf 87' lang='lat' dir='ltr'>sempre</span> <span class='ocrx_word' id='word_1_243' title='bbox 2735 4235 2773 4296; x_wconf 74' lang='grc' dir='ltr'>ὲ</span> <span class='ocrx_word' id='word_1_244' title='bbox 2826 4245 3013 4297; x_wconf 83' lang='lat' dir='ltr'>stata</span> <span class='ocrx_word' id='word_1_245' title='bbox 3077 4233 3233 4296; x_wconf 85' lang='lat' dir='ltr'>reli·</span> 
     </span>
     <span class='ocr_line' id='line_1_34' title="bbox 661 4339 3233 4422; baseline 0.001 -21"><span class='ocrx_word' id='word_1_246' title='bbox 661 4340 1060 4421; x_wconf 81' lang='lat' dir='ltr'>giosissima</span> <span class='ocrx_word' id='word_1_247' title='bbox 1110 4353 1180 4404; x_wconf 90' lang='lat' dir='ltr'>et</span> <span class='ocrx_word' id='word_1_248' title='bbox 1229 4341 1708 4406; x_wconf 85' lang='lat' dir='ltr'>defensatrice</span> <span class='ocrx_word' id='word_1_249' title='bbox 1757 4342 1949 4405; x_wconf 92' lang='lat' dir='ltr'>della</span> <span class='ocrx_word' id='word_1_250' title='bbox 1999 4342 2255 4404; x_wconf 84' lang='lat' dir='ltr'>Chiesa</span> <span class='ocrx_word' id='word_1_251' title='bbox 2305 4341 2641 4404; x_wconf 87' lang='lat' dir='ltr'>Romana</span> <span class='ocrx_word' id='word_1_252' title='bbox 2692 4350 2762 4403; x_wconf 90' lang='lat' dir='ltr'>et</span> <span class='ocrx_word' id='word_1_253' title='bbox 2812 4339 3004 4404; x_wconf 90' lang='lat' dir='ltr'>Sede</span> <span class='ocrx_word' id='word_1_254' title='bbox 3040 4343 3233 4422; x_wconf 89' lang='lat' dir='ltr'>Apo-</span> 
     </span>
     <span class='ocr_line' id='line_1_35' title="bbox 659 4435 3232 4530; baseline 0.001 -22"><span class='ocrx_word' id='word_1_255' title='bbox 659 4447 912 4510; x_wconf 82' lang='lat' dir='ltr'>stolica</span> <span class='ocrx_word' id='word_1_256' title='bbox 961 4458 1032 4510; x_wconf 93' lang='lat' dir='ltr'>et</span> <span class='ocrx_word' id='word_1_257' title='bbox 1081 4451 1211 4511; x_wconf 87' lang='lat' dir='ltr'>che</span> <span class='ocrx_word' id='word_1_258' title='bbox 1262 4469 1389 4530; x_wconf 92' lang='lat' dir='ltr'>per</span> <span class='ocrx_word' id='word_1_259' title='bbox 1437 4451 1536 4512; x_wconf 91' lang='lat' dir='ltr'>tal</span> <span class='ocrx_word' id='word_1_260' title='bbox 1586 4458 1801 4510; x_wconf 90' lang='lat' dir='ltr'>conto</span> <span class='ocrx_word' id='word_1_261' title='bbox 1852 4447 1889 4510; x_wconf 75' lang='lat' dir='ltr'>e</span> <span class='ocrx_word' id='word_1_262' title='bbox 1939 4457 2124 4511; x_wconf 86' lang='lat' dir='ltr'>stata</span> <span class='ocrx_word' id='word_1_263' title='bbox 2172 4458 2424 4511; x_wconf 87' lang='lat' dir='ltr'>ornata</span> <span class='ocrx_word' id='word_1_264' title='bbox 2474 4448 2642 4510; x_wconf 86' lang='lat' dir='ltr'>dalli</span> <span class='ocrx_word' id='word_1_265' title='bbox 2692 4447 2962 4510; x_wconf 80' lang='lat' dir='ltr'>Summi</span> <span class='ocrx_word' id='word_1_266' title='bbox 2982 4435 3232 4511; x_wconf 55' lang='lat' dir='ltr'>&#39;Ponti—</span> 
     </span>
     <span class='ocr_line' id='line_1_36' title="bbox 659 4553 3233 4638; baseline 0.001 -23"><span class='ocrx_word' id='word_1_267' title='bbox 659 4553 773 4616; x_wconf 90' lang='lat' dir='ltr'>fici</span> <span class='ocrx_word' id='word_1_268' title='bbox 845 4555 1034 4616; x_wconf 91' lang='lat' dir='ltr'>dello</span> <span class='ocrx_word' id='word_1_269' title='bbox 1108 4555 1414 4637; x_wconf 88' lang='lat' dir='ltr'>Imperio</span> <span class='ocrx_word' id='word_1_270' title='bbox 1488 4565 1557 4618; x_wconf 89' lang='lat' dir='ltr'>et</span> <span class='ocrx_word' id='word_1_271' title='bbox 1629 4555 1819 4618; x_wconf 91' lang='lat' dir='ltr'>della</span> <span class='ocrx_word' id='word_1_272' title='bbox 1890 4555 2279 4632; x_wconf 86' lang='lat' dir='ltr'>Elettione‚</span> <span class='ocrx_word' id='word_1_273' title='bbox 2359 4565 2735 4637; x_wconf 84' lang='lat' dir='ltr'>postposta</span> <span class='ocrx_word' id='word_1_274' title='bbox 2806 4556 2977 4638; x_wconf 84' lang='lat' dir='ltr'>ogni</span> <span class='ocrx_word' id='word_1_275' title='bbox 3048 4557 3233 4618; x_wconf 86' lang='lat' dir='ltr'>altra</span> 
     </span>
     <span class='ocr_line' id='line_1_37' title="bbox 662 4660 3232 4745; baseline 0.002 -22"><span class='ocrx_word' id='word_1_276' title='bbox 662 4660 966 4723; x_wconf 83' lang='lat' dir='ltr'>Natione</span> <span class='ocrx_word' id='word_1_277' title='bbox 1029 4671 1101 4723; x_wconf 91' lang='lat' dir='ltr'>et</span> <span class='ocrx_word' id='word_1_278' title='bbox 1149 4662 1352 4724; x_wconf 86' lang='lat' dir='ltr'>Italia</span> <span class='ocrx_word' id='word_1_279' title='bbox 1402 4673 1662 4743; x_wconf 85' lang='lat' dir='ltr'>stessa‚</span> <span class='ocrx_word' id='word_1_280' title='bbox 1728 4664 1907 4725; x_wconf 88' lang='lat' dir='ltr'>hora</span> <span class='ocrx_word' id='word_1_281' title='bbox 1955 4683 1997 4724; x_wconf 93' lang='lat' dir='ltr'>a</span> <span class='ocrx_word' id='word_1_282' title='bbox 2045 4673 2253 4745; x_wconf 88' lang='lat' dir='ltr'>posta</span> <span class='ocrx_word' id='word_1_283' title='bbox 2316 4663 2404 4724; x_wconf 90' lang='lat' dir='ltr'>de</span> <span class='ocrx_word' id='word_1_284' title='bbox 2460 4665 2599 4725; x_wconf 92' lang='lat' dir='ltr'>duo</span> <span class='ocrx_word' id='word_1_285' title='bbox 2650 4685 2691 4725; x_wconf 93' lang='lat' dir='ltr'>o</span> <span class='ocrx_word' id='word_1_286' title='bbox 2744 4675 2850 4726; x_wconf 86' lang='lat' dir='ltr'>tre</span> <span class='ocrx_word' id='word_1_287' title='bbox 2900 4664 3232 4727; x_wconf 85' lang='lat' dir='ltr'>scelerati</span> 
     </span>
     <span class='ocr_line' id='line_1_38' title="bbox 661 4767 3229 4844; baseline 0.002 -16"><span class='ocrx_word' id='word_1_288' title='bbox 661 4767 918 4831; x_wconf 88' lang='lat' dir='ltr'>ribaldi</span> <span class='ocrx_word' id='word_1_289' title='bbox 965 4768 1260 4831; x_wconf 89' lang='lat' dir='ltr'>heretici</span> <span class='ocrx_word' id='word_1_290' title='bbox 1311 4770 1572 4834; x_wconf 88' lang='lat' dir='ltr'>declini</span> <span class='ocrx_word' id='word_1_291' title='bbox 1623 4770 1815 4832; x_wconf 89' lang='lat' dir='ltr'>dalla</span> <span class='ocrx_word' id='word_1_292' title='bbox 1849 4768 2073 4832; x_wconf 88' lang='lat' dir='ltr'>Santa</span> <span class='ocrx_word' id='word_1_293' title='bbox 2106 4770 2440 4832; x_wconf 87' lang='lat' dir='ltr'>Romana</span> <span class='ocrx_word' id='word_1_294' title='bbox 2490 4779 2561 4832; x_wconf 93' lang='lat' dir='ltr'>et</span> <span class='ocrx_word' id='word_1_295' title='bbox 2595 4769 2963 4833; x_wconf 87' lang='lat' dir='ltr'>Catholica</span> <span class='ocrx_word' id='word_1_296' title='bbox 2997 4770 3229 4844; x_wconf 85' lang='lat' dir='ltr'>Fede;</span> 
     </span>
     <span class='ocr_line' id='line_1_39' title="bbox 661 4875 3231 4957; baseline 0.001 -19"><span class='ocrx_word' id='word_1_297' title='bbox 661 4885 732 4938; x_wconf 91' lang='lat' dir='ltr'>et</span> <span class='ocrx_word' id='word_1_298' title='bbox 794 4875 1307 4957; x_wconf 87' lang='lat' dir='ltr'>persuadeteli‚</span> <span class='ocrx_word' id='word_1_299' title='bbox 1377 4879 1508 4940; x_wconf 87' lang='lat' dir='ltr'>che</span> <span class='ocrx_word' id='word_1_300' title='bbox 1565 4879 1743 4940; x_wconf 86' lang='lat' dir='ltr'>detti</span> <span class='ocrx_word' id='word_1_301' title='bbox 1794 4877 2089 4940; x_wconf 89' lang='lat' dir='ltr'>heretici</span> <span class='ocrx_word' id='word_1_302' title='bbox 2137 4897 2279 4940; x_wconf 88' lang='lat' dir='ltr'>non</span> <span class='ocrx_word' id='word_1_303' title='bbox 2330 4885 2526 4939; x_wconf 88' lang='lat' dir='ltr'>tanto</span> <span class='ocrx_word' id='word_1_304' title='bbox 2578 4898 2882 4940; x_wconf 88' lang='lat' dir='ltr'>cercano</span> <span class='ocrx_word' id='word_1_305' title='bbox 2932 4886 3231 4940; x_wconf 88' lang='lat' dir='ltr'>mettere</span> 
     </span>
    </p>
   </div>
   <div class='ocr_carea' id='block_1_12' title="bbox 3571 638 3575 3752">
    <p class='ocr_par' dir='ltr' id='par_1_14' title="bbox 3571 638 3575 3752">
     <span class='ocr_line' id='line_1_40' title="bbox 3571 638 3575 3752; baseline 0 0"><span class='ocrx_word' id='word_1_306' title='bbox 3571 638 3575 3752; x_wconf 95' lang='lat' dir='ltr'> </span> 
     </span>
    </p>
   </div>
  </div>
 </body>
</html>
