3575 5775
1679 567 2101 625 0434&

1854 734 1895 797 2

1181 841 1449 923 Salvus
1507 844 1897 923 conductus
1954 842 2168 920 datus
2224 840 2600 919 Aloandm.

1455 974 1622 1042 (Auta
1655 970 2087 1030 Womaoiensia
2122 969 2217 1028 fol..
2256 970 2331 1040 3.)

1639 1074 1749 1141 (20.
1787 1074 1923 1138 Julii
1967 1070 2144 1140 1520.)

787 1182 935 1243 Leo
985 1182 1382 1263 Episcopus
1430 1178 1697 1244 Servus
1731 1178 2117 1243 Servorum
2156 1179 2314 1258 Dei,
2350 1178 2722 1240 Universis
2756 1188 2829 1239 et
2872 1176 3212 1257 singuliS.

609 1285 700 1350 ad
751 1309 926 1370 quos
971 1298 1392 1370 praesentes
1439 1288 1922 1371 pervenerint,
1972 1289 2271 1350 salutem
2320 1296 2390 1349 et
2448 1285 2911 1368 apostolicam
2962 1287 3171 1347 bene-

610 1394 1011 1458 dictionem.
1107 1395 1280 1458 Cum
1331 1396 1667 1457 dilectum
1711 1394 1933 1457 filium
1982 1394 2491 1475 Hieronymum
2542 1392 2985 1455 Aleandrum
3034 1390 3170 1453 No-

608 1502 861 1565 tarium
929 1513 999 1565 et
1047 1502 1680 1565 Bibliothecarium
1743 1511 2060 1564 nostrum
2124 1504 2217 1563 ob
2268 1502 2491 1563 ardua
2540 1509 2611 1562 et
2654 1498 2870 1561 fidem
2920 1497 3171 1561 Catho-

607 1609 814 1671 licam
885 1618 1283 1691 statumque
1347 1608 1790 1672 Christianae
1839 1607 2206 1671 Ecclesiae
2277 1606 2779 1669 concernentia
2848 1604 3172 1686 negocia,

606 1716 700 1778 ad
740 1716 1223 1779 charissimum
1258 1716 1328 1778 in
1371 1715 1652 1778 Christo
1699 1714 1919 1777 filium
1968 1724 2282 1777 nostrum
2317 1713 2647 1777 Carolum
2681 1712 3173 1775 Romanorum

609 1834 679 1885 et
726 1823 1232 1904 Hispaniarum
1280 1840 1526 1902 regem
1575 1821 2017 1885 Catholicum
2064 1820 2134 1884 in
2165 1822 2675 1903 Imperatorem
2728 1821 3051 1899 electum,
3103 1829 3175 1880 et

607 1931 886 2012 aliquos
911 1930 1088 1993 alios
1115 1929 1538 1993 christianos
1569 1928 1934 2011 principes
1964 1929 2313 1991 Nuncium
2350 1938 2420 1990 et
2452 1936 2807 1990 oratorem
2838 1926 3173 1989 Nostrum

608 2036 983 2117 mittamuS,
1049 2036 1504 2099 devotionem
1555 2046 1867 2101 vestram
1918 2046 1989 2099 et
2034 2046 2352 2099 vestrum
2408 2034 2727 2116 singulos
2788 2035 3173 2114 hortamur,

607 2144 908 2207 subditis
974 2164 1146 2207 vero
1209 2144 1470 2207 nostris
1537 2153 1608 2207 et
1675 2145 1991 2225 gentium
2059 2144 2569 2223 armigerorum
2637 2140 3032 2221 capitaneis
3100 2150 3171 2201 et

609 2250 1022 2313 ductoribus
1048 2271 1180 2314 nec
1219 2272 1358 2314 non
1402 2250 1738 2314 militibus
1779 2253 1869 2313 ad
1893 2250 2155 2313 Nostra
2195 2260 2264 2313 et
2282 2250 2391 2311 5⁸⁰
2412 2248 2787 2310 Romanae
2809 2247 3172 2310 Ecclesiae

608 2357 964 2438 stipendia
981 2357 1249 2421 militan
1260 2358 1466 2439 tibus,
1491 2361 1622 2420 sub
1649 2357 2159 2439 indignationis
2185 2366 2470 2419 nostrae
2496 2376 2734 2437 poena
2757 2357 3173 2417 mandamus

608 2475 684 2526 ut
731 2465 1173 2545 praedictum
1205 2464 1719 2547 Hieronymum
1769 2485 1927 2528 cum
1976 2464 2119 2527 suis
2168 2463 2543 2526 comitibus
2589 2462 3054 2525 familiaribus
3104 2472 3173 2523 et

609 2571 1101 2649 servitoribuS,
1170 2591 1302 2634 nec
1369 2592 1506 2633 non
1559 2571 1702 2634 suis
1751 2569 2011 2635 Salmis
2060 2581 2131 2633 et
2183 2570 2445 2651 bulgiis
2496 2570 2763 2632 valisiis
2827 2580 2899 2633 et
2958 2572 3173 2632 rebus

608 2676 765 2739 aliis
824 2698 957 2759 per
1021 2697 1268 2740 omnes
1330 2678 1656 2741 civitates
1716 2687 1945 2741 terras
1994 2688 2250 2760 pontes
2298 2698 2553 2758 passus
2601 2687 2849 2758 portus
2896 2686 2969 2738 et
3016 2678 3175 2739 loca

609 2784 971 2864 quaelibet
1010 2794 1152 2846 tam
1187 2796 1430 2847 nostra
1489 2805 1699 2866 quam
1749 2798 2010 2862 vestra,
2060 2787 2331 2866 absque
2380 2783 2676 2847 alicuius
2726 2783 2909 2846 dacii
2959 2785 3172 2865 peda-

609 2890 707 2971 gii
770 2894 1100 2970 gabellae
1159 2895 1586 2956 bulletarum
1632 2893 1932 2976 portorii
1980 2892 2391 2956 fundinavis
2440 2902 2561 2954 aut
2607 2893 2897 2956 alterius
2954 2891 3171 2953 cuius·

609 2999 716 3060 vis
763 2999 1012 3061 indicti
1060 3001 1176 3062 vel
1223 3000 1584 3064 indicendi
1633 2999 1871 3063 oneris
1934 3001 2313 3072 solutione:
2384 3001 2485 3062 ire
2552 2999 2811 3062 morari
2874 2998 3175 3061 transire

604 3106 982 3188 redireque
1049 3127 1297 3169 secure
1345 3108 1713 3189 libereque
1761 3107 2215 3189 permittatiS,
2266 3109 2677 3188 nullumque
2724 3105 2957 3168 eidem
3004 3105 3171 3167 Hie-

607 3233 907 3295 ronymo
957 3223 1030 3276 et
1077 3214 1220 3276 suis
1267 3215 1654 3295 praedictis
1702 3215 1772 3276 in
1824 3235 2134 3296 persona
2182 3215 2333 3276 sive
2381 3215 2587 3277 bonis
2626 3214 3021 3276 molestiam
3054 3213 3172 3274 im-

607 3319 1092 3401 pedimentum
1157 3321 1309 3384 sive
1373 3323 1703 3383 damnum
1771 3321 2025 3402 quovis
2092 3324 2301 3384 modo
2368 3321 2692 3384 inferatis
2752 3341 2879 3382 seu
2927 3320 3173 3382 inferri

609 3427 1064 3507 permittatis;
1134 3427 1302 3508 quin
1365 3427 1504 3490 imo
1567 3429 1657 3490 de
1715 3428 1987 3490 itineris
2036 3428 2419 3490 securitate
2468 3428 2882 3508 viarumque
2931 3429 3172 3489 ducto-

610 3533 826 3612 ribus,
875 3534 934 3595 si
969 3553 1148 3615 opus
1177 3533 1393 3596 fuerit
1424 3545 1494 3595 et
1527 3535 2030 3616 requirendum
2079 3536 2386 3616 duxerit,
2435 3535 2535 3597 ita
2581 3535 2895 3616 benigne
2947 3555 3172 3616 prom-

611 3649 876 3723 pteque
923 3641 1383 3722 provideatis,
1438 3651 1589 3703 ut'a
1636 3642 1842 3704 nobis
1874 3639 2283 3723 Sanctaque
2330 3643 2463 3703 hac
2514 3639 2704 3703 Sede
2754 3643 3175 3723 Apostolica

609 3747 895 3828 possitis
951 3748 1201 3810 merito
1259 3750 1759 3812 commendari.
1855 3751 2117 3813 Datum
2163 3749 2447 3814 Romae
2496 3751 2685 3830 apud
2736 3749 2809 3812 S.
2860 3752 3172 3830 Petrum,

610 3875 796 3917 anno
823 3855 1340 3917 Incarnationis
1363 3855 1780 3918 Dominicae
1805 3856 2179 3920 Millesimo
2207 3857 2776 3939 quingentesimo
2805 3856 3172 3930 vicesimo:

610 3961 1101 4024 tertiodecimo
1150 3962 1294 4023 kal.
1347 3963 1676 4044 Augusti.
1736 3963 2203 4026 Pontificatus
2251 3963 2474 4026 nostri
2523 3984 2709 4026 anno
2760 3975 3038 4027 octavo,

2428 4079 2603 4140 Bal-¹.
2643 4079 2713 4142 de
2750 4080 2959 4142 risela.

1686 4169 1707 4178 a
1726 4167 1888 4178 -rs--vx-xrxae
1912 4168 1929 4177 x
1945 4168 1977 4177 υ»
1990 4168 2050 4177 um*
2075 4169 2095 4176 a-

1854 4346 1895 4410 3

1292 4455 1423 4534 Leo
1483 4454 1567 4535 X.
1623 4453 2054 4553 Hieronymo
2110 4455 2486 4538 Aleandm.

1443 4585 1612 4654 (Acta
1648 4583 1919 4642 wax-maa
1956 4583 2046 4644 fol.
2083 4584 2116 4644 3
2152 4587 2357 4659 tergo.)

1643 4685 1754 4752 (16.
1791 4685 1927 4751 Julii
1972 4685 2144 4749 1520.)

793 4793 939 4856 Leo
1004 4793 1240 4874 Epise.
1309 4790 1576 4856 Servus
1639 4791 1928 4856 Servor.
1979 4794 2143 4875 Dei,
2210 4795 2470 4857 dilecto
2536 4794 2682 4858 filio
2732 4795 3173 4879 Hieronymo

613 4898 981 4961 Aleandro
1049 4899 1472 4979 Praeposito
1545 4900 1911 4964 Ecclesiae
1982 4899 2226 4964 Sancti
2297 4901 2593 4980 Joannis
2669 4903 3173 4984 Evangelistae
