3575 5775
1712 588 2137 643 0432&

638 734 769 795 hos
835 742 1072 796 tantos
1133 732 1264 794 sibi
1327 733 1784 813 arrogantiae
1847 734 2137 814 spiritus
2200 733 2601 813 sumpsisse.
2700 732 2844 796 Sed
2909 755 3037 797 nos
3089 734 3207 815 qui

641 840 1031 903 nobilitatis
1079 852 1242 902 tuae
1293 840 1662 922 egregiam
1711 842 2045 905 virtutem
2094 842 2383 920 dignam
2416 860 2686 920 genere
2720 853 2790 904 et
2826 842 3208 923 majoribus

639 947 806 1027 tuiS,
865 967 1162 1028 quorum
1212 946 1590 1027 singularis
1639 968 1921 1029 semper
1970 946 2205 1011 extitit
2254 947 2323 1009 in
2375 948 2830 1012 christianam
2878 948 3090 1011 fidem
3138 959 3209 1010 et

639 1065 956 1119 sanctam
1019 1058 1264 1118 sedem
1326 1056 1793 1137 apostolicam
1854 1058 2219 1138 voluntaS,
2289 1056 2500 1119 etiam
2558 1057 2628 1118 in
2678 1058 2915 1147 multis
2962 1066 3209 1120 contra

638 1162 1040 1225 haereticos
1071 1174 1142 1225 et
1171 1163 1481 1226 Boemos
1511 1164 2089 1227 contentionibus
2122 1166 2578 1244 declaratam,
2623 1164 2883 1245 quique
2917 1164 3205 1245 promis·

638 1269 874 1331 siones
935 1279 1094 1332 tuas
1153 1272 1405 1350 plenas
1454 1270 1751 1332 Pietatis
1816 1279 1888 1332 et
1950 1271 2391 1334 constantiae
2449 1270 2713 1333 dilecto
2774 1270 2916 1333 filio
2966 1282 3207 1332 nostro

639 1377 953 1439 Thomae
984 1376 1345 1440 Cardinali
1393 1379 1620 1440 sancti
1657 1375 1843 1440 Sixti
1875 1378 2138 1441 Nostro
2187 1388 2335 1440 tum
2383 1378 2453 1440 in
2504 1376 2895 1440 Germania
2930 1378 3207 1459 Legato

637 1494 709 1545 et
757 1503 886 1564 per
936 1504 1096 1547 eum
1143 1486 1350 1547 nobis
1397 1484 1625 1547 factas
1675 1485 2219 1549 memineramus
2269 1486 2524 1567 quibus
2555 1486 2891 1567 recepisti
2921 1497 2992 1547 te
3024 1488 3207 1549 hunc

637 1592 992 1655 hominem
1041 1594 1366 1673 laturum,
1417 1594 1580 1657 dum
1633 1614 1793 1656 eum
1825 1591 2054 1657 Sedes
2104 1594 2501 1677 apostolica
2550 1614 2691 1656 non
2726 1595 3207 1674 reprobasset,

639 1701 830 1781 quod
893 1699 951 1761 si
1009 1699 1275 1762 factum
1337 1712 1527 1763 esset
1588 1709 1658 1763 te
1709 1703 1975 1763 nullum
2022 1700 2124 1763 illi
2174 1702 2475 1782 amplius
2542 1700 2864 1764 favorem
2932 1701 3206 1781 praebi-

637 1818 897 1870 turum:
971 1806 1449 1887 Cupiebamus
1499 1816 1839 1889 quantum
1888 1829 2045 1871 cum
2077 1810 2387 1872 Domino
2420 1808 2701 1889 licebat,
2751 1807 2944 1869 illum
2980 1818 3052 1869 et
3080 1807 3209 1869 tibi

633 1915 705 1977 in
767 1915 1174 1977 domesticis
1241 1924 1315 1978 et
1376 1915 1843 1980 familiaribus
1908 1936 2063 1980 esse
2128 1927 2200 1980 et
2265 1937 2423 1980 cum
2493 1916 2649 1978 Deo
2706 1936 2790 1977 ac
2839 1915 3209 1978 nobiscum

635 2020 706 2083 in
754 2022 1056 2101 gratiam
1105 2021 1359 2086 redire.
1441 2024 1690 2105 Itaque
1739 2024 1941 2087 testis
1993 2045 2069 2086 es
2116 2024 2293 2105 ipse,
2344 2024 2683 2105 quamdiu
2730 2022 2925 2084 illum
2973 2032 3205 2103 pertu—

635 2128 920 2191 lerimus
967 2130 1282 2210 paternis
1331 2150 1517 2193 nunc
1566 2131 2093 2193 hortationibus
2127 2132 2554 2212 quandoque
2590 2130 2794 2193 minis
2828 2130 3207 2209 monendO,

633 2236 1095 2317 increpando,
1144 2236 1500 2300 interdum
1539 2246 1610 2300 et
1660 2238 1977 2319 benigne
2027 2238 2509 2319 promittendo
2561 2258 2601 2299 a
2650 2248 2849 2299 tanto
2901 2258 3057 2299 eum
3108 2236 3207 2298 fu-

633 2363 796 2406 rore
857 2365 1200 2409 revocare
1264 2346 1518 2409 conati.
1626 2346 2012 2427 Postquam
2076 2366 2247 2408 vero
2310 2342 2633 2407 Sathana
2696 2344 2767 2406 in
2834 2364 2919 2407 eo
2985 2353 3207 2406 totum

630 2450 1006 2533 imperium
1053 2452 1452 2531 obtinente,
1514 2450 1686 2514 nihil
1735 2452 2140 2533 profectum
2190 2465 2297 2513 est
2344 2449 2657 2531 vicitque
2705 2452 2967 2513 malum
3014 2450 3210 2512 virus

634 2559 1014 2640 superbiae
1077 2579 1354 2623 omnem
1405 2559 1770 2622 charitatis
1820 2558 2274 2639 medicinam,
2324 2559 2510 2621 illius
2560 2578 2730 2620 eura
2776 2578 3006 2640 prope
3058 2560 3209 2619 des-

632 2677 915 2748 perata,
976 2668 1251 2748 reliquo
1301 2678 1545 2729 nostro
1596 2667 1860 2729 dilecto
1910 2666 2141 2749 gregi,
2190 2674 2587 2729 metuentes
2637 2685 2727 2728 ne
2776 2664 3211 2747 contagione

587 2777 968 2837 ,morbosa
1030 2772 1324 2856 pecudis
1378 2794 1420 2836 a
1477 2794 1616 2855 qua
1679 2783 1996 2837 tentatus
2058 2782 2196 2853 est,
2263 2772 2547 2853 penitus
2610 2770 3048 2850 inficeretur,
3118 2774 3208 2835 ad

633 2881 912 2945 acriora
973 2881 1289 2944 remedia
1353 2881 1684 2945 duximus
1744 2881 2253 2944 accedendum.
2352 2880 2763 2942 Convocato
2826 2878 3043 2962 igitur
3100 2901 3208 2942 ve-

633 2989 1054 3053 nerabilium
1105 2989 1402 3052 fratrum
1449 3000 1853 3052 nostrorum
1904 2999 2195 3051 sanctae
2237 2989 2613 3050 Romanae
2646 2987 3011 3050 Ecclesiae
3047 2988 3207 3049 (Iar-

637 3097 976 3160 dinalium
1025 3097 1465 3178 aliorumque
1515 3097 2085 3160 doctissimorum
2135 3096 2467 3174 virorum,
2536 3096 2704 3157 item
2752 3094 3207 3175 peritissimo-

635 3225 786 3266 rum
841 3206 1339 3284 theologorum
1391 3224 1473 3264 ac
1522 3203 1590 3265 in
1641 3201 1881 3266 Sacris
1918 3202 2327 3265 Canonibus
2376 3205 2707 3284 omnique
2757 3200 2996 3263 divina
3046 3201 3209 3263 scri—

634 3321 843 3391 ptura
893 3310 1345 3373 Eruditorum
1395 3309 1751 3388 ConciliO,
1821 3311 2091 3372 crebris
2138 3309 2403 3371 habitis
2452 3309 3081 3390 disputationibus,
3134 3329 3209 3369 re

636 3427 788 3480 tota
835 3437 1052 3498 saepe
1101 3416 1471 3498 proposita
1519 3427 1733 3497 atque
1783 3417 2139 3498 discussa,
2207 3418 2493 3478 tandem
2545 3437 2637 3478 ex
2684 3416 3206 3480 innumerabili-

633 3526 767 3586 bus
815 3544 1042 3605 prope
1091 3523 1396 3587 hominis
1443 3525 1647 3604 hujus
1696 3525 2059 3586 erroribus
2109 3526 2451 3605 plurimos
2500 3524 2781 3605 quidem
2844 3523 3011 3586 felle
3064 3521 3205 3586 odii

635 3631 703 3693 in
753 3633 937 3694 hanc
987 3641 1304 3694 sanctam
1355 3632 1596 3694 sedem
1646 3631 1929 3711 tinct05‚
1979 3632 2115 3694 Dei
2165 3631 2505 3714 potestati
2556 3640 2626 3694 et
2673 3633 3060 3712 proborum
3110 3641 3206 3692 at-

635 3759 772 3820 que
822 3759 1209 3820 aequorum
1255 3739 1517 3802 iudicio
1569 3738 1987 3802 dimisimus:
2048 3739 2168 3820 qui
2218 3743 2393 3802 vero'
2438 3759 2578 3800 non
2627 3738 2767 3800 iam
2814 3738 3206 3800 amaritiem

634 3846 760 3908 sed
823 3860 1099 3928 pestem
1161 3846 1373 3909 etiam
1437 3857 1652 3928 atque
1718 3857 2015 3909 mortem
2079 3858 2375 3928 propter
2439 3845 2897 3908 acrimoniam
2947 3844 3205 3907 veneni

633 3953 769 4034 piis
818 3953 1191 4015 animabus
1237 3952 1552 4016 fidelium
1601 3953 1863 4016 afferre
1910 3963 2238 4034 possent,
2305 3973 2428 4016 eos
2477 3953 2547 4015 in
2598 3955 2890 4015 decreto
2940 3962 3206 4030 nostre,

633 4061 822 4141 quod
871 4059 1440 4141 supradictorum
1487 4059 1789 4123 fratrum
1839 4071 2262 4138 nostrorum,
2314 4069 2385 4122 et
2427 4059 2743 4138 aliorum,
2795 4059 2913 4141 qui
2948 4058 3011 4120 ei
3046 4078 3203 4120 con·

632 4166 795 4230 cilio
843 4168 1319 4232 interfuerunt
1369 4167 1937 4230 doctissimorum
1988 4179 2059 4230 et
2109 4167 2637 4230 Catholicorum
2686 4167 2997 4229 virorum
3046 4185 3205 4227 con-

633 4275 768 4337 silii
794 4271 1147 4338 sententia
1174 4275 1460 4352 editum,
1492 4273 1744 4336 litteris
1771 4273 2185 4355 apostolicis
2217 4273 2505 4337 inscribi
2542 4284 2611 4336 et
2640 4274 2837 4334 bulla
2870 4272 3206 4352 plumbea

632 4381 955 4462 insigniri
1021 4383 1388 4462 jussimus,
1462 4402 1555 4443 ex
1629 4381 1879 4444 ordine
1958 4381 2305 4462 perscribi
2382 4380 2871 4443 mandavimus
2947 4377 3203 4459 partim

631 4491 843 4569 plane
894 4488 1296 4552 haereticos
1346 4498 1416 4550 et
1469 4486 1681 4550 fidem
1731 4499 2001 4550 rectam
2048 4499 2567 4570 pervertenteS,
2615 4486 2871 4568 partim
2920 4487 3019 4548 ita
3068 4487 3201 4547 cal·

633 4594 776 4656 lide
840 4605 912 4658 et
979 4595 1180 4658 vafre
1245 4597 1334 4657 ad
1401 4598 1632 4658 bonos
1701 4605 1772 4657 et
1840 4595 2111 4658 animos
2177 4606 2251 4659 et
2314 4615 2547 4658 mores
2616 4594 3203 4657 contaminandos

634 4701 1002 4782 appositos
1018 4751 1036 4783 ,
1108 4711 1184 4765 ut
1252 4722 1515 4782 magna
1582 4723 1672 4765 ex
1739 4703 1850 4764 his
1916 4702 1985 4764 in
2056 4703 2409 4765 mentibus
2476 4701 2978 4784 simpliciorum
3047 4719 3201 4762 cum

635 4809 1060 4872 detrimento
1109 4810 1515 4892 Religionis
1577 4810 1847 4873 oriatur
1908 4808 2385 4892 perturbatio;
2456 4829 2749 4890 quarum
2812 4809 3201 4870 litterarum

635 4919 1041 5000 exemplum
1089 4919 1183 4980 ad
1229 4929 1422 4980 tuam
1473 4917 1916 4981 nobilitatem
1966 4917 2229 4982 deferri
2278 4917 2781 4998 praecipimus,
2848 4915 3035 4976 illam
3084 4935 3200 4996 pa·
