3575 5775
1605 559 2063 632 ‹meme-0

547 707 896 770 Pontifice
931 707 1335 771 desciscunt
1384 708 1588 790 (proh
1622 709 1829 770 dolor
1844 708 1883 790 1)
1931 707 2303 791 imperium
2336 707 2541 770 simul
2576 727 2733 770 cum
2766 706 3114 789 religione

546 835 838 897 prorsus
902 815 1310 878 amiserunt.
1405 814 1615 895 Quod
1677 815 1844 897 quia
1905 817 2137 878 nullus
2201 835 2341 877 non
2402 814 2555 877 sani
2616 814 2829 876 modo
2869 813 3115 896 judicii

547 924 759 984 homo
806 920 1020 985 facile
1061 922 1380 1004 judicare
1428 933 1700 1005 potest,
1759 922 1829 984 in
1882 944 2036 986 eam
2087 923 2325 1004 potius
2373 941 2524 985 rem
2572 921 2973 984 incumbam
3020 921 3112 982 ad

547 1048 758 1110 quam
785 1026 1290 1092 Sanctissimus
1323 1029 1410 1092 D.
1447 1028 1708 1092 Noster
1741 1029 1845 1093 Te
1896 1051 2105 1112 quam
2156 1038 2392 1111 potest
2426 1028 2731 1091 maxime
2770 1030 3111 1106 hortatur,

546 1145 786 1199 monet
819 1146 890 1198 et
929 1145 1229 1218 paterno
1278 1134 1540 1199 affectu
1587 1145 1953 1218 precatur;
2003 1135 2153 1198 Nos
2199 1156 2372 1199 vero
2421 1155 2551 1217 per
2600 1135 2875 1198 viscera
2916 1133 3111 1196 mise-

544 1242 893 1304 ricordiae
943 1243 1079 1305 Dei
1143 1243 1364 1306 nostri
1432 1264 1563 1326 per
1612 1242 2056 1307 Christianae
2105 1243 2469 1306 Ecclesiae
2534 1241 3112 1323 tranquillitatem

547 1359 616 1412 et
663 1369 915 1431 pacem
959 1349 1124 1412 Tibi
1173 1350 1386 1414 etiam
1435 1349 1938 1432 supplicamuS,
1994 1352 2296 1432 primum
2344 1361 2421 1412 ut
2460 1352 2662 1432 juxta
2710 1358 3113 1411 sanctorum

545 1457 833 1520 Patrum
902 1458 1192 1520 decreta
1259 1479 1301 1520 a
1364 1458 1807 1541 temporibus
1874 1477 2098 1540 usque
2166 1458 2651 1539 apostolorum
2710 1459 3111 1536 observata,

545 1583 822 1628 necnon
872 1565 1082 1627 etiam
1131 1565 1624 1628 Romanorum
1671 1566 2190 1648 Imperatorum
2236 1567 2473 1655 leges,
2541 1562 2781 1626 fratris
2828 1561 3113 1626 Martini

545 1671 835 1734 Lutheri
897 1671 1118 1734 libros
1175 1671 1603 1753 aequissimo
1669 1683 1741 1735 et
1787 1672 2339 1754 prudentissimo
2390 1669 2599 1734 Sedis
2654 1669 3113 1752 Apostolicae

544 1779 663 1859 (ad
726 1797 936 1859 quam
993 1781 1132 1841 ista
1177 1779 1561 1860 pertinent)
1603 1780 1857 1861 juditio
1906 1792 1979 1842 et
2028 1779 2379 1842 sententia
2427 1781 2801 1840 damnatos
2848 1777 2917 1839 in
2970 1776 3110 1838 uni-

543 1905 753 1948 versa
814 1885 1083 1950 ditione
1149 1895 1271 1950 tua
1333 1887 1603 1951 destrui
1671 1897 1742 1950 et
1804 1907 2095 1970 prorsus
2162 1887 2438 1950 aboleri
2497 1887 2788 1969 jubeaS,
2855 1894 2933 1947 ut
2978 1887 3111 1946 hoc

543 1995 876 2075 exemplo
938 2014 1080 2056 non
1129 1995 1395 2057 subditi
1443 1997 1656 2060 modo
1706 1997 1807 2058 tui
1858 1997 1985 2058 sed
2034 2005 2107 2058 et
2152 1995 2433 2058 vicinae
2480 1993 2881 2076 provintiae
2928 2011 3109 2054 com-

541 2100 849 2164 monitae
919 2121 964 2163 a
1035 2102 1566 2166 damnatissima
1632 2105 1768 2166 hac
1834 2102 2119 2166 haeresi
2177 2102 2661 2182 librorumque
2723 2100 2793 2162 in
2854 2099 3111 2182 quibus

542 2207 664 2270 illa
713 2207 1120 2273 continetur
1152 2210 1459 2274 lectione
1494 2211 1628 2273 sibi
1661 2221 1992 2284 caveant3
2044 2209 2306 2272 deinde
2337 2219 2414 2271 ut
2447 2208 2829 2271 Mai-tinum
2858 2207 3107 2289 ipsum,

541 2313 674 2377 nisi
720 2313 792 2376 in
841 2325 1164 2398 tempore
1212 2317 1606 2399 resipiscat,
1655 2326 1729 2380 et
1775 2337 1961 2400 quae
2004 2319 2147 2398 jam
2194 2325 2464 2380 temere
2498 2327 2569 2379 et
2600 2315 2815 2396 impie
2847 2314 3111 2396 scripta

542 2421 766 2484 edidit
811 2431 1171 2500 retractet,
1221 2433 1346 2486 aut
1393 2421 1684 2486 Summo
1733 2423 2064 2487 Pontifici
2119 2443 2293 2487 vero
2342 2423 2413 2486 in
2462 2425 2596 2486 hac
2645 2431 2851 2505 parte
2892 2419 3109 2504 judici

541 2528 1040 2610 corrigendum
1072 2528 1332 2610 mittas,
1367 2540 1488 2594 aut
1519 2531 1674 2614 ipse
1706 2551 1839 2612 per
1871 2540 1941 2594 te
1972 2531 2411 2614 apostolicae
2442 2529 2651 2593 Sedis
2680 2529 3109 2592 authoritate

539 2637 780 2718 (prout
834 2637 946 2718 jus
1010 2646 1081 2698 et
1141 2635 1253 2700 fas
1319 2638 1660 2720 postulat)
1723 2639 2161 2720 puniendum
2224 2657 2449 2700 cureS.
2560 2637 2651 2698 Et
2712 2635 2783 2698 in
2842 2655 3111 2698 summa

539 2753 614 2804 tu
681 2743 800 2824 qui
869 2744 1226 2808 hominum
1288 2754 1456 2808 tuae
1519 2745 1805 2808 ditionis
1866 2745 2347 2809 conditionem
2413 2755 2486 2808 et
2549 2745 2752 2826 hujus
2816 2742 3109 2806 nefandi

539 2850 798 2914 erroris
849 2859 1191 2932 naturam,
1241 2862 1643 2935 statumque
1691 2853 2068 2917 universae
2117 2871 2375 2917 causae
2425 2851 2689 2936 optime
2738 2848 2963 2933 nosti,
3010 2850 3110 2914 ita

539 2958 704 3021 fidei
768 2978 1051 3021 causam
1115 2960 1498 3042 suscipiaS,
1559 2972 1638 3023 ut
1699 2962 1853 3025 sive
1912 2962 2055 3024 levi
2103 2962 2571 3023 medicamine
2620 2962 2835 3043 (quod
2884 2960 3110 3041 magis

538 3074 824 3147 optaret
871 3066 1211 3129 Pontifex
1273 3079 1528 3150 suopte
1578 3068 1866 3151 ingenio
1915 3066 2349 3153 mitissimus)
2397 3069 2547 3132 sive
2596 3088 2853 3150 aspero
2900 3064 3107 3148 phar-

535 3192 761 3252 maco,
811 3193 894 3236 ac
943 3172 1156 3238 etiam
1203 3176 1519 3237 cauterio
1569 3195 1750 3258 opus
1796 3177 1907 3257 sit,
1953 3178 2244 3239 'morbus
2290 3176 2425 3239 iste
2474 3196 2514 3239 e
2561 3176 2700 3239 tuis
2731 3174 2937 3238 terris
2968 3196 3107 3238 om·

538 3279 706 3341 nino
754 3282 1044 3344 tollatur
1091 3291 1432 3363 tantaque
1480 3293 1684 3363 peste
1735 3294 2013 3345 tuorum
2063 3283 2507 3346 subditorum
2568 3282 2811 3363 animi,
2880 3283 2939 3345 si
2988 3283 3106 3365 qui

534 3386 782 3449 infecti
829 3396 1014 3466 sunt,
1063 3394 1560 3470 repurgentur.

713 3492 917 3557 Fecit
976 3493 1048 3555 in
1109 3496 1246 3556 hac
1299 3514 1378 3557 re
1437 3493 1650 3558 serm*
1696 3494 1853 3561 CeS.
1903 3496 2240 3578 Majestas
2290 3496 2632 3579 quidquid
2682 3518 2726 3559 a
2774 3496 3104 3560 Christia-

535 3598 826 3662 nissimo
887 3600 1322 3682 imperatore
1391 3604 1921 3684 expectandum
1990 3614 2169 3677 erat;
2243 3604 2482 3668 fecere
2548 3604 2796 3668 itidem
2864 3626 3107 3667 omnes

534 3705 872 3789 Episcopi
937 3718 1007 3769 et
1068 3707 1430 3791 principes
1487 3710 1911 3792 quicumque
1960 3730 2003 3773 a
2050 3711 2256 3774 nobis
2302 3712 2440 3773 hoc
2490 3713 2773 3774 nomine
2822 3713 3108 3775 fuerunt

535 3814 879 3895 requisiti;
933 3825 1005 3879 tu
1054 3835 1234 3878 unus
1282 3828 1532 3901 restaS,
1583 3838 1726 3881 non
1775 3818 2065 3881 minoris
2113 3818 2183 3881 in
2212 3821 2349 3883 hoc
2384 3820 2721 3882 momenti
2749 3820 3105 3902 princepS,

534 3920 605 3983 in
655 3922 850 4003 cujus
899 3942 1107 3985 manu
1156 3943 1369 4004 quum
1417 3924 1618 3989 istius
1667 3925 1959 3989 nefandi
2002 3926 2311 3989 incendii
2346 3927 2572 3991 fomes
2613 3938 2685 3989 et
2716 3937 2963 3990 auctor
2996 3928 3105 4007 sit,

533 4037 808 4091 tantum
867 4038 1076 4110 potes
1137 4030 1310 4091 illud
1377 4032 1802 4113 extinguere
1865 4043 2207 4115 quantum
2254 4033 2381 4095 vis,
2479 4033 2685 4095 Velle
2735 4043 2969 4097 autem
3035 4044 3105 4097 te

535 4142 606 4195 et
655 4136 861 4216 (quae
910 4146 1034 4197 tua
1081 4147 1193 4199 est
1238 4136 1497 4220 pietas)
1545 4138 1647 4201 ita
1693 4139 2065 4220 facturum,
2116 4138 2444 4203 Summus
2474 4139 2837 4218 Pontifex,
2880 4138 3105 4204 Sedes

533 4241 930 4323 apostolica
978 4251 1051 4305 et
1095 4262 1228 4306 nos
1277 4262 1522 4307 omnes
1571 4245 1788 4309 dubio
1836 4248 2089 4328 procul
2138 4247 2573 4311 confidimus

711 4348 912 4411 Haec
961 4360 1072 4413 est
1119 4351 1268 4413 inme
1310 4351 1656 4435 Princeps
1705 4355 1853 4435 ejus
1903 4355 2247 4439 pontificii
2278 4356 2568 4434 decreti,
2619 4358 2814 4438 cujus
2843 4356 2973 4419 tibi
3007 4356 3103 4419 di-

532 4457 772 4536 ploma
833 4456 1087 4537 affer0,
1153 4478 1452 4538 summa,
1521 4461 1658 4523 hoc
1725 4472 2250 4543 argumentum:
2316 4462 2387 4526 in
2438 4483 2579 4543 quo
2647 4464 2706 4525 si
2764 4476 3104 4546 paternas

531 4562 889 4644 pontificis
937 4566 1474 4630 adhortationes
1523 4577 1945 4649 nostrasque
1994 4587 2247 4650 preces
2280 4570 2680 4651 exequariS,
2730 4590 2879 4633 rem
2910 4571 3099 4633 Chri-

531 4669 762 4733 stiano
787 4670 1114 4753 principe
1139 4682 1406 4755 tuoque
1433 4674 1782 4755 sanguine
1810 4674 2101 4758 dignam
2129 4686 2342 4757 atque
2370 4678 2807 4758 reipublicae
2834 4678 3099 4741 christi-

531 4798 713 4841 anae
762 4778 1146 4842 salutarem
1194 4790 1264 4842 te
1303 4780 1675 4861 facturum,
1707 4790 1779 4843 et
1808 4791 1953 4845 tam
1984 4784 2213 4846 sancti
2246 4784 2483 4865 operis
2516 4786 2837 4865 praemia
2870 4807 2912 4848 a
2943 4786 3101 4849 Deo

532 4884 802 4967 optimo
849 4886 1156 4949 maximo
1205 4888 1590 4970 aliquando
1639 4901 2167 4972 reportaturum
2214 4911 2482 4973 speres,
2532 4892 2723 4955 Dixi.

1835 5052 2017 5062 Nema-§.ew
