3575 5775
1722 605 2216 660 &mee-0

688 751 965 832 capello
1030 771 1228 813 como
1298 754 1367 814 la
1414 771 1627 812 causa
1674 750 2070 826 valentina;
2145 752 2274 812 che
2338 770 2414 812 se
2477 748 2546 812 io
2612 748 2960 812 scrivesse
3021 769 3147 830 per
3188 747 3230 810 il

685 877 858 921 vero
922 857 1142 920 sarrei
1191 867 1510 939 sospetto
1572 877 1702 938 per
1750 878 1946 920 esser
2008 867 2196 921 stato
2243 857 2384 920 mio
2433 856 2598 920 olim
2654 865 2948 938 patrem
3019 857 3231 937 perho

687 985 797 1027 me
844 972 1134 1046 reporto
1185 986 1227 1027 a
1274 967 1342 1028 lo
1392 966 1523 1028 che
1572 963 1884 1028 scrivere.
1933 973 2004 1027 et
2051 964 2222 1027 Rdo
2271 962 2518 1047 signor
2565 961 2964 1026 Carazzolo.

1764 1199 1824 1208 arv-x
1836 1198 1886 1208 sn·-
1914 1199 2042 1208 -ννῆκ
2074 1197 2173 1208 νίν»,

1891 1426 2036 1490 110.

1248 1541 1728 1623 Aleander
1801 1542 2668 1623 vicecancellariO.

1621 1690 1814 1762 (nunt.
1855 1690 2033 1749 Germ.
2068 1689 2130 1748 1..
2167 1690 2300 1760 162.)

1711 1797 1819 1868 (27.
1859 1800 1992 1865 Julii
2039 1798 2212 1868 1521.)

858 1924 1129 2005 Questa
1178 1924 1410 1987 scrivo
1458 1927 1612 1987 solo
1661 1943 1793 2006 per
1842 1923 2200 2007 significar
2248 1945 2448 1988 come
2497 1926 2565 1986 el
2613 1925 2682 1984 dn
2735 1923 2804 1984 di
2852 1921 2924 1986 S.
2968 1922 3237 2002 Jacobo

680 2035 794 2112 qul
861 2032 929 2094 iu
982 2031 1190 2094 Gand
1254 2033 1443 2094 nella
1506 2031 1745 2114 piazza
1806 2033 1994 2094 della
2045 2032 2286 2094 chiesa
2334 2031 2450 2095 del
2501 2031 2697 2092 detto
2747 2039 2952 2093 santo
3020 2032 3154 2092 che
3201 2031 3236 2092 ὲ

680 2158 769 2199 un
820 2139 1027 2200 luoco
1078 2158 1343 2220 capace
1392 2138 1463 2200 di
1511 2137 1696 2202 assai
1746 2139 2019 2201 decene
2069 2139 2141 2200 di
2174 2138 2433 2200 miliaia
2468 2138 2540 2199 di
2573 2158 2901 2219 persone,
2949 2137 3024 2199 fu
3059 2137 3240 2200 fatto

677 2264 769 2306 un
836 2265 1159 2308 sermone
1226 2247 1520 2308 solenne
1580 2247 1649 2308 al
1708 2246 1977 2326 populo
2043 2248 2174 2308 che
2239 2265 2362 2308 era
2424 2253 2609 2307 stato
2676 2253 3122 2326 congregato
3170 2243 3239 2305 in

678 2350 874 2412 detto
925 2352 1131 2415 luoco
1180 2373 1309 2434 per
1356 2373 1497 2414 uno
1548 2353 1843 2415 heraldo
1895 2362 1965 2415 et
2012 2354 2394 2415 trombette
2426 2351 2498 2414 di
2533 2351 2795 2415 Cesare
2846 2361 2917 2413 et
2963 2350 3240 2432 pubbli-

676 2466 835 2520 cata
894 2459 985 2520 da
1035 2479 1268 2521 nuovo
1326 2461 1397 2521 la
1443 2460 1639 2521 bulla
1686 2459 1994 2540 original
2042 2457 2437 2542 apostolica
2486 2469 2556 2521 et
2603 2459 2673 2520 lo
2723 2458 2956 2520 edicto
2990 2458 3082 2519 de
3118 2455 3241 2520 Ce-

674 2586 792 2629 sar
853 2574 924 2627 et
987 2565 1205 2628 infine
1263 2566 1379 2630 del
1440 2586 1717 2628 sermon
1768 2566 1842 2628 in
1889 2586 2029 2628 uno
2079 2568 2224 2629 alto
2285 2568 2602 2628 tavolato
2669 2565 2922 2628 furono
2985 2565 3240 2628 abbru·

676 2671 878 2734 sciati
926 2672 1045 2753 pin
1096 2672 1168 2734 di
1217 2682 1415 2735 cccto
1463 2671 1626 2734 libri
1677 2673 1747 2734 di
1782 2674 2050 2736 Luther
2095 2682 2303 2754 parte
2351 2671 2678 2753 impressi
2727 2671 2865 2754 qui,
2915 2679 2987 2733 et
3035 2680 3243 2753 parte

674 2778 745 2841 in
807 2780 953 2840 alta
1002 2779 1405 2861 Alemagna
1466 2789 1538 2842 et
1598 2788 1852 2861 questo
1921 2799 2050 2861 per
2107 2780 2238 2842 dar
2298 2779 2627 2861 exempio
2691 2801 2734 2841 a
2779 2779 2943 2841 tutti
2991 2777 3244 2860 populi

676 2887 797 2969 qui
847 2897 919 2950 et
966 2887 1447 2951 circumvicini
1514 2896 1588 2950 et
1652 2888 1911 2951 furono
1973 2888 2334 2970 apportati
2394 2890 2463 2950 al
2511 2888 2716 2951 focco
2766 2885 2951 2951 assai
3000 2887 3097 2948 da
3145 2885 3242 2948 di-

675 3015 882 3057 verse
930 3014 1264 3077 persone,
1332 3004 1442 3057 tra
1499 2994 1548 3057 li
1595 2996 1785 3077 quali
1835 2995 1996 3057 libri
2046 2996 2244 3058 molti
2292 3015 2510 3058 erano
2558 2992 2760 3076 ligati
2809 2993 3242 3056 excellente-

674 3111 910 3165 mente
960 3111 1031 3164 et
1078 3123 1219 3165 uno
1267 3101 1641 3183 presertim
1690 3113 1985 3183 coperto
2037 3102 2108 3163 di
2155 3104 2419 3183 velutO,
2467 3102 2538 3164 in
2584 3103 2654 3165 la
2686 3098 3053 3182 presentia
3099 3118 3242 3161 non

673 3211 900 3271 solum
950 3210 1039 3271 de
1089 3218 1271 3272 tutta
1318 3211 1387 3271 la
1436 3219 1667 3289 corte,
1716 3211 1787 3273 la
1837 3212 2002 3291 qual
2045 3212 2276 3274 havea
2323 3218 2802 3291 compagnato
2854 3206 3120 3270 Cesare
3173 3214 3246 3269 et

675 3316 741 3379 61
790 3335 869 3378 re
918 3316 989 3377 di
1038 3315 1255 3378 Datia
1300 3317 1441 3379 alla
1472 3316 1713 3381 Messa
1761 3318 1832 3380 in
1883 3320 2084 3383 detta
2130 3319 2432 3401 Chiesia,
2479 3340 2594 3382 ma
2643 3318 2854 3382 etiam
2901 3318 2992 3379 de
3040 3315 3242 3379 innu-

674 3422 973 3484 merabil
1020 3424 1287 3504 populo
1335 3420 1764 3507 fiammengo
1815 3435 1884 3489 et
1913 3427 2340 3490 brabantino
2371 3447 2501 3509 per
2535 3447 2774 3490 essere
2804 3427 2872 3488 al
2904 3434 3248 3506 presente

676 3527 797 3608 pin
847 3529 919 3591 la
966 3526 1203 3591 diaeta
1248 3534 1546 3611 general
1594 3530 1665 3593 di
1714 3532 1877 3594 tutti
1926 3532 2158 3615 questi
2203 3533 2586 3616 principati
2634 3542 2706 3596 et
2749 3530 2952 3614 paesi
3000 3538 3074 3593 et
3123 3530 3246 3591 del

678 3635 944 3715 populo
994 3634 1085 3698 de
1136 3631 1343 3698 Gand
1393 3658 1604 3700 senza
1652 3658 1943 3703 numero
1994 3662 2036 3703 o
2083 3640 2247 3720 fine,
2297 3643 2428 3703 che
2457 3660 2589 3724 per
2617 3638 2878 3702 iudicio
2927 3636 2999 3699 di
3049 3633 3243 3699 assai

678 3740 749 3803 di
798 3753 1049 3822 questa
1097 3750 1288 3804 terra
1335 3742 1391 3804 si
1435 3744 1702 3808 extima
1750 3749 1882 3809 che
1929 3747 2205 3810 fussem
2239 3749 2332 3810 ad
2366 3750 2464 3810 tal
2493 3766 2774 3810 sermon
2807 3756 2877 3808 et
2904 3742 3245 3806 incendio

677 3846 797 3929 pin
846 3847 917 3909 di
966 3847 1347 3929 cinquanta
1381 3850 1596 3914 millia
1643 3873 1973 3934 persone,
2023 3863 2096 3917 et
2129 3854 2394 3917 Caesar
2440 3853 2730 3935 passovi
2771 3870 3119 3934 appresso
3173 3860 3248 3912 et

677 3953 835 4017 fece
896 3975 990 4017 un
1054 3958 1174 4019 bel
1234 3956 1375 4019 riso
1435 3966 1505 4020 et
1552 3958 1739 4022 festa
1786 3960 1858 4021 di
1906 3962 2005 4022 tal
2054 3981 2241 4023 cosa.
2337 3960 2550 4023 Eravi
2599 3969 2882 4023 attorno
2928 3958 2980 4021 il
3026 3959 3246 4021 luoco

677 4061 795 4123 del
842 4062 1117 4143 pulpito
1166 4061 1213 4125 li
1264 4072 1545 4145 quattro
1595 4066 1825 4129 ordini
1875 4067 2306 4130 mendicanti
2353 4090 2488 4131 con
2536 4070 2604 4131 le
2651 4066 2841 4131 croci
2888 4065 2961 4127 in
3005 4064 3250 4127 forma

680 4168 751 4230 di
798 4168 1271 4249 processioni,
1338 4170 1385 4233 li
1450 4172 1641 4252 quali
1702 4172 1771 4236 io
1835 4174 2117 4237 haveva
2177 4178 2243 4238 el
2301 4175 2371 4238 di
2418 4175 2658 4239 avanti
2708 4194 2837 4256 per
2888 4170 3252 4237 auctorita

678 4274 1074 4355 apostolica
1122 4276 1449 4339 ordinato
1500 4281 1632 4342 che
1680 4280 2046 4346 venissero
2096 4303 2138 4344 a
2188 4284 2282 4344 tal
2334 4294 2502 4345 atto.

858 4380 965 4442 De
1017 4384 1134 4463 qui
1180 4383 1443 4464 partito
1493 4387 1716 4449 andro
1765 4388 1909 4450 fino
1957 4389 2030 4451 in
2080 4390 2485 4469 Hollandia,
2535 4390 2720 4453 dove
2755 4390 2920 4471 quel
2967 4388 3248 4469 populo

680 4496 751 4549 et
810 4488 1185 4567 presertim
1258 4493 1323 4553 el
1386 4493 1702 4556 conselio
1767 4496 1839 4557 di
1889 4494 2109 4558 Cesar
2169 4497 2204 4559 ὲ
2271 4498 2490 4559 molto
2539 4496 2794 4559 infetto
2846 4496 2934 4558 de
2983 4504 3249 4576 questa

678 4592 967 4675 impieta
1039 4605 1111 4658 et
1166 4618 1377 4678 spero
1444 4599 1768 4663 mettervi
1831 4604 2022 4665 buon
2092 4602 2339 4667 ordine
2409 4624 2540 4666 con
2589 4602 2904 4665 l'adiuto
2954 4599 3023 4662 di
3071 4598 3248 4663 Dio.

679 4700 810 4763 Poi
876 4703 1092 4764 credo
1149 4703 1307 4767 sara
1371 4716 1607 4788 tempo
1666 4709 1799 4771 che
1845 4707 1915 4771 io
1962 4710 2231 4773 retorni
2293 4711 2381 4773 ad
2432 4710 2522 4773 V.
2572 4708 2644 4774 S.
2695 4711 2915 4790 Rma‚
2981 4704 3039 4769 si
3105 4727 3250 4789 per

681 4828 876 4872 esser
931 4808 1050 4890 qui
1098 4812 1164 4873 16
1214 4832 1422 4893 spese
1469 4815 1979 4896 grandissime,
2041 4820 2098 4879 sl
2147 4817 2409 4899 perche
2459 4838 2598 4881 non
2645 4826 2837 4880 resta
2884 4818 3001 4897 qui
3049 4816 3248 4878 altro

681 4918 771 4981 ad
820 4916 929 4978 far
976 4938 1108 4999 per
1164 4940 1275 4983 me
1339 4931 1409 4983 et
1472 4922 1507 4985 ὲ
1575 4923 1979 4987 necessario
2045 4925 2176 4987 che
2223 4944 2356 5006 per
2402 4925 2642 4989 Roma
2688 4922 2745 4989 si
2792 4924 2976 4988 faeci
3024 4927 3246 4987 alcun
