3575 5775
1892 841 2001 905 93.

1341 959 1762 1038 Aloander
1815 956 2563 1036 Viceoancellario.

1465 1105 1804 1177 (tantist.
1842 1103 2145 1164 Gerana.
2176 1103 2241 1162 Σι-
2274 1103 2435 1175 182.)

1681 1223 1833 1292 (22.9
1870 1227 2001 1274 Maii
2044 1222 2221 1292 1521.)

847 1347 1346 1412 Continuando
1415 1371 1460 1412 a
1505 1351 1672 1431 quel
1741 1352 1877 1414 che
1923 1350 2163 1413 scrissi
2210 1349 2331 1413 alli
2376 1349 2527 1412 XV
2572 1348 2979 1430 significato
3028 1369 3221 1412 como

667 1476 932 1519 ancora
1001 1477 1144 1520 non
1215 1477 1394 1519 sono
1459 1457 1780 1539 expediti
1840 1458 2075 1539 questi
2120 1457 2432 1521 mandati
2482 1477 2623 1519 non
2672 1457 2790 1538 gia
2836 1476 2971 1538 per
3016 1457 3221 1538 colpa

669 1575 950 1644 nostra,
1015 1564 1064 1626 li
1125 1564 1318 1646 quali
1373 1563 1652 1627 facemo
1712 1573 1897 1627 tutte
1943 1566 2011 1628 le
2058 1564 2391 1627 instantie
2438 1584 2483 1625 a
2528 1563 2649 1627 noi
2692 1563 3055 1644 possibili,
3116 1583 3225 1626 ma

667 1671 934 1752 perche
980 1670 1204 1733 Cesar
1247 1671 1406 1736 dice
1453 1673 1656 1735 voler
1704 1671 1990 1734 omnino
2040 1671 2571 1734 communicarli
2635 1691 2767 1734 con
2825 1671 2877 1733 li
2922 1670 3226 1752 principi

669 1787 742 1840 et
787 1780 922 1840 che
969 1799 1110 1840 non
1159 1778 1574 1859 dubitiam0‚
1621 1778 1889 1860 perche
1936 1779 2179 1841 avanti
2234 1779 2391 1841 61161
2440 1777 2499 1840 si
2546 1777 2737 1859 parti
2784 1779 2875 1840 de
2922 1779 2983 1840 la
3038 1777 3231 1841 dieta

669 1885 824 1947 fara
873 1885 1176 1968 expedit
1223 1895 1296 1948 et
1342 1885 1670 1967 publicar
1716 1898 1789 1948 et
1838 1885 2139 1966 exequir
2182 1884 2469 1967 publice
2516 1886 2611 1947 ob
2660 1884 2905 1946 oculos
2948 1904 3115 1947 suos
3164 1885 3233 1947 el

667 1993 1004 2054 mandato
1049 1991 1122 2054 in
1169 1993 1546 2055 alemanno
1594 2003 1666 2054 et
1693 1992 1939 2072 latino,
1986 1991 2315 2055 francese
2346 2001 2418 2054 et
2444 1990 2895 2073 flammengO,
2942 1991 2987 2053 li
3038 1991 3233 2073 quali

668 2098 765 2161 lui
813 2102 980 2161 vole
1025 2101 1160 2162 che
1205 2099 1491 2163 omnino
1535 2121 1612 2162 se
1660 2099 2167 2182 expediscanO.
2242 2098 2331 2160 El
2377 2098 2783 2162 cancellieri
2816 2108 2890 2161 et
2918 2099 3081 2161 tutti
3113 2099 3233 2162 del

671 2207 986 2269 conselio
1049 2207 1306 2269 dieono
1366 2209 1500 2271 che
1565 2207 1616 2269 li
1665 2205 2162 2288 expediranno
2208 2206 2497 2287 quando
2542 2225 2585 2268 a
2632 2205 2750 2268 noi
2796 2205 3115 2286 piacera‚
3168 2207 3233 2269 el

671 2315 802 2375 che
863 2313 1090 2394 perho
1139 2333 1280 2376 non
1327 2315 1609 2376 volemo
1659 2335 1735 2376 se
1783 2333 1927 2376 non
1974 2313 2087 2377 all'
2136 2313 2383 2376 ultimo
2440 2312 2728 2393 quando
2774 2331 3053 2376 saremo
3100 2331 3239 2394 per

668 2419 896 2501 partir
942 2421 1034 2483 de
1093 2425 1210 2502 qui
1259 2420 1564 2504 perche,
1629 2442 1773 2484 non
1820 2421 2185 2502 giovando
2234 2419 2359 2482 tali
2406 2419 2721 2482 mandati
2768 2423 2887 2500 qul
2934 2419 3005 2482 in
3058 2418 3238 2482 Ger-

671 2527 924 2607 mania,
973 2537 1255 2590 tenemo
1303 2529 1443 2590 imo
1490 2527 1875 2591 habbiamo
1922 2526 2125 2608 quasi
2163 2546 2297 2609 per
2324 2538 2521 2589 certo
2550 2529 2684 2589 che
2716 2536 3055 2608 questoro
3102 2547 3241 2610 per

669 2635 958 2697 haverci
991 2655 1334 2698 concesso
1367 2635 1544 2698 detti
1573 2635 1911 2714 mandati,
1958 2645 2365 2697 monstreno
2398 2635 2491 2696 de
2534 2635 2826 2696 haverci
2876 2633 3243 2698 satisfatto

671 2751 744 2802 et
805 2741 926 2822 poi
977 2763 1116 2804 non
1167 2721 1430 2805 lassino
1481 2743 1786 2824 expedit
1830 2741 1875 2804 1’
1905 2745 2233 2805 alemano
2289 2751 2365 2804 et
2406 2741 2709 2804 mandat
2754 2743 2893 2804 alle
2939 2740 3115 2804 citta
3166 2751 3247 2804 et

669 2849 859 2912 lochi
908 2850 999 2912 de
1027 2848 1415 2914 Germania
1462 2851 1703 2915 donde
1753 2849 1791 2913 ὲ
1838 2849 2163 2912 nasciuto
2210 2849 2257 2912 il
2293 2850 2477 2911 male
2510 2858 2583 2911 et
2614 2849 2803 2912 dove
2836 2849 2873 2912 ὲ
2905 2852 3245 2931 besogno

671 2958 799 3019 dar
847 2958 1188 3020 remedio,
1287 2958 1378 3021 Et
1423 2958 1494 3020 in
1544 2962 1642 3021 tal
1673 2978 1845 3021 caso
1877 2957 1926 3018 li
1955 2956 2308 3020 lutherani
2340 2956 2835 3037 piliarebbeno
2867 2955 2991 3039 pina
3016 2956 3249 3038 piede

671 3066 802 3125 che
852 3064 912 3126 si
959 3064 1127 3127 null’
1177 3068 1358 3128 altro
1405 3066 1600 3129 fusse
1649 3064 2026 3146 expedito,
2088 3065 2315 3147 perho
2360 3062 2419 3126 si
2468 3062 2544 3125 fa
2589 3083 2721 3145 per
2768 3063 2883 3125 noi
2931 3073 3118 3126 tutta
3170 3068 3253 3128 la

670 3170 1007 3233 instantia
1055 3174 1187 3235 che
1235 3172 1356 3235 noi
1403 3172 1734 3235 habiamo
1766 3173 1867 3233 tal
1902 3170 2365 3255 expeditione
2399 3171 2469 3234 in
2502 3170 2715 3251 dieta,
2762 3170 2811 3233 il
2826 3173 2977 3263 ‚che
3012 3170 3253 3236 Cesar

672 3297 796 3341 ore
845 3300 970 3341 suo
1021 3280 1228 3341 nobis
1277 3282 1625 3343 ambobus
1675 3279 1900 3358 simul,
1951 3290 2024 3341 et
2067 3289 2323 3360 postea
2366 3277 2531 3340 mihi
2578 3277 2691 3340 bis
2724 3278 3042 3359 seorsim,
3092 3288 3173 3342 et
3202 3300 3255 3343 a

671 3385 867 3447 molti
918 3386 1077 3448 altri
1127 3388 1220 3448 ha
1268 3406 1636 3467 promesso
1694 3387 1786 3448 de
1834 3385 1966 3449 far.
2059 3387 2164 3449 La
2225 3405 2443 3448 causa
2488 3386 2581 3447 de
2627 3387 2697 3447 la
2744 3396 3085 3467 presente
3132 3407 3253 3451 re-

669 3493 1067 3555 tardatione
1117 3495 1184 3554 61
1233 3494 1654 3556 cancelliere
1715 3493 1875 3556 dice
1924 3494 2057 3556 che
2102 3494 2420 3573 procede
2466 3491 2733 3573 perche
2781 3513 2907 3555 sua
2952 3492 3257 3558 Maesta

672 3608 889 3661 tratta
938 3601 1190 3662 alcune
1239 3622 1364 3663 sue
1413 3621 1580 3663 cose
1628 3621 1788 3664 cum
1832 3601 1881 3664 li
1931 3600 2259 3682 principi,
2308 3602 2375 3663 le
2424 3602 2633 3682 quale
2680 3600 2825 3663 fino
2872 3602 3003 3663 che
3052 3600 3259 3667 siino

674 3707 1010 3787 expedite
1061 3708 1307 3771 dubita
1354 3720 2019 3790 proponet-'questa
2068 3727 2237 3770 cosa
2284 3717 2549 3787 nostra,
2598 3709 2737 3771 alla
2786 3711 2953 3789 qual
3001 3728 3151 3771 non
3213 3711 3261 3774 ὲ

674 3814 892 3876 dubio
941 3816 1072 3877 che
1121 3815 1320 3877 molti
1368 3835 1543 3878 sono
1592 3815 1930 3877 contrarii
1978 3824 2051 3877 et
2098 3818 2281 3877 cossi
2314 3814 2797 3878 intricarebbe
2830 3826 2902 3877 et
2945 3816 3121 3879 luna
3180 3828 3265 3881 et

671 3922 900 3985 laltra.
995 3921 1074 3983 Io
1137 3924 1280 3985 ben
1353 3924 1540 3986 vedo
1607 3924 1740 3985 che
1802 3923 2021 3985 molto
2067 3925 2207 3985 mal
2254 3922 2325 3984 in
2375 3930 2597 4003 punto
2644 3922 2713 3984 al
2758 3922 2940 3984 fatto
2987 3934 3263 3987 nostro

675 4038 924 4091 contro
975 4028 1243 4092 Luther
1289 4050 1418 4092 son
1465 4030 1712 4093 venuti
1758 4030 1989 4111 questi
2024 4028 2191 4092 novi
2241 4029 2410 4091 moti
2460 4029 2549 4091 de
2582 4028 2859 4091 Franza
2905 4037 2977 4091 et
3024 4049 3265 4096 verso

674 4135 995 4200 Navarra
1060 4146 1132 4199 et
1179 4137 1296 4218 qui
1359 4136 1479 4200 alli
1526 4138 1716 4200 lochi
1763 4137 1837 4199 di
1884 4137 2249 4217 RobertO,
2298 4134 2565 4219 perche
2612 4146 2947 4217 questoro
2992 4136 3267 4204 hanno

675 4252 996 4324 sospetto
1043 4253 1228 4306 tutto
1275 4244 1336 4306 il·
1373 4247 1657 4325 mond0,
1707 4256 1778 4307 et
1827 4254 2165 4326 quantum
2214 4264 2307 4307 ex
2354 4243 2591 4306 multis
2658 4263 2901 4306 eorum
2949 4243 3271 4331 colligo,

675 4348 746 4411 in
796 4349 1040 4430 primis
1089 4354 1155 4413 el
1203 4362 1413 4414 serm.
1509 4353 1587 4414 Io
1636 4356 1776 4415 ben
1828 4352 1877 4415 11
1926 4352 2087 4415 (1160
2118 4372 2315 4415 esser
2343 4350 2727 4414 falsissima
2772 4352 2842 4413 la
2888 4352 3045 4413 loro
3095 4372 3271 4417 sus-

675 4454 946 4537 pitione
986 4468 1058 4519 et
1104 4460 1238 4521 che
1285 4480 1412 4523 sua
1460 4458 1564 4521 St*
1613 4480 1754 4522 non
1805 4459 1845 4521 ὲ
1893 4479 2025 4540 per
2072 4478 2236 4521 usar
2284 4479 2361 4522 se
2408 4478 2551 4521 non
2598 4456 2905 4520 l'officio
2952 4459 3047 4521 de
3092 4460 3275 4528 bon

677 4575 916 4645 patre,
985 4566 1250 4646 purche
1313 4567 1466 4630 loro
1513 4566 1795 4629 saccino
1844 4567 1909 4628 61
1958 4565 2202 4628 debito
2250 4565 2321 4628 in
2370 4567 2441 4627 la
2486 4566 2785 4627 materia
2832 4567 2921 4629 de
2968 4564 3279 4635 Luther

680 4670 750 4731 la
796 4672 960 4752 qual
1009 4670 1600 4753 principalmente
1648 4681 1855 4735 tocca
1901 4675 1972 4735 la
2017 4671 2207 4736 fede.
2299 4672 2516 4735 Tutta
2560 4674 2759 4736 volta
2806 4672 2963 4755 (nisi
2996 4671 3277 4765 fallor)

680 4776 961 4858 suspico
1009 4776 1230 4858 assai,
1292 4779 1425 4840 che
1485 4780 1584 4841 tal
1633 4781 1786 4842 loro
1838 4780 2303 4861 impressione
2348 4778 2669 4861 intrichi,
2734 4800 2779 4843 o
2840 4779 3115 4842 tetardi
3190 4786 3279 4850 la

680 4884 1094 4966 expedition
1176 4886 1268 4946 da
1341 4886 1461 4947 noi
1537 4886 1927 4968 rechiesta‚
2002 4887 2051 4949 il
2114 4890 2245 4949 che
2309 4888 2537 4969 perho
2592 4888 2749 4951 loro
2811 4887 3033 4950 fanno
3084 4907 3277 4957 cum
