3575 5775
1307 584 1804 645 ὓ·<ἷ33498>-0

281 750 458 817 quae
507 740 676 799 tunc
725 732 1196 799 determinata
1246 745 1316 799 et
1363 736 1697 799 damnata
1743 733 2067 814 fuerunt,
2130 748 2372 797 rursus
2432 728 2504 799 in
2563 746 2839 798 contro-

281 841 580 905 versiam
629 853 700 907 et
729 841 1282 925 disputationem
1323 851 1689 922 vocantur,
1738 854 1815 903 ut
1863 843 2070 904 detur
2116 840 2353 903 omnia
2400 841 2839 906 confundere

283 948 786 1031 quaerentibus
833 948 941 1013 sui
970 950 1228 1013 veneni
1261 949 1608 1013 fundendi
1650 958 1720 1013 et
1751 948 2203 1031 propagandi
2252 948 2591 1012 facultas:
2640 948 2843 1031 quasi
2920 972 2925 976 ·

279 1054 544 1138 aliquid
598 1056 770 1119 boni
815 1056 1023 1139 seligi
1071 1078 1160 1121 ex
1212 1056 1350 1121 illis
1395 1056 1649 1138 possit,
1706 1070 1780 1119 et
1827 1076 1969 1119 non
2018 1055 2450 1137 contagione
2507 1056 2837 1137 pestilen-

282 1162 448 1225 tium
495 1162 828 1245 proxima
874 1184 1198 1247 quaeque
1250 1162 1684 1243 inficiantur,
1743 1163 2187 1243 eandemque
2233 1162 2538 1227 reddant
2582 1166 2842 1227 tabem.

285 1266 426 1331 Sed
473 1271 566 1333 de
609 1270 726 1333 his
771 1270 930 1335 Deo
979 1269 1490 1353 omnipotenti,
1553 1290 1762 1353 quem
1830 1279 2086 1333 testem
2152 1277 2225 1333 et
2280 1269 2581 1334 iudicem
2630 1272 2846 1334 animi

285 1377 504 1439 nostri
554 1379 750 1459 recti,
797 1387 1010 1460 atque
1058 1378 1385 1459 istorum,
1454 1375 1573 1459 qui
1643 1376 1817 1439 talia
1872 1378 2069 1439 alunt
2114 1377 2501 1441 voluntatis
2549 1377 2847 1442 facimus

285 1482 428 1563 (sic)
475 1484 806 1566 profecto
855 1484 990 1547 erit
1038 1504 1272 1549 curae.
1365 1484 1514 1547 Nos
1562 1493 1726 1547 tuae
1775 1482 2206 1547 fraternitati
2264 1483 2581 1547 debitum
2628 1486 2843 1549 hono-

285 1611 466 1671 rem,
539 1610 672 1673 pro
721 1591 946 1673 ipsius
991 1591 1318 1655 maximis
1383 1590 1650 1655 meritis
1711 1590 2064 1654 voluimus
2133 1592 2475 1671 reddere,
2545 1600 2616 1654 et
2684 1592 2868 1655 Tibi.

288 1717 502 1779 agere
551 1697 858 1780 gratias,
922 1698 1042 1781 qui
1105 1698 1178 1761 in
1227 1698 1497 1781 optima
1543 1706 1779 1761 mente
1829 1707 1900 1759 et
1947 1697 2302 1760 sententia
2347 1718 2628 1779 semper
2690 1719 2844 1781 per-

290 1803 569 1867 stiteris,
678 1804 971 1868 Hortari
1043 1815 1279 1868 autem
1346 1814 1452 1886 te,
1517 1813 1595 1868 ut
1654 1802 2065 1887 supradicto
2132 1805 2406 1887 Legato
2470 1819 2712 1869 nostro
2776 1815 2849 1869 et

291 1931 546 1992 amore,
597 1921 670 1974 et
715 1912 984 1993 stadie,
1035 1920 1108 1974 et
1155 1910 1527 1994 diligentia
1573 1910 2030 1974 consiliorum
2074 1922 2355 1975 tuorum
2400 1912 2712 1994 assistaS,
2761 1914 2845 1977 si-

292 2018 454 2099 quid
499 2018 690 2082 forte
736 2020 1032 2083 remedii
1078 2019 1308 2101 possit
1353 2019 1654 2101 ostendi,
1704 2039 1847 2083 non
1896 2015 2321 2082 arbitramur
2369 2022 2846 2086 necessarium

297 2144 481 2188 esse:
531 2146 675 2189 non
727 2134 895 2208 eget
943 2126 1130 2189 enim
1179 2124 1704 2206 admonitione,
1751 2124 1983 2206 pietas
2030 2124 2102 2188 in
2150 2126 2381 2189 Deum
2430 2137 2571 2191 tua.
2664 2129 2846 2193 Illud

293 2230 522 2312 potius
571 2252 861 2296 monere
910 2242 1020 2313 te,
1079 2242 1152 2297 et
1197 2231 1604 2314 significare
1650 2232 1780 2294 tibi
1828 2234 2174 2314 volumus,
2223 2254 2709 2318 quaecumque
2757 2237 2848 2300 ad

295 2340 732 2403 commodum
801 2349 874 2403 et
944 2340 1290 2404 honorem
1357 2350 1554 2402 tuum
1638 2358 1720 2401 ac
1783 2348 2063 2402 tuorum
2134 2339 2630 2423 pertinebunt,
2716 2364 2845 2406 nos

295 2465 572 2528 semper
617 2446 970 2527 studiose,
1019 2452 1485 2529 amanterque
1532 2446 1888 2527 facturOS,
1960 2445 2143 2509 sicut
2191 2447 2381 2511 dicto
2430 2457 2673 2512 nostro
2722 2450 2848 2513 Le·

295 2562 460 2633 gato
535 2548 1061 2634 mandavimus,
1145 2562 1224 2617 ut
1300 2563 1532 2617 tecum
1607 2562 1852 2615 nostro
1922 2552 2209 2618 nomine
2280 2555 2849 2620 communicaret.

299 2656 420 2723 Cui
465 2660 842 2725 fratenitas
889 2668 1014 2724 tua
1060 2680 1340 2725 omnem
1385 2659 1599 2723 fidem
1647 2660 2047 2743 praebebit.

465 2768 630 2833 Dat.
681 2769 964 2833 Romae
1013 2768 1128 2832 die
1177 2768 1310 2833 XI.
1358 2768 1506 2831 Mai
1551 2766 1995 2833 MDXXIV.
2088 2768 2303 2831 Anno
2350 2768 2600 2853 primo,

1667 2946 1770 2958 Μ

839 3223 1159 3306 Clemens
1212 3223 1374 3304 VII.
1434 3115 1804 3304 Galssdzinali
1856 3221 2303 3308 Eboracensi.

727 3371 1048 3445 (01me
1101 3371 1222 3430 m
1275 3371 1481 3430 Brevia
1535 3371 1671 3429 Ann-
1729 3369 1773 3428 1.
1831 3385 1912 3444 ep.
1965 3369 2077 3431 34⁷.
2136 3369 2231 3431 fol.
2279 3373 2417 3444 88¹7.)

1323 3491 1426 3550 (16.
1467 3489 1600 3540 Maii
1643 3488 1819 3559 1524.)

471 3615 816 3680 Mittimus
865 3617 957 3681 ad
1002 3617 1213 3680 istum
1260 3615 1546 3696 Regem
1594 3613 2126 3705 invictissimum
2176 3625 2249 3678 et
2294 3617 2387 3680 ad
2435 3616 2855 3702 circumspe-

309 3720 598 3786 ctionem
647 3733 840 3786 tuam
889 3725 1292 3805 exemplum
1341 3721 1493 3786 eius
1540 3719 2080 3784 deliberationis
2127 3731 2199 3785 et
2236 3723 2507 3787 decreti
2555 3727 2749 3805 quod
2784 3725 2857 3789 in

309 3828 432 3892 hac
477 3830 803 3918 proxima
835 3829 1439 3912 Nurembergensi
1489 3827 1682 3891 dieta
1711 3826 2138 3892 Germaniae
2181 3829 2448 3894 factum
2490 3843 2617 3913 est,
2667 3833 2857 3897 circa

317 3955 424 3998 res
484 3935 648 4000 fidei
717 3948 806 4001 et·
836 3957 1121 4000 causam
1188 3937 1372 4000 hanc
1433 3933 1760 4008 Lutheri;
1825 3934 1897 3997 in
1947 3955 2087 4017 quo
2136 3935 2374 4018 aliqua
2419 3939 2612 4001 bona
2675 3947 2857 4004 sunt.

312 4039 649 4108 Videntur
707 4043 895 4108 enim
942 4045 1256 4107 Decreto
1305 4041 1817 4106 Wormatiensi
1878 4042 2070 4123 quod
2136 4052 2300 4106 tunc
2366 4043 2439 4106 in
2498 4045 2856 4109 conventu

313 4148 422 4213 illo
481 4170 606 4233 per
654 4152 1034 4217 Caesarem
1093 4151 1324 4233 ipsum
1373 4151 1462 4212 de
1512 4147 1921 4212 Conventus
1968 4149 2321 4212 sententia
2388 4151 2654 4214 editum
2700 4151 2853 4232 fuit,

313 4276 556 4338 magna
601 4279 696 4324 ex
743 4269 952 4341 parte
996 4259 1184 4322 velle
1230 4256 1558 4328 obedire;
1607 4256 1847 4337 aliqua
1890 4275 2058 4319 vero
2107 4277 2248 4320 non
2297 4256 2396 4320 ita
2442 4258 2651 4323 nobis
2696 4279 2853 4342 pro-

315 4364 588 4440 bantur;
636 4385 986 4430 revocare
1033 4366 1218 4430 enim
1265 4384 1415 4427 rem
1463 4365 1554 4427 ad
1601 4382 1827 4426 novas
1876 4363 2395 4445 disputationes
2444 4373 2515 4427 et
2552 4385 2855 4430 conven-

317 4479 448 4534 tum
509 4477 600 4544 ob
645 4476 835 4538 hanc
882 4492 1168 4538 causam
1225 4471 1576 4551 indicere,
1649 4489 2042 4553 causasque
2110 4479 2182 4532 et
2228 4471 2859 4538 determinationes

317 4575 470 4640 fidei
510 4590 802 4646 sanctae
849 4581 1064 4643 toties
1105 4579 1241 4643 iam
1291 4578 1522 4642 factas
1567 4586 1784 4658 atque
1832 4586 2162 4658 receptas
2209 4597 2450 4641 rursus
2483 4598 2750 4661 ponere
2784 4581 2856 4644 in

320 4688 891 4771 controversiam,
961 4687 1178 4752 sentit
1223 4685 1543 4751 nonnihil
1605 4703 1648 4747 a
1694 4684 1996 4747 veritate
2062 4693 2135 4747 et
2179 4683 2464 4768 integra
2509 4687 2857 4769 religione

319 4793 619 4872 profecto
668 4796 1218 4860 dissentaneum.
1313 4791 1459 4856 Sed
1508 4793 1687 4854 haec
1733 4789 2203 4873 inaequalitas
2261 4801 2332 4853 et
2379 4791 2861 4877 discrepantia

323 4901 557 4967 accidit
619 4905 812 4986 quod
875 4903 948 4967 in
994 4921 1257 4983 magno
1307 4906 1660 4965 conventu
1725 4897 1847 4961 ubi
1896 4897 2094 4961 multi
2140 4897 2313 4961 boni
2370 4909 2567 4982 sunt,
2637 4903 2859 4964 malos
