3575 5775
1325 575 1821 636 0—<t3133t}>-0

325 724 444 806 cipi
489 739 826 806 ceperunt
875 726 1229 788 hominem
1280 727 1745 806 abhominari,
1798 735 1869 788 et
1900 745 1979 788 se
2022 747 2165 789 non
2212 725 2406 788 fusse
2454 725 2496 788 l'
2531 723 2695 787 odio
2728 723 2860 786 che

323 837 532 894 hanno
580 843 830 896 contra
861 833 1119 913 Roma,
1169 833 1287 916 gia
1339 833 1660 896 crederei
1707 836 1778 896 la
1828 854 1997 896 cosa
2044 833 2298 914 sopita.
2370 815 2599 897 In'tal
2650 835 2861 894 modo

323 939 426 1021 gia
469 939 538 1001 X
606 940 840 1020 giomi
903 959 1096 1021 vego
1159 961 1302 1002 non
1370 939 1429 1003 si
1497 940 1851 1021 discoprir
1912 939 2029 1022 piu
2092 949 2293 1002 tanto
2343 941 2577 1020 quelle
2625 939 2861 1012 rabie;

323 1047 442 1109 Dio
501 1047 668 1109 volii
734 1050 868 1110 che
917 1047 1088 1130 ogni
1137 1046 1208 1110 di
1257 1048 1506 1110 melior
1554 1068 1885 1111 successo
1934 1067 2027 1110 ne
2074 1047 2438 1122 vediamo;
2507 1047 2577 1109 id
2628 1056 2863 1108 autern

323 1174 510 1234 spero
555 1154 710 1216 fore
758 1157 968 1218 modo
1018 1176 1107 1218 ne
1157 1154 1272 1218 isti
1321 1157 1412 1217 ob
1463 1153 1736 1236 aliquas
1785 1157 2092 1218 latentes
2122 1175 2373 1217 causas
2413 1175 2555 1218 non
2590 1153 2863 1231 fallant,

321 1261 360 1322 il
404 1265 524 1322 che
571 1262 1129 1325 animosamente
1179 1283 1254 1324 se
1301 1262 1656 1325 inducano
1705 1284 1747 1324 a
1796 1261 1951 1324 fare
2000 1283 2089 1324 ex
2140 1283 2279 1344 quo
2312 1271 2474 1324 sunt
2520 1260 2863 1342 persuasi,

322 1368 508 1430 etiam
557 1368 1044 1432 dissentiendo
1093 1389 1136 1430 a
1179 1368 1550 1448 Pontifice,
1599 1369 1871 1450 potersi
1921 1389 2115 1432 esser
2160 1369 2332 1432 boni
2380 1368 2746 1431 christiani
2797 1375 2867 1428 et

319 1477 378 1535 la
423 1475 578 1538 fede
628 1477 982 1538 catholica
1032 1477 1445 1555 consistere,
1497 1476 1686 1560 quod
1734 1478 2025 1540 tandem
2071 1475 2521 1539 falsissimum
2574 1485 2700 1538 est.

478 1582 580 1644 La
626 1585 882 1646 lettera
931 1585 1047 1646 del
1095 1585 1642 1646 salvocondutto
1677 1583 1750 1644 di
1783 1582 2093 1646 Martino
2120 1584 2289 1646 hola
2320 1585 2585 1646 veduta
2618 1591 2869 1664 questa

323 1709 505 1751 mane
565 1699 866 1772 segnata
916 1692 1103 1753 della
1162 1711 1372 1754 mano
1422 1691 1493 1752 di
1543 1689 1797 1762 Cesar;
1864 1711 2005 1754 non
2055 1691 2114 1752 si
2163 1689 2439 1753 solicita
2486 1711 2562 1753 se
2612 1709 2751 1752 non
2800 1691 2870 1749 la

321 1797 534 1858 littera
593 1799 708 1860 del
759 1799 964 1860 Duca
1012 1797 1324 1861 Saxone.
1421 1797 1653 1860 Credo
1704 1800 1836 1860 che
1887 1800 2186 1860 demane
2238 1818 2279 1861 o
2330 1797 2683 1860 dominica
2730 1797 2869 1858 alla

323 1903 422 1984 piu
469 1905 681 1986 longa
731 1906 797 1966 el
847 1906 1116 1968 corrier
1163 1927 1239 1968 se
1288 1905 1559 1986 partita
1609 1915 1679 1968 et
1727 1904 1890 1967 sara
1938 1907 2125 1968 dove
2158 1905 2468 1967 Martino
2516 1904 2585 1966 in
2634 1901 2870 1985 giorni

321 2020 620 2090 quattrot
688 2011 812 2092 poi
859 2011 1168 2076 Martino
1233 2015 1324 2074 ha
1385 2011 1688 2074 termino
1739 2011 1927 2074 XVI
1985 2012 2221 2094 giorni
2269 2013 2335 2074 di
2390 2032 2585 2074 esser
2634 2011 2751 2092 qui
2799 2010 2871 2072 in

321 2116 666 2196 VVormes,
719 2121 852 2181 che
901 2119 1060 2180 sara
1109 2120 1178 2181 la
1227 2121 1541 2182 secunda
1587 2117 1773 2181 festa
1824 2118 1895 2181 di
1944 2118 2244 2183 Pascha.
2331 2119 2471 2182 Dio
2520 2117 2689 2181 volii
2739 2119 2870 2180 che

321 2225 378 2286 la
417 2245 536 2287 sua
579 2236 846 2288 venuta
894 2227 978 2288 sii
1027 2229 1117 2288 ad
1155 2247 1406 2307 pacem
1455 2241 1525 2289 et
1557 2227 2142 2307 tranquillitatem
2173 2227 2560 2290 Ecclesiae.
2633 2225 2869 2305 Cert0‚

325 2333 380 2392 lo
423 2335 548 2395 che
580 2335 614 2396 e
665 2333 851 2396 fatto
895 2333 1136 2395 invitis
1171 2334 1376 2396 nobis
1427 2335 1461 2396 ὲ
1495 2333 1708 2414 fatto,
1751 2343 1823 2396 et
1854 2342 2103 2396 contra
2134 2336 2201 2396 le
2235 2354 2598 2414 promesse
2624 2332 2871 2396 fatteci

323 2439 422 2518 piu
468 2443 660 2502 volte
711 2442 804 2502 da
851 2450 1211 2521 questoro‚
1262 2460 1376 2503 ma
1427 2440 1809 2522 patientia;
1860 2441 1948 2502 V.
1984 2438 2055 2504 S.
2089 2441 2243 2515 Ruga
2274 2439 2459 2503 faeci
2489 2441 2643 2504 fare
2676 2441 2871 2503 costa

325 2547 600 2624 qualche
663 2550 900 2610 buone
963 2547 1266 2611 orationi
1328 2549 1418 2609 ad
1487 2547 1596 2609 cio
1648 2551 1778 2611 che
1830 2548 1969 2610 Dio
2018 2547 2292 2629 ponghi
2340 2549 2409 2609 la
2458 2568 2667 2610 mano
2716 2567 2871 2628 per-

325 2653 433 2714 che}
489 2660 600 2734 qui
673 2675 816 2716 non
877 2657 1134 2718 valeno
1200 2655 1482 2736 dispute
1533 2665 1781 2717 contro
1852 2655 1965 2717 chi
2014 2673 2203 2736 nega
2249 2655 2298 2716 li
2345 2656 2605 2718 auttori
2656 2653 2872 2727 sacri;

327 2761 399 2821 nc
459 2782 705 2824 manco
771 2764 805 2824 ὲ
871 2771 1055 2824 stato
1106 2763 1434 2825 ordinato
1485 2783 1527 2826 o
1577 2766 1884 2826 sarebbe
1933 2762 2382 2826 conducibile
2432 2764 2564 2825 che
2614 2784 2689 2824 se
2741 2762 2873 2822 dis-

327 2877 588 2946 putasse
651 2871 718 2932 le
785 2890 950 2933 cose
999 2871 1192 2934 della
1237 2869 1442 2942 fede,
1507 2869 1883 2953 presertim
1933 2891 2172 2933 coram
2220 2868 2571 2932 iudicibus
2618 2866 2875 2949 iniquis

327 2982 388 3035 et
449 2976 1090 3059 incompetentibus
1107 3028 1124 3059 ‚
1205 3000 1347 3042 non
1419 2989 1764 3060 preeunte
1838 2980 2264 3041 auctoritate
2333 2974 2729 3057 pontificis;
2804 2975 2873 3036 io

327 3087 682 3147 tuttavolta
739 3106 882 3147 non
948 3088 1279 3148 obstante
1345 3097 1595 3168 questo
1658 3107 1836 3149 sono
1898 3086 1970 3148 in
2035 3086 2284 3147 ordine
2352 3088 2407 3146 si
2474 3102 2606 3165 per
2652 3084 2877 3144 haver

329 3189 684 3254 benissimo
745 3193 884 3255 alle
948 3193 1135 3255 mani
1195 3193 1360 3255 tutti
1420 3194 1444 3254 i
1507 3193 1729 3256 scritti
1780 3192 1853 3254 di
1902 3193 2170 3254 Luther
2234 3201 2304 3253 et
2353 3191 2445 3254 de
2492 3190 2645 3252 suoi
2692 3210 2873 3253 com-

329 3295 508 3376 plici,
569 3318 770 3361 come
831 3318 964 3379 per
1028 3300 1252 3362 haver
1319 3298 1907 3381 diligentemente
1956 3302 2132 3362 letto
2182 3298 2497 3378 concilii,
2567 3298 2875 3361 scrittori

329 3403 570 3484 antiqui
618 3414 690 3467 et
739 3406 1060 3469 moderni
1111 3408 1242 3469 che
1295 3406 1533 3470 facino
1583 3409 1651 3469 al
1699 3408 2071 3489 proposito
2123 3406 2193 3467 di
2243 3416 2493 3488 questa
2542 3427 2710 3469 cosa
2748 3426 2879 3487 per

327 3512 653 3576 renderne
699 3515 847 3574 bon
899 3522 1148 3594 conto,
1217 3524 1287 3576 et
1335 3516 1730 3596 persuadet
1777 3536 1819 3577 a
1868 3514 2097 3596 questi
2148 3513 2502 3595 Principi‚
2565 3534 2707 3576 non
2758 3512 2878 3594 gia

331 3634 446 3694 per
501 3639 846 3700 speranza
894 3621 952 3682 si
999 3621 1193 3683 habii
1245 3642 1287 3683 a
1335 3623 1696 3685 convertit
1743 3642 1885 3684 uno
1936 3621 2294 3683 obstinato
2346 3621 2697 3700 hereticO,
2765 3642 2878 3683 ma

331 3740 448 3801 per
491 3728 930 3789 demonstrar
966 3727 1540 3791 evidentemente
1575 3731 1640 3792 le
1675 3728 2163 3791 enormissime
2198 3738 2269 3790 et
2302 3728 2719 3809 paccissime
2759 3729 2875 3789 he-

331 3831 493 3893 resie
555 3844 622 3895 et
679 3834 1216 3897 contradictorii
1265 3838 1398 3899 che
1449 3837 1680 3899 scrive
1731 3845 1982 3919 questo
2032 3834 2309 3898 ribaldo
2361 3830 2432 3898 et
2478 3855 2609 3916 per
2656 3836 2879 3897 veder

335 3936 394 3997 di
448 3947 738 4003 revocar
803 3961 847 4002 a
907 3946 1220 4030 reprobo
1284 3964 1499 4006 sensu
1565 3943 1798 4025 questi
1854 3942 2136 4025 populi,
2200 3942 2248 4005 li
2298 3942 2485 4025 quali
2534 3963 2665 4023 per
2712 3942 2876 4003 odio

335 4045 450 4105 che
509 4048 742 4110 hanno
808 4058 1060 4111 contro
1107 4050 1346 4113 Roma
1409 4072 1550 4113 non
1613 4062 1913 4133 possunt
1974 4070 2268 4113 cernere
2314 4070 2596 4130 verum,
2662 4057 2740 4111 ut
2787 4050 2876 4110 de

336 4148 454 4213 illis
515 4156 758 4217 merito
823 4155 1086 4219 dixerit
1132 4160 1523 4240 propheta:
1592 4162 1837 4221 oculos
1884 4161 2153 4221 habent
2202 4167 2273 4221 et
2320 4178 2459 4220 non
2509 4157 2875 4221 videbunt.

341 4255 384 4317 Il
439 4263 760 4324 mandato
829 4263 1224 4326 alemanico
1288 4266 1357 4325 di.
1424 4265 1686 4346 pigliar
1748 4266 1795 4327 li
1859 4266 2018 4327 libri
2084 4276 2153 4328 et
2214 4264 2577 4327 arrestarli
2640 4264 2733 4326 ad
2778 4263 2876 4326 in·

340 4366 632 4430 stantiam
683 4370 1012 4432 Caesaris
1061 4370 1332 4434 Lunedi
1392 4374 1741 4454 prossimo
1804 4374 1962 4435 sara
2010 4372 2273 4435 fornito
2338 4372 2426 4434 de
2474 4371 2879 4453 imprimere

341 4482 398 4531 ct
442 4474 492 4534 si
539 4476 874 4538 mandara
903 4498 1034 4557 per
1081 4478 1130 4539 li
1173 4478 1465 4542 corrieri
1498 4479 1568 4541 di
1604 4480 1748 4542 Sua
1781 4480 2058 4542 Maesta
2088 4500 2219 4561 per
2248 4488 2431 4542 tutta
2462 4478 2877 4549 Germania3

343 4579 484 4641 delli
530 4584 832 4646 successi
882 4584 1058 4646 darc')
1106 4585 1377 4649 advis0.
1477 4586 1564 4649 V.
1613 4586 1684 4651 S.
1743 4588 1935 4649 Rma
1983 4586 2067 4649 sii
2115 4586 2508 4650 certissima
2553 4588 2685 4649 che
2742 4586 2880 4648 mai

345 4683 388 4743 Si
445 4688 530 4749 ha
589 4700 912 4753 mancato
976 4692 1063 4754 ne
1131 4693 1466 4756 mancara
1525 4694 1636 4757 far
1685 4715 1817 4775 per
1866 4694 1979 4757 noi
2030 4694 2073 4756 l’
2112 4695 2353 4757 ultimo
2403 4694 2474 4756 di
2520 4693 2879 4776 potentia;

347 4800 404 4851 et
445 4797 666 4873 quello
713 4799 749 4860 ὸ
798 4797 984 4860 fatto
1033 4818 1110 4861 se
1159 4820 1300 4863 non
1353 4802 1387 4862 ὲ
1439 4801 1554 4862 del
1603 4812 1786 4863 tutto
1838 4822 1881 4863 a
1928 4810 2171 4864 nostro
2224 4803 2455 4879 modo,
2504 4822 2644 4863 non
2696 4800 2753 4863 si
2786 4801 2879 4862 ha

349 4910 606 4977 possuto
651 4904 761 4967 far
809 4906 991 4967 altro
1041 4926 1334 4987 prorsus
1383 4907 1666 4989 penitus
1716 4918 1786 4971 et
1836 4908 2154 4983 omnino;
2214 4908 2302 4971 ne
2352 4910 2588 4971 hanno
2640 4910 2878 4971 valuto
