3575 5775
1395 554 1888 608 0-<3439{:>-0

368 703 437 756 et
496 693 1042 760 sollicitudinem
1092 696 1281 760 circa
1340 697 1477 762 ista
1539 700 1912 781 adhibeat,
1985 703 2095 766 cui
2143 713 2266 766 tua
2319 705 2669 770 Nobilitas
2731 707 2920 771 omni

368 821 501 882 ope
564 811 634 863 et
696 802 963 866 auxilio
1025 813 1101 866 ut
1148 805 1321 868 velit
1384 805 1763 888 suffragari
1827 808 2016 871 illam
2065 809 2136 872 in
2186 811 2472 875 domino
2537 815 2919 877 hortamur.

540 927 821 990 Romae
870 929 1062 1010 apud
1111 928 1183 992 S.
1234 931 1523 994 Petrum
1573 932 1687 995 die
1741 932 1936 996 XXI
1988 935 2256 1017 Aprilis
2302 935 2688 1000 MDXXV
2733 958 2921 1001 anno

363 1034 697 1096 secundo·

1442 1235 1854 1248 mvsa-§emm

1565 1467 1696 1530 202

940 1579 1259 1660 Clemens
1314 1579 1473 1664 VII.
1532 1516 1773 1663 Garolo
1832 1583 1996 1665 duci
2054 1583 2346 1667 Gelriae.

864 1727 1049 1799 (olem.
1086 1727 1265 1804 spi-t.
1302 1729 1377 1788 ad
1410 1730 1693 1805 Principes
1727 1746 1830 1805 per
1867 1731 2110 1791 Sadolet.
2148 1731 2238 1792 fol.
2273 1733 2410 1802 129.)

1354 1851 1459 1914 (23.
1499 1851 1706 1916 Aprilis
1753 1849 1926 1920 1525.)

534 1991 731 2053 Tuae
782 1989 1063 2054 virtutis
1120 2002 1189 2056 et
1238 2013 1414 2075 erga
1476 2013 1816 2056 summum
1880 1994 2110 2056 Deum
2173 1995 2542 2077 religionis
2603 1999 2917 2078 praecla-

361 2117 509 2160 rum
559 2097 1036 2162 testimonium
1100 2098 1379 2163 litterae
1430 2100 1634 2163 nobis
1693 2111 1860 2164 tuae
1929 2104 2444 2182 praebuerunt;
2521 2103 2591 2167 in
2665 2105 2918 2185 quibus

357 2222 512 2266 cum
562 2204 652 2267 de
698 2205 832 2268 hac
883 2215 1079 2268 tanta
1129 2207 1531 2270 calamitate
1582 2206 2030 2288 Germaniae,
2100 2228 2282 2290 quae
2349 2209 2618 2272 artibus
2667 2231 2917 2292 perpe-

358 2310 489 2373 tuis
550 2311 777 2374 hostis
838 2312 975 2375 Dei
1032 2332 1162 2394 per
1232 2313 1382 2376 eius
1454 2313 1707 2396 impios
1772 2314 2131 2378 ministros
2192 2316 2567 2379 lutherana
2636 2317 2917 2380 haeresi

354 2416 657 2481 infectos
702 2430 1085 2500 procurata
1147 2431 1275 2496 est,
1343 2421 1832 2504 conquereriS,
1895 2421 2354 2504 ostendisque
2404 2425 2722 2487 dolorem
2787 2423 2915 2486 tibi

354 2524 639 2588 afficere
686 2527 823 2590 hoc
872 2527 1185 2590 dedecus
1250 2527 1553 2590 nominis
1602 2527 1864 2592 Christi
1916 2538 1989 2591 et
2051 2529 2479 2594 christianae
2544 2530 2916 2613 religionis

358 2634 699 2696 maculam
759 2643 972 2714 atque
1021 2634 1377 2712 iniuriam,
1448 2643 1593 2698 turn
1644 2645 1719 2697 ut
1768 2655 1937 2698 vere
1987 2657 2318 2718 magnum
2370 2648 2442 2700 et
2486 2637 2684 2719 pium
2730 2637 2915 2720 prin-

360 2740 585 2822 cipem
635 2740 845 2804 decet
902 2740 1208 2804 animum
1271 2741 1675 2824 praesefers
1738 2744 1922 2805 hanc
1995 2753 2264 2806 tantam
2337 2743 2772 2825 impietatem
2844 2753 2917 2808 et

357 2849 584 2911 scelus
642 2847 991 2911 nefarium
1038 2847 1447 2913 vindicandi
1498 2849 1566 2911 in
1627 2869 1767 2931 quo
1833 2849 2040 2912 etiam
2106 2871 2148 2912 a
2194 2849 2402 2914 nobis
2461 2853 2779 2932 postulas
2840 2861 2914 2915 ut

355 2955 477 3018 tibi
525 2956 966 3036 procedendi
1013 2958 1355 3019 adversus
1412 2956 1931 3020 ecclesiasticas
1997 2977 2362 3039 personaS,
2433 2977 2609 3039 quas
2655 2960 2914 3022 multas

355 3062 513 3125 labe
560 3063 697 3124 hac
746 3062 1147 3143 inquinatas
1198 3084 1352 3125 esse
1401 3063 1643 3143 sentiS,
1694 3063 2108 3126 facultatem
2158 3076 2227 3125 et
2276 3073 2704 3146 potestatem
2751 3084 2910 3127 con·
3001 3100 3006 3103 ·

356 3170 613 3231 cedere
672 3169 993 3232 velimus,
1103 3168 1329 3250 Quam
1402 3191 1533 3233 nos
1596 3180 1901 3233 mentem
1973 3181 2045 3233 et
2111 3170 2300 3251 quod
2367 3160 2908 3253 prestantissimi

352 3275 694 3357 principis
742 3276 1051 3337 studium
1100 3276 1393 3357 dignum
1443 3276 1579 3339 ista
1646 3277 2017 3340 nobilitate
2076 3286 2147 3339 et
2216 3277 2351 3339 ista
2407 3276 2668 3339 virtute
2726 3298 2908 3361 quae

350 3383 553 3447 nobis
601 3402 883 3464 semper
930 3382 1001 3445 in
1050 3394 1121 3446 te
1171 3384 1465 3465 egregia
1515 3394 1585 3448 et
1612 3404 1874 3467 magna
1919 3394 2300 3466 perspecta
2347 3384 2497 3463 fuit,
2528 3386 2909 3449 vehemen-

352 3498 457 3553 ter
502 3490 576 3553 in
627 3490 931 3552 Domino
982 3491 1554 3553 commendamus
1602 3491 1934 3572 omnique
1984 3502 2226 3553 nostra
2273 3491 2776 3554 benevolentia
2841 3501 2913 3556 et

354 3597 698 3659 charitate
758 3596 1321 3678 complectimur,
1389 3597 1889 3680 dominumque
1947 3598 2178 3661 Deum
2244 3599 2602 3680 supplices
2665 3618 2910 3662 exora-

356 3724 503 3768 mus
552 3714 633 3766 ut
678 3704 801 3766 tali
854 3714 924 3766 et
969 3712 1111 3766 tam
1161 3704 1513 3766 catholico
1562 3704 1867 3787 principi
1917 3726 2228 3787 suaeque
2262 3704 2544 3768 divinae
2593 3706 2911 3769 maiesta-

354 3811 435 3875 tis
505 3810 761 3875 honori
811 3811 909 3874 ita
959 3812 1202 3875 dedito
1276 3812 1591 3874 secunda
1661 3812 1896 3874 omnia
1978 3820 2050 3874 et
2113 3832 2462 3895 prospera
2511 3814 2908 3875 concedere

355 3918 708 4001 dignetur.
804 3917 1013 3998 Quod
1076 3938 1249 3980 vero
1326 3920 1415 3979 ad
1484 3918 1850 4000 negotium
1909 3918 2134 4000 ipsum
2200 3919 2486 3997 attinet,
2558 3917 2910 3980 credimus

354 4023 704 4089 nobilitati
753 4034 917 4087 tuae
968 4045 1125 4087 esse
1173 4034 1416 4087 notum
1466 4044 1603 4106 quo
1653 4045 1783 4087 nos
1833 4024 2086 4105 studi0‚
2137 4045 2278 4108 qua
2318 4023 2791 4087 sollicitudine
2839 4032 2912 4087 et

356 4152 521 4197 cura
569 4152 711 4195 non
761 4130 1013 4195 litteris
1062 4134 1287 4195 solum
1337 4141 1407 4194 et
1454 4132 1866 4212 scribendO,
1919 4134 2045 4195 sed
2095 4132 2352 4214 legatis
2403 4130 2674 4194 nunciis
2724 4151 2906 4193 com·

356 4239 830 4321 missariisque
878 4238 1139 4301 nostris
1188 4238 1547 4302 mittendis
1606 4238 1921 4301 excitare
1986 4238 2288 4302 animum
2353 4239 2664 4301 omnium
2721 4237 2906 4320 prin-

356 4346 582 4427 cipum
635 4344 1063 4409 Germaniae
1112 4344 1346 4409 conati
1396 4345 1734 4408 fuerimus
1780 4354 1860 4407 ut
1907 4365 2064 4407 cum
2109 4344 2313 4407 ruina
2367 4353 2437 4406 et
2488 4345 2910 4408 detrimento

358 4452 781 4516 christianae
828 4472 1044 4515 verae
1092 4450 1259 4517 fidei
1308 4453 1583 4515 cladem
1632 4473 1914 4533 quoque
1965 4452 2073 4513 sui
2121 4462 2193 4514 et
2248 4451 2520 4514 ruinam
2583 4450 2907 4514 coniunc-

360 4570 493 4623 tam
566 4580 657 4623 ne
702 4558 1211 4640 affirmaretur,
1276 4559 1402 4621 sed
1468 4558 1847 4622 obviarent
1892 4558 2133 4641 pravis
2179 4556 2550 4641 principiis
2614 4577 2909 4640 quorum

358 4664 529 4731 fines
577 4676 647 4729 et
696 4665 928 4729 exitus
976 4674 1054 4728 ut
1102 4665 1415 4746 ipsorum
1464 4664 1765 4748 primum
1814 4664 2198 4746 perniciem
2248 4674 2487 4727 essent
2533 4664 2906 4746 irrupturi:

358 4771 422 4837 in
474 4794 612 4855 qua
658 4772 1143 4835 admonitione
1194 4782 1264 4835 et
1312 4771 1803 4835 cohortatione
1853 4793 1894 4834 a
1943 4772 2163 4834 nostri
2211 4770 2664 4855 pontificatus
2712 4771 2909 4834 initio

358 4896 573 4964 usque
622 4881 714 4943 ad
762 4880 949 4942 hunc
1000 4878 1185 4943 diem
1234 4878 1499 4942 assidui
1546 4878 1824 4959 fuimuS,
1876 4879 2200 4942 dolentes
2249 4888 2321 4941 et
2353 4887 2720 4963 gementes
2752 4898 2910 4943 eum

3487 5363 3525 5409 ,Η
