3575 5775
1338 547 1454 604 0·<f3
1535 547 1636 604 109
1713 546 1831 604 8><>

333 698 494 764 modi
553 697 692 762 alia
750 696 1099 761 mentiens
1161 696 1255 758 ad
1312 705 1382 760 te
1433 696 1750 758 scribere
1801 717 1881 758 ac
1930 699 2169 777 palam
2220 698 2545 762 omnibus
2594 711 2865 782 protes·

333 809 463 889 tari,
507 817 788 870 temere·
823 803 1272 888 presumpsit,
1325 813 1710 886 propterea
1741 803 1969 866 visum
2020 814 2129 866 est
2176 805 2381 868 nobis
2413 808 2677 870 nullum
2724 809 2863 889 qui-

332 917 468 978 dem
513 912 677 996 ipsi,
739 914 832 976 ad
889 921 994 975 tot
1053 921 1124 975 et
1184 922 1326 973 tam
1377 911 1781 991 importuna
1834 910 1985 972 eius
2030 913 2401 975 mendacia
2449 934 2867 996 responsum

333 1023 500 1103 dare,
567 1021 768 1084 cuius
812 1019 1033 1082 falsas
1084 1027 1156 1081 et
1201 1017 1557 1081 hereticas
1591 1017 1985 1099 opiniones,
2038 1038 2213 1080 sano
2260 1021 2721 1100 plurimorum
2772 1023 2865 1086 iu-

330 1129 494 1192 dicio
543 1127 849 1191 reiectas
898 1137 970 1190 et
1015 1127 1441 1208 reprobatas
1473 1125 1726 1188 merito
1761 1124 2271 1206 damnavimuS,
2314 1127 2686 1211 ipsumque
2721 1140 2866 1193 tan-

331 1257 516 1318 quam
577 1237 966 1299 membrum
1025 1234 1388 1315 putridum
1449 1253 1494 1294 a
1547 1231 1862 1294 fidelium
1925 1233 2283 1296 consortio
2346 1237 2867 1300 excludendum

333 1353 392 1406 et
435 1345 521 1406 ab
585 1341 914 1406 omnibus
985 1341 1352 1403 vitandum
1421 1359 1575 1404 esse
1639 1338 2192 1420 declaravimuS,
2268 1344 2393 1404 sed
2474 1343 2869 1408 celsitudini

327 1463 468 1514 tuae
500 1459 805 1532 paterna
838 1449 1184 1511 charitate
1209 1445 1615 1530 significare
1645 1446 2214 1529 deliberavimuS,
2268 1469 2355 1511 ne
2386 1451 2653 1513 homini
2684 1475 2865 1516 men-

327 1557 702 1635 dacissimO,
753 1565 824 1618 et
871 1555 1006 1618 sibi
1055 1554 1268 1618 etiam
1301 1554 1440 1635 ipsi
1476 1556 1576 1635 (ut
1609 1553 1992 1615 mendaces
2026 1561 2574 1638 consueverunt)
2606 1559 2867 1623 dissen-

326 1665 506 1727 tienti
553 1664 768 1728 fidem
817 1663 1124 1744 aliquam
1173 1671 1497 1744 prestare
1529 1661 1722 1740 velit,
1773 1660 1894 1742 qui
1928 1662 2093 1723 dum
2127 1662 2399 1742 asserit,
2450 1685 2525 1726 se
2575 1665 2871 1730 invitum

325 1772 384 1834 in
407 1773 764 1854 publicum
791 1770 1095 1849 venisse,
1130 1789 1210 1831 ac
1237 1769 1308 1832 vi
1337 1778 1408 1831 et
1441 1767 1712 1830 insidiis
1745 1768 2105 1848 proditum
2140 1769 2509 1852 scripsisse
2536 1774 2869 1855 quicquid

324 1879 614 1962 scripsit,
645 1880 898 1960 procul
931 1877 1147 1939 dubio
1183 1877 1390 1938 nobis
1418 1896 1500 1938 ac
1536 1874 1893 1956 Majestati
1915 1875 2110 1936 Tuae
2142 1877 2611 1959 omnibusque
2642 1883 2867 1945 decla·

323 1996 438 2066 rat,
467 2007 544 2049 se
579 1986 980 2067 improbum
1015 2003 1096 2045 ac
1129 1981 1647 2061 detestabilem,
1697 1991 1768 2042 et
1816 1981 2037 2061 ipsius
2087 1981 2371 2062 diaboli,
2421 1985 2601 2048 sicut
2649 2007 2872 2070 opera

324 2092 458 2156 eius
505 2094 788 2170 docent,
839 2089 1232 2154 ministrum
1266 2099 1338 2152 et
1366 2088 1907 2152 instrumentum
1938 2088 2204 2151 factum
2238 2093 2675 2157 conscientia
2717 2096 2873 2178 ipsa

323 2220 518 2280 quam
549 2199 756 2262 nobis
789 2219 831 2258 a
861 2199 1020 2259 Deo
1056 2199 1296 2260 datam
1329 2217 1535 2260 nemo
1579 2195 1901 2278 effugere
1936 2198 2053 2258 vel
2086 2218 2128 2259 a
2162 2219 2239 2259 se
2288 2197 2445 2279 ipso
2492 2201 2871 2284 seiungere

323 2316 545 2387 potest
575 2306 906 2368 continue
937 2304 1196 2384 subigi,
1245 2314 1322 2365 ut
1351 2303 1715 2385 proprium
1747 2305 1981 2366 scelus
2021 2304 2323 2384 intuens,
2371 2305 2545 2368 illud
2578 2320 2872 2392 propter

323 2414 458 2476 eius
483 2413 986 2476 immanitatem
1016 2412 1404 2475 abhorrere
1433 2421 1751 2492 cogatur,
1781 2420 1855 2472 et
1878 2411 1936 2473 si
1956 2411 2183 2492 possit
2207 2412 2525 2494 effugere
2552 2425 2872 2499 temptet,

322 2522 424 2582 vel
441 2520 512 2582 in
531 2521 744 2582 alium
773 2519 1166 2592 declinare;
1195 2518 1450 2580 videns
1474 2518 1714 2599 itaque
1741 2521 1953 2582 homo
1980 2519 2316 2600 nefarius,
2348 2523 2538 2603 quod
2568 2535 2638 2584 et
2664 2528 2871 2605 quale

321 2625 708 2689 incendium
763 2626 1206 2706 excitaverit,
1256 2637 1635 2707 postquam
1684 2627 1934 2688 domus
1984 2645 2152 2688 suae
2200 2627 2272 2688 in
2322 2648 2463 2708 qua
2489 2631 2867 2711 professio—

323 2753 474 2796 nem
533 2733 906 2814 emiserat,
973 2735 1232 2796 cellula
1295 2751 1660 2814 egressuS‚
1728 2732 2183 2796 obedientiae
2242 2735 2485 2816 iugum
2535 2739 2871 2820 excussit,

323 2851 388 2902 et
430 2839 838 2905 ambitionis
883 2848 1099 2904 vento
1133 2838 1418 2903 inflatus
1447 2839 1953 2922 apostasiaque
1988 2849 2157 2903 nota
2194 2861 2640 2927 conspersus,
2689 2847 2875 2911 inter

326 2948 692 3011 seditiosos
741 2951 1140 3028 ambulare,
1207 2948 1616 3028 insciaeque
1683 2948 1919 3029 plebis
1968 2948 2238 3011 animos
2288 2960 2613 3031 captare,
2665 2965 2735 3017 et
2783 2959 2873 3018 acl

321 3076 428 3119 res
473 3076 700 3119 novas
747 3055 1134 3127 sollicitare
1191 3055 1417 3137 cepit,
1483 3076 1566 3118 ac
1637 3076 1722 3118 ea
1787 3076 1927 3117 non
1999 3058 2221 3119 solum
2271 3058 2675 3140 predicare,
2748 3064 2873 3124 sed

323 3164 522 3226 etiam
573 3163 889 3225 scribere
937 3183 1020 3225 ac
1069 3162 1440 3244 publicare
1490 3163 1958 3243 presumpsit,
2008 3182 2191 3243 quae
2238 3162 2307 3225 in
2358 3170 2626 3246 populo
2677 3188 2876 3231 scan-

323 3270 548 3333 dalum
595 3281 670 3331 et
717 3270 787 3331 in
837 3270 1160 3332 Ecclesia
1209 3270 1346 3331 Dei
1404 3290 1541 3331 non
1595 3269 1953 3331 mediocre
2003 3270 2368 3333 dissidium
2419 3290 2875 3357 pepererunt,

325 3380 594 3458 culpam
637 3377 982 3441 transfert
1035 3375 1109 3438 in
1167 3397 1324 3456 e05,
1394 3377 1513 3457 qui
1575 3376 1803 3458 ipsum
1853 3380 1945 3439 ab
1995 3377 2272 3441 insania
2324 3379 2667 3463 liberare,
2718 3394 2787 3445 et
2836 3404 2877 3446 a

323 3484 670 3563 perversis
719 3484 1082 3547 erroribus
1128 3485 1200 3546 in
1251 3504 1430 3565 quos
1458 3487 1841 3566 prolapsus
1889 3486 2123 3548 fuerat
2174 3488 2513 3571 eximere,
2558 3490 2878 3555 fraterna

325 3591 658 3655 charitate
727 3591 1176 3663 studuerunt:
1266 3593 1616 3655 neminem
1697 3594 1939 3675 itaque
2018 3593 2169 3656 iure
2237 3616 2575 3659 accusare
2641 3608 2878 3680 potest

327 3718 524 3778 quam
573 3720 652 3763 se
699 3700 930 3781 ipsum
982 3700 1276 3781 eiusque
1335 3701 1586 3762 ducem
1629 3704 2019 3780 sathanam,
2070 3703 2188 3783 qui
2239 3703 2465 3785 ipsum
2516 3726 2553 3765 e
2602 3707 2879 3769 latebra

328 3806 669 3887 extraxit,
735 3826 820 3868 ac
889 3806 1352 3889 pernitiosum
1423 3809 1616 3898 virus
1666 3827 2040 3889 spargere,
2108 3811 2487 3891 omniaque
2536 3812 2877 3892 pestifero

329 3912 564 3991 spiritu
615 3920 949 3977 contacta
999 3912 1291 3977 inficere
1339 3915 1601 3979 docuit.
1711 3916 1860 3977 Nec
1929 3925 2037 3978 est
2092 3919 2283 3998 quod
2341 3918 2490 3980 iure
2540 3920 2880 4000 conqueri

330 4020 540 4097 possit
600 4042 680 4083 se
739 4030 1036 4103 propter
1100 4023 1589 4102 evangelicam
1647 4022 2021 4085 veritatem
2066 4026 2286 4087 multa
2343 4026 2646 4087 adversa
2709 4027 2878 4111 pati,

329 4144 473 4187 cum
519 4128 760 4209 potius
805 4127 1102 4209 gloriari
1149 4141 1414 4209 posset,
1463 4132 1652 4211 quod
1703 4131 2167 4210 evangelicae
2218 4132 2534 4194 veritatis
2582 4141 2869 4197 temera-

330 4230 466 4294 rius
527 4244 908 4316 corruptor
980 4255 1064 4297 ac
1141 4244 1545 4299 sanctorum
1629 4257 1877 4299 sacrae
1958 4238 2348 4318 scripturae
2415 4239 2879 4321 interpretum

333 4338 780 4421 blasphemus
848 4350 919 4404 et
985 4343 1484 4423 calumniator,
1553 4356 1693 4407 tarn
1761 4344 1879 4406 diu
1942 4344 2278 4408 manserit
2356 4346 2771 4429 impunituS,
2822 4352 2880 4412 si

331 4445 494 4509 haec
541 4458 780 4511 tamen
831 4448 1163 4530 supplicii
1214 4450 1486 4513 dillatio
1536 4450 1774 4533 potius
1824 4453 2127 4513 dicenda
2176 4462 2283 4514 est
2332 4473 2541 4534 quam
2586 4458 2676 4518 ad
2726 4476 2880 4535 gra·
2956 4514 2973 4527 ,

337 4552 536 4616 vioris
597 4555 962 4619 vindictae
1029 4576 1330 4637 poenam
1402 4560 1817 4623 reservatio,
1918 4560 2157 4622 Audet
2226 4560 2437 4623 etiam
2506 4562 2882 4627 homuncio

340 4656 460 4721 iste
504 4672 694 4725 totus
743 4684 836 4725 ex
885 4666 1180 4745 scelere,
1231 4677 1302 4727 et
1349 4667 1720 4729 mendacio
1752 4677 2185 4748 compactuS,
2236 4670 2638 4750 captandae
2690 4672 2860 4734 mise

339 4763 668 4832 ricordiae
717 4791 933 4833 causa
982 4772 1241 4852 dicere,
1293 4794 1367 4835 se
1417 4774 1680 4837 frustra
1727 4774 2011 4837 veniam
2042 4784 2311 4857 petere,
2362 4776 2624 4839 frustra
2674 4778 2880 4841 silen-

343 4871 504 4937 tium
549 4876 842 4959 offerre,
893 4898 1048 4941 cum
1101 4890 1492 4943 erratorum
1543 4885 1848 4963 veniam,
1898 4883 1955 4945 si
2004 4902 2080 4945 se
2131 4882 2527 4966 corrigere,
2577 4888 2878 4967 culpam-
