3575 5775
1695 609 2191 671 0-<2355ssspw

664 756 917 823 fuerim
951 758 1353 840 prohibitus
1400 759 1856 841 sponsionem
1907 778 2132 821 meam
2182 757 2606 839 adimplere;
2641 756 3068 839 rogavitque
3113 776 3224 819 me

663 885 751 929 ne
800 873 967 928 ante
1028 886 1257 929 meum
1330 866 1635 929 reditum
1692 876 1765 929 et
1823 866 2150 929 iteratam
2214 885 2451 929 secum
2519 864 3224 927 communicationem

660 992 874 1053 super
921 974 1052 1035 hac
1102 974 1399 1036 materia
1448 970 1635 1035 SS¹¹¹0
1685 974 1781 1035 D⁰
1849 972 1932 1036 N.
1983 974 2072 1035 de
2123 993 2199 1036 se
2249 991 2468 1035 suave
2499 972 2966 1053 responsione
3015 990 3224 1053 quam

660 1079 1113 1143 tumultuarie
1146 1091 1221 1143 et
1250 1100 1345 1143 ex
1378 1080 1763 1162 improviso
1811 1080 2260 1159 reddidisset,
2310 1079 2688 1161 quicquam
2735 1078 3223 1142 rescriberem.

662 1186 939 1251 Certior
1009 1197 1242 1251 autem
1308 1187 1539 1251 factus
1599 1207 1711 1249 me
1769 1206 1911 1249 non
1974 1187 2362 1249 rediturum
2428 1187 2562 1249 hac
2625 1186 2782 1249 vice
2831 1186 3224 1248 Lovanium

658 1313 789 1373 per
836 1292 1107 1357 litteras
1154 1294 1601 1376 Egmondani
1650 1293 1820 1357 mihi
1866 1294 2240 1377 respondit
2304 1292 2533 1375 pridie
2607 1294 2730 1355 kal
2779 1290 3225 1376 Septembris

657 1398 811 1463 fere
858 1400 1039 1464 sicut
1087 1401 1317 1483 prius;
1366 1401 1605 1465 mirari
1668 1400 1938 1464 scilicet
2001 1420 2076 1464 se
2143 1420 2326 1475 rem;
2392 1401 2732 1464 adiiciens
2796 1420 2871 1462 se
2943 1399 3223 1481 plenius

657 1527 1159 1590 responsurum
1226 1509 1349 1573 ubi
1414 1529 1582 1571 suus
1644 1507 2113 1571 Provincialis
2145 1518 2247 1571 =et
2311 1508 2595 1589 quidem
2653 1509 2836 1570 alter
2881 1508 3224 1589 magister

657 1613 765 1677 sui
800 1614 1087 1679 Ordinis
1122 1616 1527 1679 haereticae
1560 1614 1938 1698 pravitatis
1966 1614 2037 1676 in
2070 1614 2339 1678 Ordine
2371 1614 2493 1676 illo
2543 1614 2917 1694 inquisitor
2964 1634 3219 1692 secum,

656 1719 949 1805 ipseque
1001 1742 1159 1785 curn
1205 1721 1343 1786 illis
1392 1722 1914 1787 convenissent.
2011 1721 2220 1803 Quod
2270 1722 2548 1803 plenius
2595 1739 3016 1801 responsum
3065 1740 3218 1783 cum

658 1829 1021 1911 hucusque
1078 1831 1172 1892 ad
1230 1850 1345 1894 me
1392 1850 1536 1893 non
1581 1830 2031 1911 pervenerit,
2078 1828 2386 1891 fortasse
2432 1828 2598 1909 quia
2646 1827 2774 1891 S¹¹²⁰
2821 1828 2908 1893 D.
2958 1828 3046 1894 N.
3095 1846 3222 1910 per

658 1934 919 1999 dictum
948 1936 1491 2000 Procuratorem
1540 1936 1609 1998 in
1660 1938 1837 1998 urbe
1887 1935 2316 1998 residentem
2363 1935 2530 1997 viva
2576 1954 2754 1997 voce
2802 1934 3222 2016 responderi

658 2043 1053 2123 curaverit,
1103 2062 1243 2106 non
1292 2043 1539 2125 putavi
1588 2062 1728 2125 ego
1776 2042 1946 2105 mihi
1998 2041 2259 2104 diutius
2308 2040 2775 2105 differendum
2824 2040 3218 2104 rescribere

656 2147 807 2210 ΚΜ
848 2150 978 2211 D¹²⁰
1020 2169 1179 2214 meo
1212 2150 1509 2213 Datario
1556 2150 1727 2231 quid
1770 2168 1928 2211 cum
1977 2150 2184 2212 dictis
2216 2149 2684 2231 Egmondano
2735 2158 2806 2211 et
2840 2148 3216 2212 Vincentio

654 2253 725 2317 in
772 2274 851 2319 re
900 2257 1069 2320 mihi
1118 2257 1493 2321 commissa
1540 2257 1869 2338 egissem.
1987 2255 2146 2337 Qua
2201 2256 2271 2318 in
2319 2276 2400 2318 re
2447 2276 2590 2319 non
2638 2257 2958 2319 omittam
3007 2255 3218 2319 etiam

656 2382 885 2429 meam
932 2364 1359 2427 sententiam
1390 2366 1581 2427 dicto
1613 2363 1920 2427 Domino
1954 2384 2109 2425 meo
2143 2383 2275 2445 per
2307 2364 2860 2427 dominationem
2909 2372 3218 2426 vestram

655 2481 725 2533 et
770 2490 903 2552 per
951 2492 1130 2552 eum,
1181 2472 1240 2533 si
1285 2471 1666 2549 videbitur,
1716 2469 1906 2534 SS¹¹¹⁰
1931 2471 2093 2533 Dno
2144 2481 2386 2533 nostro
2423 2470 2808 2553 explicare,
2856 2470 3074 2552 idque
3119 2468 3218 2533 ita

652 2576 822 2641 mihi
872 2578 1069 2641 Deus
1116 2578 1544 2657 benefaciat,
1594 2598 1866 2641 summa
1912 2580 2070 2640 cum
2117 2577 2260 2639 fide
2293 2588 2362 2640 et
2394 2577 2848 2659 synceritate.
2912 2577 3218 2639 Videtur

654 2683 896 2765 itaque
946 2683 1114 2749 mihi
1161 2706 1277 2748 res
1324 2686 1500 2747 haec
1551 2706 1705 2747 esse
1756 2685 2042 2766 quidem
2091 2684 2160 2746 in
2214 2704 2290 2747 se
2325 2704 2463 2746 non
2499 2686 2712 2747 valde
2744 2702 3039 2765 magna:
3091 2685 3216 2747 sed

656 2801 897 2855 tamen
943 2803 1243 2874 propter
1308 2812 1395 2854 ea
1457 2813 1641 2873 quae
1704 2792 1870 2855 inde
1927 2791 2126 2873 sequi
2191 2802 2488 2873 possunt
2557 2812 2698 2853 non
2766 2810 2924 2853 esse
2993 2810 3217 2872 parva

650 2901 1067 2981 reputanda.
1162 2901 1439 2963 Norunt
1486 2921 1791 2982 namque
1857 2919 2102 2963 omnes
2163 2920 2373 2980 quam
2440 2919 2688 2982 parum
2749 2898 3053 2978 utiliter,
3127 2919 3214 2962 ne

654 3005 885 3070 dicam
930 3006 1341 3089 pernitiose,
1390 3005 1725 3070 Erasmus
1772 3005 2135 3089 scripserit
2183 3008 2252 3069 in
2301 3027 2560 3088 magna
2607 3006 3029 3087 scriptorum
3063 3025 3212 3068 suo·

650 3133 803 3176 rum
852 3124 1058 3195 parte
1105 3135 1289 3195 quae
1338 3113 1551 3176 fidem
1598 3135 1679 3177 ac
1742 3113 2160 3195 religionem
2229 3112 2657 3194 respiciunt:
2707 3123 2793 3176 ·et
2855 3113 3211 3194 quomodo

653 3240 745 3282 ex
808 3219 1093 3302 scriptis
1150 3221 1297 3283 eius
1368 3220 1650 3304 plurimi
1724 3221 1872 3283 eius
1939 3221 2406 3284 admiratores
2475 3221 2732 3302 (qualis
2798 3220 3012 3283 etiam
3075 3239 3210 3302 ego

652 3347 811 3392 esse
858 3325 1086 3413 soleo)
1152 3329 1363 3391 valde
1418 3327 1640 3390 adiuti
1707 3327 1848 3390 sint
1896 3328 1987 3389 ad
2034 3326 2314 3392 facilius
2361 3327 2858 3409 amplectenda
2902 3326 3210 3408 pessima

651 3435 991 3515 dogmata
1038 3435 1605 3497 Lutheranorum
1654 3443 1725 3498 et
1773 3436 1957 3496 male
2029 3433 2383 3497 sentiendi
2439 3436 2529 3497 de
2599 3435 2836 3498 multis
2899 3432 3208 3496 articulis

648 3537 837 3620 fidei,
886 3541 1194 3604 maxime
1241 3543 1331 3604 de
1380 3541 1686 3622 primatu
1734 3540 1931 3603 Petri
1981 3551 2052 3604 et
2098 3539 2409 3603 Romani
2459 3539 2860 3620 PontificiS‚
2926 3541 3017 3603 de
3077 3539 3204 3602 vir·

648 3655 799 3710 tute
844 3647 1309 3710 humanarum
1332 3647 1934 3728 constitutionum,
1985 3648 2074 3710 de
2109 3648 2601 3730 Indulgentiis‚
2635 3649 2726 3712 de
2761 3645 3206 3710 confessione

651 3761 722 3815 et
768 3753 1004 3818 multis
1053 3754 1209 3818 aliis
1256 3756 1347 3817 de
1396 3755 1653 3836 quibus
1700 3755 1823 3818 ille
1871 3754 1942 3816 in
1993 3755 2354 3835 opusculis
2421 3756 2565 3818 suis
2611 3757 2991 3818 multorum
3039 3754 3202 3816 iudi·

650 3859 763 3922 cio
820 3881 960 3926 non
1034 3860 1205 3924 satis
1272 3862 1389 3945 pie
1448 3882 1678 3944 neque
1742 3862 2090 3925 catholice
2149 3862 2342 3943 loqui
2409 3863 2710 3925 videtur.
2819 3861 3203 3924 Praeterea

647 3969 839 4049 quod
886 3989 1105 4051 supra
1175 3990 1265 4033 ex
1340 3970 1581 4032 verbis
1636 3969 2088 4051 Egmondani
2149 3968 2400 4050 scripsi
2451 3988 2610 4032 eum
2657 3989 2790 4051 per
2837 3968 3202 4050 epistolam

645 4075 1003 4140 hortatum
1051 4076 1269 4140 fuisse
1318 4077 1701 4140 Lutherum
1750 4097 1889 4139 non
1940 4077 2224 4157 quidem
2257 4085 2334 4138 ut
2367 4075 2640 4138 faceret
2672 4076 2863 4157 quod
2899 4073 3204 4137 faciebat

646 4191 719 4243 et
766 4182 955 4263 quod
1004 4183 1308 4264 pessime
1357 4194 1717 4265 caeperat,
1766 4184 1894 4245 sed
1942 4193 2020 4244 ut
2066 4182 2138 4244 id
2186 4191 2535 4264 perpetuo
2583 4181 2894 4261 faceret,
2963 4179 3196 4244 audivi

649 4307 741 4350 ex
798 4291 1103 4370 quodam
1162 4291 1569 4354 doctissimo
1642 4301 1713 4352 et
1772 4288 1917 4352 fide
1975 4289 2390 4372 dignissimo
2451 4289 2604 4351 viro
2667 4289 2932 4353 factum
2987 4288 3200 4351 fuisse

646 4395 738 4455 ab
790 4415 874 4458 eo
924 4397 1134 4459 etiam
1184 4407 1649 4478 posteaquam
1699 4396 2050 4460 Lutherus
2096 4397 2464 4478 inceperat
2511 4396 2884 4460 manifeste
2932 4415 3202 4458 venena

647 4519 775 4563 sua
822 4500 1229 4575 effundere;
1275 4503 1647 4587 ipsamque
1715 4503 2089 4585 epistolam
2155 4523 2294 4585 qua
2362 4505 2498 4586 hoc
2546 4501 2878 4565 Erasmus
2925 4500 3200 4583 scripsit

648 4627 805 4670 esse
852 4608 1138 4690 publice
1193 4611 1669 4693 impressam¹)
1803 4610 2012 4691 Quod
2075 4611 2135 4672 si
2203 4609 2303 4673 ita
2369 4621 2476 4672 est
2537 4609 2780 4673 nescio
2848 4610 3199 4691 quomodo

794 4805 833 4876 ¹)
872 4809 1119 4857 Fortasse
1180 4807 1267 4856 hic
1319 4809 1493 4870 agitur
1542 4809 1607 4856 de
1674 4805 1918 4870 Epistola
1981 4807 2214 4855 Luthero
2271 4807 2396 4855 data
2445 4821 2582 4854 anno
2643 4815 2773 4868 1519
2823 4807 2887 4854 de
2938 4821 3042 4869 qua
3091 4805 3200 4869 ipse

648 4889 897 4938 Erasmus
935 4888 1121 4937 scribit
1146 4903 1283 4937 anno
1318 4899 1451 4951 1524
1493 4887 1884 4937 Melanchtoni:
1925 4889 2042 4945 „Ne
2081 4887 2362 4936 scriberem
2401 4885 2660 4950 persuasit
2688 4885 2781 4934 illa
2817 4885 2988 4948 prima
3007 4887 3076 4934 ad
3097 4885 3200 4934 Lu·

645 4967 851 5021 therum
891 4969 1119 5034 epistola
1156 4985 1349 5032 magno
1397 4983 1514 5018 meo
1562 4968 1800 5034 periculo
1839 4967 2033 5018 edita‘·.
2107 4967 2374 5034 (Eram-i:
2419 4967 2587 5031 Epist.
2637 4967 2888 5020 DCCIII.
2937 4965 3032 5020 fol.
3083 4965 3201 5030 817.
