3575 5775
1466 586 1964 650 0-43489854

420 735 735 824 flagrare
800 737 1167 818 incendio,
1238 739 1667 804 stabilienda
1730 741 1972 804 veniat
2036 759 2126 802 ne
2184 735 2516 804 concidat
2578 735 2863 805 omnino
2927 735 2996 804 in

427 858 753 930 apertum
800 848 1240 931 Reipublice
1290 847 1690 912 Christiane
1760 849 2040 928 malum,
2093 867 2314 929 cogor
2382 849 2695 930 undique
2767 869 2997 912 corra-

426 956 602 1018 dere
658 977 769 1036 eS,
842 975 982 1037 quo
1030 955 1089 1018 si
1149 975 1288 1019 non
1336 975 1737 1037 emergam,
1782 955 1975 1038 quod
2031 956 2319 1019 tandem
2377 958 2727 1019 concedat
2776 957 2998 1036 DeuS,

428 1064 683 1124 saltem
749 1063 1117 1125 sublevem
1183 1071 1259 1125 et
1304 1060 1722 1125 subfulciam
1793 1062 2196 1126 notissimas
2261 1083 2457 1125 meas
2523 1060 2999 1129 difficultates.

428 1169 681 1252 Itaque
744 1168 1067 1252 supplico
1140 1169 1577 1233 Beatitudini
1641 1170 1902 1232 Vestre
1981 1179 2056 1233 ut
2122 1189 2463 1232 summam
2525 1168 2878 1251 prefatam
2941 1170 3000 1233 si

428 1276 742 1338 nondum
820 1286 1009 1340 esset
1078 1277 1525 1357 demandata,
1599 1276 1826 1340 Nobis
1892 1296 2022 1358 per
2081 1275 2603 1340 Nummularios
2651 1277 2996 1340 Fuccarei

430 1382 665 1445 Banci
714 1384 1128 1446 solvendam
1176 1384 1419 1447 iubeat
1466 1384 1618 1448 sine
1668 1384 2140 1447 cunctatione.
2221 1382 2810 1466 Quandoquidem
2859 1405 2998 1448 non

430 1489 703 1552 desisto
764 1489 943 1553 inire
993 1511 1507 1573 quamcumque
1556 1491 1941 1572 rationem,
2006 1512 2146 1573 qua
2193 1491 2406 1554 liceat
2451 1492 2524 1554 in
2569 1492 2681 1555 his
2727 1492 3000 1574 pericu-

431 1597 801 1660 losissimis
872 1599 1445 1681 Decumanisque
1511 1598 1846 1664 fluctibus
1917 1599 2201 1662 cadenti
2271 1619 2686 1663 succurrere
2753 1598 2998 1662 Sacer-

432 1703 652 1784 doti0,
704 1725 746 1766 a
794 1725 933 1786 quo
964 1707 1043 1786 si,
1080 1709 1411 1788 neglecta
1457 1706 1748 1788 pietate,
1800 1707 2104 1788 iniquior
2153 1727 2310 1770 esse
2360 1708 2593 1788 velim,
2643 1710 2833 1770 haud
2884 1707 3003 1770 diu

432 1811 667 1874 aberit
733 1812 1047 1876 exitium.
1145 1810 1289 1876 Sed
1356 1813 1619 1894 privati
1687 1815 1948 1877 oblitus
2007 1815 2389 1890 commodi,
2460 1817 2806 1878 hactenus
2871 1833 3001 1896 pro

434 1919 837 1982 adserenda
870 1920 1287 2003 Relligione
1338 1931 1409 1983 et
1458 1923 1952 1984 conservanda
1982 1921 2482 1984 Ecclesiastica
2529 1943 2607 1984 re
2655 1921 2827 1984 nihil
2862 1942 3002 1984 non

432 2047 477 2086 a
529 2046 637 2088 me
688 2028 1020 2090 collatum
1071 2038 1214 2107 est,
1288 2030 1479 2110 quod
1527 2028 1747 2110 potui.
1845 2030 2093 2110 Neque
2151 2039 2291 2093 tam
2343 2030 2683 2111 gravibus
2732 2029 3001 2111 pericu-

433 2133 557 2210 lis,
629 2134 860 2196 donec
910 2135 1224 2198 extincta
1272 2147 1545 2216 essent,
1616 2157 1971 2200 cessarem
2022 2157 2130 2199 me
2181 2137 2491 2200 obiicere
2550 2137 2608 2198 si
2657 2136 2787 2199 soli
2837 2136 3004 2199 mihi

434 2241 963 2321 responderent
1008 2262 1220 2323 pares
1269 2242 1407 2306 illis
1456 2253 1813 2324 sumptus,
1867 2262 2044 2324 quos
2093 2263 2310 2324 supra
2359 2244 2546 2306 vires
2593 2243 2754 2324 feci,
2824 2244 3007 2305 adeo

434 2358 519 2410 ut
577 2346 711 2409 nisi
760 2348 1045 2412 aliunde
1095 2351 1369 2428 veniat,
1444 2350 1782 2416 auxilium
1833 2351 2292 2433 pecuniarum
2352 2352 2638 2413 tandem
2687 2350 3006 2431 receptui

436 2475 685 2521 canam
734 2466 1085 2538 oporteat,
1137 2457 1315 2520 sicut
1365 2457 1575 2520 latius
1619 2478 1777 2522 cum
1810 2457 2208 2520 Sanctitate
2243 2457 2506 2522 Vestra
2533 2477 2690 2520 meo
2721 2457 3008 2521 nomine

438 2559 901 2624 Consiliarius
934 2583 1128 2626 meus
1160 2563 1512 2646 Magister
1541 2564 1799 2627 Petrus
1834 2566 1922 2627 de
1958 2563 2380 2628 Salamanca
2413 2575 2604 2646 aget,
2653 2565 2765 2627 cui
2797 2563 3006 2626 fidem

436 2678 763 2748 prestare
812 2668 1169 2751 dignetur.
1261 2671 1352 2733 Et
1398 2671 1804 2735 felicissime
1854 2674 2110 2737 valeat.

619 2776 784 2838 Dat.
832 2776 1216 2860 Insprugg.
1310 2778 1446 2841 Die
1496 2780 1872 2842 undecima
1917 2781 2188 2842 Mensis
2237 2780 2423 2859 Julii,
2476 2781 2689 2841 Anno
2723 2780 3006 2842 Domini

438 2882 903 2949 MDXXV20.

760 2990 1096 3054 Eiusdem
1148 2989 1562 3056 Sanctitatis
1613 2993 1918 3057 Vestrae

1955 3136 2190 3186 Humilis
2227 3143 2278 3185 et
2316 3136 2617 3201 obsequens
2657 3136 2794 3187 filius

1861 3225 2248 3289 POtfflfllfflu
2287 3230 2562 3279 Archidux
2601 3232 2868 3281 Austriae.

1655 3470 1686 3481 ‘s-
1697 3470 1863 3483 vvvws‘s·
1868 3470 1938 3481 Μ

1657 3756 1807 3823 231.

1046 3881 1368 3962 Clemens
1425 3883 1581 3963 VH.
1641 3881 2031 3963 Archiduoi
2085 3882 2438 3964 Austriae.

699 4028 883 4097 (olem.
924 4028 1046 4087 Vn.
1086 4030 1265 4103 Epist.
1304 4030 1377 4089 ad
1412 4030 1689 4104 principes
1724 4045 1826 4103 per
1862 4029 2189 4089 Sadoletum
2224 4032 2469 4105 scriptae
2505 4029 2594 4088 fol.
2632 4030 2766 4100 184.)

1492 4167 1599 4223 (11.
1638 4159 1774 4223 Julii
1821 4156 1991 4226 1525.)

624 4300 903 4362 Dilecte
981 4298 1100 4364 fili.
1220 4299 1650 4381 Accepimus
1729 4301 2134 4380 exemplum
2215 4299 2754 4381 responsionum
2839 4320 3011 4381 quas

445 4407 803 4471 Nobilitas
849 4417 971 4469 tua
1020 4407 1569 4488 prudentissime
1617 4426 1700 4469 ac
1744 4405 2388 4469 consideratissime
2430 4407 3012 4469 tumultuantibus

444 4514 595 4577 suis
640 4514 1108 4597 popularibus
1169 4513 1515 4592 reddidit,
1586 4532 1768 4595 quae
1821 4512 2028 4575 nobis
2092 4512 2548 4594 dignissimae
2596 4513 2795 4576 visae
2852 4524 3013 4576 sunt

446 4642 535 4685 ea
580 4622 842 4684 virtute
905 4621 1101 4683 cuius
1158 4620 1231 4683 in
1280 4632 1351 4683 te
1400 4620 1808 4703 opinionem
1869 4640 2210 4683 summam
2272 4640 2554 4701 semper
2598 4620 3009 4692 habuimus:

447 4748 681 4811 neque
749 4729 951 4792 nobis
1016 4730 1242 4791 solum
1306 4729 1431 4790 sed
1495 4736 1566 4789 et
1614 4727 1796 4789 Ven.
1858 4726 2199 4790 fratribus
2260 4727 2519 4789 nostris
2580 4726 2652 4788 in
2714 4747 3009 4808 quorum

447 4836 871 4900 consistorio
919 4838 1151 4898 lectae
1198 4832 1513 4896 fuerunt:
1583 4834 1833 4913 Itaque
1883 4834 1972 4895 de
2021 4832 2104 4894 iis
2155 4842 2226 4894 et
2273 4853 2316 4895 a
2361 4832 2568 4895 nobis
2619 4842 2689 4895 et
2734 4836 2826 4896 ab
2874 4833 3012 4895 illis

444 4944 577 5005 tibi
624 4946 979 5007 habentur
1002 4940 1278 5023 gratiae
1324 4949 1537 5023 teque
1586 4941 1952 5002 hortamur
1999 4957 2424 5021 quamquam
2469 4951 2886 5022 currentem,
2935 4950 3010 5002 ut
