3575 5775
1497 583 1993 652 mame*

471 745 700 808 omnia
743 742 1035 807 fuerunt
1080 744 1463 806 observata
1511 752 1582 806 et
1627 741 1698 806 in
1747 743 1887 805 hoc
1937 740 2172 804 edicto
2220 741 2581 820 adnotata,
2632 757 2725 800 ex
2772 727 3028 819 quibus

469 862 740 916 constat
789 849 1084 913 Sacram
1135 848 1510 913 Cesaream
1558 851 2011 914 Maiestatem
2082 848 2254 914 nihil
2304 847 2622 911 omisisse
2686 846 2876 927 quod
2936 845 3028 908 ad

468 957 916 1038 pacatissime
988 958 1436 1019 tractandum
1500 960 1682 1020 hanc
1757 978 2040 1022 causam
2109 954 2371 1037 requiri
2431 962 2709 1035 posset,
2777 959 2855 1013 ut
2911 952 3029 1014 vel

467 1063 684 1146 ipsius
734 1073 805 1127 et
853 1062 1162 1127 omnium
1211 1063 1473 1127 iudicio
1547 1067 1761 1128 etiam
1832 1065 2037 1128 nimis
2097 1066 2482 1126 clementer
2526 1069 2761 1122 actum
2808 1058 3029 1122 fuisse

468 1191 672 1235 nemo
718 1192 860 1234 non
913 1171 1124 1235 dicat.
1219 1171 1298 1234 In
1345 1173 1573 1235 altera
1621 1193 1796 1236 vero
1856 1171 2069 1235 edicti
2132 1179 2337 1253 parte
2397 1168 2467 1231 in
2532 1188 2673 1249 qua
2735 1167 2824 1228 de
2887 1185 3028 1228 mo-

470 1279 836 1341 deratione
883 1277 1390 1360 impressorum
1440 1289 1511 1341 et
1557 1278 2043 1360 prohibitione
2101 1278 2444 1340 malorum
2506 1273 2845 1336 librorum
2893 1282 3028 1335 tra-

469 1395 730 1466 ctatur,
779 1384 911 1449 etsi
962 1385 1052 1448 sit
1097 1383 1172 1446 id
1221 1385 1529 1448 maxime
1578 1388 1863 1449 salubre
1914 1369 1984 1447 et
2032 1387 2304 1466 absque
2366 1383 2512 1444 ulla
2573 1379 3030 1443 contentione

470 1492 761 1555 concedi
810 1494 1108 1574 debeat,
1174 1503 1412 1555 tamen
1468 1501 1546 1557 ut
1608 1492 1762 1554 mm
1822 1493 1909 1555 D.
1960 1490 2047 1554 V.
2105 1491 2335 1572 possit
2400 1488 2779 1552 ostendere
2843 1484 3031 1549 Suae

471 1597 826 1662 Maiestati
875 1619 1016 1661 non
1065 1598 1284 1662 fuisse
1333 1612 1599 1664 temere
1647 1599 1720 1662 in
1779 1601 1919 1663 hoc
1986 1598 2253 1680 aliquid
2313 1605 2765 1672 attentatum,
2832 1594 3029 1656 mitto

473 1707 828 1768 decretum
883 1716 1049 1788 post
1079 1705 1291 1768 toties
1341 1705 1600 1769 factam
1632 1707 1809 1769 alias
1843 1705 2373 1786 discussionem,
2422 1701 3031 1778 consultationem,

475 1812 1064 1876 examinationem
1140 1823 1283 1876 tarn
1359 1813 1430 1874 in
1503 1812 1815 1876 Consilio
1897 1810 2368 1875 Germanicae
2444 1807 2752 1872 nationis
2822 1827 3031 1888 quam

475 1918 786 1998 aliorum,
837 1940 1048 1983 manu
1097 1919 1270 1982 Rmi
1316 1919 1458 1982 Dni
1507 1918 1850 2002 Episcopi
1898 1917 2303 2000 Tergestini
2353 1917 2787 1998 descriptum
2820 1923 3035 1996 prout

481 2023 694 2089 visum
743 2027 880 2089 fuit
927 2025 1224 2089 consilio
1276 2046 1435 2088 esse
1485 2024 2035 2107 expediendum.
2131 2025 2294 2086 Illurm
2340 2023 2427 2086 D.
2460 2022 2547 2084 V.
2600 2022 2837 2085 omnia
2886 2019 3033 2083 dili-

481 2141 726 2208 genter
772 2133 1088 2215 pensitet
1136 2141 1209 2196 et
1255 2134 1347 2196 ad
1397 2133 1777 2196 Caesarem
1846 2141 1919 2194 et
1978 2131 2348 2195 consilium
2395 2129 2699 2210 referat,
2761 2127 2831 2190 in
2893 2147 3033 2209 quo

483 2235 646 2301 nihil
695 2238 1004 2323 petimus
1052 2239 1186 2302 nisi
1234 2240 1426 2322 quod
1472 2239 1582 2302 ius
1632 2249 1703 2301 et
1749 2237 2073 2321 aequitas
2122 2239 2457 2319 postulat.
2552 2236 2749 2299 Bene
2796 2238 3039 2298 valeat

479 2339 573 2404 ill.
643 2346 726 2410 D.
777 2349 866 2410 V.
918 2358 991 2411 et
1037 2367 1323 2411 causam
1369 2346 1536 2410 fidei
1597 2358 1668 2410 et
1721 2349 2075 2411 bonorum
2134 2365 2407 2408 morum
2469 2343 3037 2407 commendatam

478 2445 754 2518 habeat.

1575 2669 1613 2678 su
1625 2667 1714 2678 ‚fleam
1720 2667 1815 2678 uam-eu
1822 2668 1881 2680 ‘vx
1888 2669 1903 2678 x.
1910 2667 1939 2677 xz

1704 2898 1782 2961 91

628 3012 984 3095 Hem-icus
1039 3014 1235 3096 VIII.
1293 3036 1419 3094 rex
1476 2951 1812 3117 Angliae·
1844 3013 2386 3114 Archiepisoopo
2442 3012 2881 3114 MoguntinO.

1365 3161 1531 3231 (Acta
1568 3160 1841 3219 Wormat.
1875 3159 1967 3219 fol.
2005 3159 2138 3231 1¹77.)

1517 3280 1629 3347 (20.
1663 3269 1783 3329 'Mai
1825 3276 1999 3348 1521.)

639 3420 1008 3487 Henricus
1037 3421 1174 3484 Dei
1222 3422 1455 3502 gratia
1503 3422 1674 3485 Rex
1727 3422 2038 3503 Angliae
2089 3432 2161 3483 et
2190 3418 2537 3484 Franciae
2576 3439 2660 3483 ac
2692 3419 3041 3482 Dominus

400 3502 874 3592 Hiberniae
937 3527 1570 3592 Reverendissimo
1651 3528 1722 3590 in
1804 3527 2085 3591 Christo
2158 3526 2355 3589 Patri
2429 3535 2499 3589 et
2563 3527 3041 3589 Illustrissimo

389 3606 788 3699 Domino
837 3636 1140 3699 Alberto
1190 3635 1373 3697 tituli
1421 3634 1648 3697 sancti
1698 3634 2151 3717 Chrysogoni
2196 3635 2633 3716 Presbytero
2682 3632 3044 3696 Cardinali

389 3713 904 3815 Moguntino
953 3754 1021 3805 et
1073 3740 1688 3823 Magdeburgensi
1746 3740 2316 3823 Archiepiscopo
2366 3749 2439 3804 et
2483 3738 2685 3803 Sacri
2732 3740 3043 3802 Romani

392 3820 768 3914 Imperii
815 3869 947 3930 per
996 3848 1451 3913 Germaniam
1501 3848 2157 3912 Archioancellario
2221 3856 2293 3910 et
2354 3847 2671 3928 Principi
2732 3846 3041 3910 Electori

397 3942 714 4045 {unico
777 3965 1021 4019 nostro
1089 3954 1455 4018 carissimo
1518 3957 1838 4020 salutem.
1945 3956 2013 4017 A
2076 3954 2389 4018 Luthero
2457 3954 2665 4015 isthic
2728 3953 3038 4016 excitum

401 4052 886 4125 lucendium
951 4061 1464 4144 diabolicisque
1526 4060 1888 4123 suffultum
1959 4061 2139 4125 dolis
2210 4070 2354 4123 tam
2424 4060 2540 4122 diu
2614 4080 2745 4123 nec
2813 4061 3043 4123 adhuc

409 4156 875 4265 ex-tinctum
937 4168 1122 4231 inter
1181 4188 1314 4230 vos
1378 4168 1811 4231 debacchari
1871 4177 2017 4231 tum
2084 4178 2328 4231 nostra
2386 4178 2533 4230 tum
2602 4165 3045 4231 Christianae

413 4264 922 4341 felpublicae
970 4296 1187 4339 causa
1232 4278 1450 4356 longe
1518 4276 1811 4357 gravius
1857 4275 2254 4339 indolemus
2315 4295 2523 4356 quam
2574 4275 2735 4338 ullis
2782 4274 3047 4339 licteris

421 4372 994 4461 ⁰0111prehendi
1053 4384 1172 4445 vel
1219 4384 1527 4446 humana
1583 4382 1832 4464 lingua
1877 4384 2107 4464 possit
2164 4381 2537 4463 explicari;
2604 4383 2798 4444 nulla
2860 4384 3045 4446 enim

425 4458 846 4553 hominum
893 4510 1020 4552 seu
1068 4488 1425 4551 annalium
1473 4488 1815 4551 memoria
1876 4497 2043 4552 ante
2106 4489 2285 4553 haec
2340 4499 2663 4571 tempora
2710 4490 3049 4553 recolitur

437 4575 1041 4660 strenuissimam
1087 4595 1293 4659 istam
1344 4595 1646 4678 patriam
1693 4615 1878 4677 quae
1910 4595 2193 4659 afflictis
2228 4594 2784 4659 Christianorum
2831 4600 3047 4660 rebus

443 4668 952 4767 firtnissimum
1002 4702 1566 4783 tutissimumque
1612 4702 2046 4784 praesidium
2099 4724 2256 4767 esse
2305 4704 2677 4767 consuevit
2723 4714 2845 4767 aut
2886 4707 3045 4768 hae-

455 4796 730 4873 teseos
773 4808 1226 4874 seminarium
1273 4809 1494 4871 ullum
1543 4806 1932 4889 admisisse,
1982 4819 2103 4872 aut
2150 4808 2208 4871 si
2243 4811 2433 4891 quod
2475 4808 2715 4873 forsan
2765 4810 3046 4874 incaute

469 4891 809 4998 obrepsit
824 4966 843 4999 ,
891 4938 1034 4980 non
1083 4914 1458 4979 confestim
1507 4915 1874 4979 recesisse.
1974 4916 2164 4998 Quid
2214 4938 2517 4999 namque
2566 4917 3049 4980 nobilissimae
