3575 5775
1667 555 2162 620 meme-0

631 702 1082 786 germanicae
1129 705 1398 768 nationi
1447 706 1989 787 ignominiosius
2037 707 2363 771 accidere
2411 705 2679 789 potuit,
2728 727 2939 790 quam
2989 705 3063 772 in
3110 725 3193 770 ea

549 869 556 874 .
631 813 935 893 aliquem
986 813 1252 875 oboriri
1279 813 1620 895 potuisse,
1669 815 1788 896 qui
1822 815 2102 879 divinas
2133 815 2429 895 litteras,
2478 823 2881 878 sanctorum
2912 826 3193 897 patrum

631 928 932 1000 statuta,
999 930 1071 982 et
1137 921 1228 982 ad
1289 928 1397 983 tot
1463 941 1688 985 annos
1753 921 2157 986 inveterata
2204 923 2496 986 decreta
2544 943 2637 985 ex
2684 922 2905 1005 iniqui
2952 923 3189 1004 potius

630 1026 841 1089 animi
890 1028 1212 1106 licentia,
1262 1048 1468 1108 quam
1537 1029 1682 1090 ulla
1746 1030 1862 1091 vel
1924 1029 2209 1093 minima
2270 1029 2715 1092 Christianae
2776 1029 3191 1093 eruditionis

629 1134 1036 1199 sinceritate
1084 1137 1300 1217 longe
1349 1135 1557 1197 aliter
1603 1155 1812 1216 quam
1876 1136 1948 1198 hi
2015 1157 2314 1218 quorum
2363 1136 2698 1200 divinitus
2745 1136 2985 1200 infusa
3030 1139 3189 1200 doc·-

627 1241 812 1303 trina
836 1241 1278 1324 integerrimi
1301 1263 1536 1305 mores
1561 1243 1935 1306 verissima
1964 1264 2246 1327 semper
2278 1253 2351 1305 et
2379 1243 2733 1308 ratissima
2762 1245 3186 1324 habuerunt,

627 1348 842 1411 fuerit
889 1369 1100 1412 ausus
1132 1349 1638 1431 interpretari?
1703 1349 1912 1432 Quod
1948 1351 2005 1413 si
2037 1350 2323 1414 innatae
2354 1351 2732 1432 superbiae
2775 1351 3189 1415 satisfacere

628 1456 994 1538 cupiebat,
1052 1457 1169 1518 vel
1217 1457 1275 1518 si
1323 1457 1510 1518 tristi
1545 1457 1616 1519 in
1667 1459 1945 1538 aliquos
2002 1458 2167 1521 odio
2216 1459 3191 1540 torquebatur,'tolerabilior

626 1564 992 1644 aliquanto
1041 1563 1314 1644 fuisset,
1364 1563 1422 1626 si
1470 1564 1692 1627 sacris
1722 1567 1973 1628 saltem
2006 1565 2451 1648 pepercisset
2477 1565 2773 1645 licteriS,
2811 1586 2942 1629 nee
2994 1567 3187 1629 here-

625 1671 754 1734 sim
784 1682 906 1732 aut
932 1671 1268 1734 zizaniam
1305 1671 1728 1750 inducendO,
1756 1672 2151 1735 sanctitatis
2192 1681 2527 1754 pretextu
2574 1672 2981 1754 superbiam
3016 1671 3190 1736 infe-

625 1789 956 1860 ctumque
996 1775 1300 1841 animum
1333 1799 1474 1840 non
1507 1781 1780 1860 absque
1816 1778 2086 1861 ingenti
2125 1779 2521 1843 catholicae
2568 1777 2734 1842 fidei
2784 1779 3189 1843 discrimine

624 1887 1090 1950 contenderet
1123 1888 1440 1966 explere,
1492 1897 1562 1947 et
1595 1886 1855 1949 Christi
1904 1907 2199 1968 gregem
2232 1889 2324 1950 ab
2354 1887 2512 1969 ipso
2546 1888 2844 1950 authore
2879 1885 3191 1951 deficere

626 1995 938 2056 doceret.
1049 1993 1316 2055 Verum
1379 2013 1590 2075 quum
1651 1993 2130 2056 scelestissimi
2194 1993 2394 2057 istius
2460 1993 2760 2058 hominis
2826 1993 3191 2076 aspirante

625 2102 936 2178 diabolo,
987 2101 1460 2181 premeditata
1507 2101 1898 2182 mendacia,
1948 2099 2376 2182 confictique
2426 2100 2570 2164 doli
2618 2100 2737 2182 qui
2783 2100 2940 2182 ipso
2990 2101 3191 2164 initio

623 2207 990 2289 religionis
1039 2210 1278 2270 colore
1329 2209 1640 2270 obducto
1689 2228 2076 2290 paucorum
2127 2207 2399 2271 animos
2465 2229 2604 2270 non
2674 2207 2844 2270 nihil
2893 2207 3190 2271 offusca-

625 2318 835 2392 bant,
885 2316 984 2378 sic
1033 2317 1318 2376 tandem
1381 2315 1511 2377 toti
1577 2316 1733 2378 orbi
1795 2315 2267 2397 innotuerint,
2336 2315 2405 2378 in
2470 2318 2840 2396 lucemque
2902 2318 3191 2379 volente

626 2423 783 2484 Deo
834 2422 1251 2503 prodierint,
1301 2433 1378 2484 ut
1423 2443 1562 2484 non
1616 2424 1829 2486 valde
1880 2423 1969 2486 sit
2020 2424 2527 2486 eleborandum
2577 2442 2717 2504 quo
2764 2422 2985 2486 falsas
3034 2443 3191 2504 per-

625 2549 1012 2608 versasque
1061 2528 1282 2611 ipsius
1331 2529 1705 2610 opiniones
1753 2529 1916 2592 ullis
1965 2531 2265 2611 amplius
2297 2528 2689 2592 rationibus
2722 2529 3191 2610 confutemuS,

626 2656 835 2717 quum
886 2657 1056 2698 suae
1103 2637 1258 2717 ipse
1308 2639 1560 2718 culpae
1611 2637 1936 2700 conscius
1986 2637 2225 2700 furore
2276 2647 2491 2718 atque
2538 2635 2820 2699 haeresi
2876 2657 2953 2700 se
3000 2658 3191 2700 nunc

623 2753 770 2805 tum
819 2745 1029 2805 modo
1081 2752 1378 2821 tueatur,
1429 2763 1559 2824 per
1609 2745 2031 2807 catholicam
2080 2743 2330 2824 fidem,
2379 2763 2510 2824 per
2558 2743 2985 2807 christianae
3031 2743 3191 2807 reli·

624 2851 856 2934 gionis
903 2851 1434 2932 incrementum,
1483 2871 1614 2933 per
1660 2851 1864 2915 istius
1912 2851 2188 2933 patriae
2238 2850 2793 2914 incolumitatem
2834 2869 2917 2913 ac
2948 2851 3191 2933 decus,

623 2978 752 3039 per
799 2959 990 3021 illam
1053 2978 1260 3039 quam
1313 2960 1786 3022 haereditario
1848 2959 2201 3041 insitoque
2248 2959 2568 3021 instituto
2621 2958 2828 3021 vobis
2875 2957 3192 3041 gerimus

624 3065 1112 3145 affectionem,
1181 3085 1314 3147 per
1374 3086 1815 3130 communem
1881 3066 2187 3147 denique
2237 3065 2546 3129 omnium
2593 3066 2890 3128 salutem
2941 3086 3071 3129 vos
3118 3066 3189 3129 in

624 3172 929 3234 Domino
961 3164 1318 3253 'rogamus
1352 3183 1422 3234 et
1456 3173 1839 3253 hortamur,
1874 3188 1947 3235 ut
1974 3174 2437 3254 contagiosae
2463 3172 2623 3235 huic
2656 3174 3193 3256 extinguendae

623 3278 805 3360 pesti
857 3278 1389 3360 imminentique
1440 3280 1656 3342 exitio
1707 3282 2195 3361 propulsando
2229 3280 2463 3343 velitis
2495 3282 2767 3342 alacres
2802 3282 3192 3345 admovere

623 3407 891 3465 manuS,
941 3396 1154 3466 atque
1205 3386 1592 3448 Lutherum
1623 3387 1855 3467 istum,
1886 3408 1928 3449 a
1965 3386 2243 3450 Christo
2276 3389 2619 3450 rebellem
2650 3386 2783 3449 nisi
2812 3388 3191 3471 resipiscat

624 3513 762 3554 una
843 3512 1000 3554 cum
1090 3492 1447 3555 haeretice
1526 3494 1714 3555 ausis
1808 3494 2067 3557 libellis
2151 3494 2467 3557 funditus
2568 3496 2810 3558 delere
2889 3494 3189 3577 ignique

621 3601 1048 3661 servandum
1099 3601 1416 3662 credere.
1513 3598 1629 3662 Sic
1682 3600 1865 3663 enim
1916 3602 2371 3683 splendorem
2418 3611 2732 3665 vestrum
2784 3622 3187 3684 nomenque

623 3706 1097 3769 Christianum
1148 3706 1502 3788 augebitis
1563 3717 1634 3769 et
1683 3708 2232 3788 conservabitis,
2298 3728 2530 3789 neque
2592 3708 2797 3770 unius
2842 3710 3189 3773 haeretici

623 3824 818 3876 astus
881 3834 963 3875 ac
1027 3813 1349 3876 fraudem
1416 3816 1531 3876 vel
1593 3835 1981 3896 paucorum
2045 3816 2283 3878 odium
2354 3836 2436 3879 ac
2508 3816 2844 3897 superbia
2909 3826 3185 3880 tantum

622 3922 812 4004 apud
861 3942 991 3983 vos
1039 3922 1280 3983 valere
1329 3922 1786 3985 declarabitis
1835 3933 1910 3984 ut
1960 3943 2164 3985 sacra
2212 3922 2593 4005 divinaque
2627 3924 2865 3986 omnia
2896 3926 3185 3987 turbare

620 4039 834 4110 queat
884 4039 954 4091 et
1001 4028 1394 4095 invertere:
1445 4030 1536 4090 ad
1585 4032 1776 4110 quod
1840 4040 1985 4091 tam
2049 4041 2364 4093 sanctum
2428 4039 2713 4112 tamque
2756 4030 2912 4093 Deo
2988 4052 3185 4094 acce-

617 4148 816 4218 ptum
867 4155 1047 4217 opus
1096 4134 1401 4198 feliciter
1462 4138 2011 4217 absolvendum,
2076 4137 2395 4200 favorem
2457 4136 2929 4218 patrocinium
2996 4137 3183 4201 vires

619 4242 1180 4324 sanguinemque
1237 4243 1466 4325 ipsum
1541 4254 1858 4306 nostrum
1928 4244 2133 4307 vobis
2199 4265 2291 4307 ex
2362 4244 2596 4307 animo
2670 4243 3029 4307 offerimus
3098 4266 3179 4309 ac

618 4350 1053 4431 pollicemur.
1171 4351 1258 4412 Et
1324 4350 1628 4413 feliciter
1693 4354 1947 4413 valete.
2070 4351 2179 4413 Ex
2238 4351 2439 4431 regia
2512 4363 2753 4414 nostra
2824 4350 3179 4416 Grenwici

617 4455 753 4517 Die
802 4455 960 4517 XX
1007 4456 1179 4519 Maii
1227 4457 1593 4519 MDXXI.

903 4590 1068 4638 Votre
1105 4591 1213 4639 bon
1253 4606 1372 4654 amy

1043 4676 1247 4751 nourr.
2487 4680 2689 4744 Petrus
2725 4680 2969 4746 Ἴωσι.

1914 4859 1932 4867 a·
1965 4858 2102 4869 -κνν-νν
