3575 5775
1383 578 1803 634 &sip-0

312 724 761 805 hortatoriaS,
809 734 886 788 ut
935 726 1154 788 velint
1199 727 1538 807 adjuvare
1590 726 1678 787 ad
1729 724 2221 787 executionem
2255 723 2493 785 bullae
2530 730 2599 782 et
2640 718 2873 782 omnia

311 832 378 894 in
424 852 511 895 ea
559 841 1057 895 contentorum
1104 842 1176 895 et
1225 842 1438 915 prout
1481 833 1838 896 videbitur
1883 832 2127 895 melius
2162 829 2527 912 expedire,
2576 846 2871 908 quarum

312 938 533 1001 forma
566 938 994 1021 prudentiae
1027 948 1310 1001 vestrae
1343 941 1784 1023 relinquitur.
1858 939 2093 1003 Aliam
2134 959 2306 1002 vero
2345 939 2613 1001 bullam
2652 936 2869 1017 plum-

313 1048 544 1109 batam
593 1045 921 1127 poteritis
971 1046 1038 1109 ei
1087 1046 1405 1128 Principi
1452 1049 1568 1110 vel
1607 1047 1893 1110 domino
1926 1057 2343 1129 presentare
2374 1044 2485 1106 cui
2521 1043 2745 1122 magis
2774 1040 2869 1102 vi-

313 1154 591 1215 debitur
633 1153 840 1215 vobis
879 1154 1244 1234 expedire,
1291 1156 1526 1217 dando
1566 1154 1809 1237 copias
1842 1155 2094 1217 multas
2123 1152 2445 1216 omnibus
2469 1148 2872 1213 volentibus

311 1260 460 1323 illas
477 1262 771 1339 habere,
786 1261 1204 1340 praesertim
1217 1262 1811 1344 Metropolitanis,
1834 1263 2184 1323 hortando
2196 1260 2357 1322 illos
2369 1269 2444 1320 ut
2458 1279 2579 1320 eas
2594 1256 2873 1318 mittant

313 1368 400 1429 ad
448 1387 618 1429 suos
668 1366 1183 1449 suffraganeOS,
1235 1378 1306 1431 et
1355 1372 1441 1431 ad
1477 1369 1922 1432 Monasteria
1954 1380 2027 1430 et
2058 1366 2477 1448 collegiatas
2512 1363 2871 1439 ecclesias,

310 1475 774 1556 publicandas
841 1486 909 1536 et
979 1476 1326 1557 legendas
1398 1476 1601 1556 juxta
1667 1476 1967 1538 formam
2027 1476 2299 1551 bullae,
2368 1492 2642 1535 necnon
2696 1470 2871 1531 alias

309 1585 562 1645 multas
610 1582 892 1645 mittant
941 1584 1033 1645 ad
1082 1582 1260 1645 alios
1309 1584 1895 1678 metropolitanos
1944 1583 2297 1645 hortando
2348 1580 2507 1646 illos
2556 1588 2629 1641 ut
2691 1576 2869 1638 simi·

309 1688 463 1750 liter
523 1688 807 1751 mittant
868 1691 957 1751 ad
1027 1710 1193 1753 suos
1241 1690 1738 1772 suffraganeos
1787 1700 1857 1753 et
1905 1690 2063 1753 aliis
2111 1686 2674 1768 metropolitanis
2722 1703 2869 1745 suc-

309 1795 576 1858 cessive
641 1796 1111 1877 publicandas
1177 1808 1248 1861 et
1296 1800 1679 1879 legendas,
1745 1798 1845 1859 ita
1892 1808 1968 1859 ut
2015 1796 2441 1877 perveniant
2488 1793 2578 1855 ad
2628 1811 2871 1853 omnes

307 1903 672 1966 diocaeses
719 1913 790 1966 et
839 1904 1178 1968 ecclesias
1227 1903 1674 1967 Germaniae.
2648 1906 2655 1911 ’

480 2009 754 2091 Quarto
802 2010 1136 2074 adhibitis
1186 2019 1330 2075 tam
1379 2012 1849 2075 Leodiensem
1896 2032 2105 2092 quam
2156 2009 2333 2072 alios
2382 2010 2754 2070 Praelatos
2803 2018 2874 2067 et

309 2118 634 2180 dominos
667 2119 737 2180 in
771 2117 980 2180 Curia
1017 2128 1459 2199 exercenteS,
1509 2130 1580 2182 et
1628 2118 1905 2182 facietis
1953 2119 2111 2180 illos
2160 2126 2498 2199 quantum
2549 2115 2681 2177 erit
2713 2135 2871 2196 pos·

307 2225 508 2288 sibile
555 2225 997 2289 favorabiles
1043 2226 1206 2288 huic
1256 2235 1504 2289 sancto
1554 2226 1774 2308 operi.

479 2331 819 2413 Quintus,
887 2332 945 2396 si
991 2332 1342 2395 Martinus
1403 2354 1535 2415 per
1594 2354 1671 2396 se
1735 2335 1852 2396 vel
1920 2334 2132 2397 alium
2196 2354 2287 2395 ex
2348 2331 2747 2393 fautoribus
2798 2339 2871 2391 ut

305 2439 856 2502 adhaerentibus
918 2439 1062 2502 suis
1119 2442 1339 2503 vellet
1400 2461 1476 2503 se
1533 2441 1919 2522 justificare
1984 2454 2054 2503 et
2102 2450 2350 2522 petere
2399 2460 2477 2501 se
2526 2437 2751 2501 audiri
2799 2436 2870 2498 in

306 2546 512 2609 Curia
545 2546 900 2610 Caesaree
935 2547 1332 2629 Majestatis
1381 2549 1909 2630 respondebitis
1950 2549 2094 2629 jam
2138 2547 2279 2611 sibi
2326 2545 2546 2608 fuisse
2599 2566 2731 2627 per
2762 2544 2868 2605 8¹¹¹

307 2655 388 2717 D.
451 2654 537 2716 N.
612 2657 926 2717 oblatum
991 2656 1265 2718 salvum
1339 2657 1766 2719 conductum
1834 2666 1909 2718 ut
1976 2655 2249 2718 veniret
2310 2655 2401 2717 ad
2465 2655 2869 2715 Romanam

305 2758 581 2822 Curiam
649 2770 721 2823 et
771 2758 1036 2823 Sedem
1110 2763 1578 2844 apostolicam
1646 2763 1766 2825 ubi
1835 2784 2091 2825 causae
2140 2764 2514 2825 haeresum
2565 2761 2653 2822 de
2714 2760 2869 2841 jure

298 2867 588 2930 tractari
649 2876 724 2932 et
773 2866 1063 2931 diffiniri
1124 2869 1430 2950 debent,
1491 2870 2055 2953 praesertimque
2122 2879 2498 2953 postquam
2562 2864 2866 2929 Sanctis-

297 2975 514 3037 simus
550 2975 706 3036 D¹³¹¹⁸
739 2975 826 3040 N.
861 2977 1196 3059 apposuit
1246 2998 1528 3041 manum
1563 2991 1634 3041 et
1683 2979 2186 3041 condemnavit
2236 2975 2630 3058 hujusmodi
2680 2993 2865 3036 erro-

296 3103 430 3162 reS,
462 3103 646 3164 quae
673 3093 880 3164 gesta
903 3104 1034 3164 per
1061 3103 1260 3146 suam
1288 3085 1735 3148 sanctitatem
1765 3087 1825 3148 si
1861 3086 2031 3148 alibi
2068 3083 2645 3148 examinarentur
2674 3089 2865 3142 esset

299 3199 548 3251 contra
597 3210 876 3252 ornnem
917 3190 1262 3272 justitiam
1313 3204 1383 3255 et
1431 3193 1743 3256 divinam
1776 3203 1846 3254 et
1876 3195 2275 3271 humanam,
2327 3200 2397 3253 et
2432 3189 2489 3252 si
2519 3187 2867 3250 Martinus

297 3298 513 3358 vellet
561 3297 773 3358 hodie
823 3299 914 3360 ad
961 3318 1329 3361 romanam
1379 3297 1661 3362 Curiam
1711 3300 1955 3363 venire
2007 3311 2078 3361 et
2122 3298 2223 3362 ibi
2271 3297 2523 3378 audiri,
2573 3305 2866 3378 paratus

297 3413 402 3464 est
452 3401 610 3466 ΞΜ
657 3404 745 3466 D.
779 3404 864 3467 N.
908 3405 1113 3485 juxta
1160 3405 1460 3468 formam
1507 3408 1749 3470 bullae
1798 3409 1970 3470 dare
2020 3406 2155 3469 sibi
2204 3405 2687 3487 plenissimum
2735 3403 2865 3466 sal-

297 3531 456 3572 vum
508 3511 957 3591 conductum,
1009 3523 1077 3575 et
1125 3512 1590 3576 libentissime
1641 3535 1799 3576 eum
1849 3505 2115 3578 audire,

471 3616 698 3679 Sexto
764 3619 1118 3682 scribatur
1171 3617 1300 3682 Sm0
1350 3621 1434 3682 D.
1499 3620 1583 3685 N.
1656 3622 1796 3683 cito
1861 3633 1931 3684 et
1993 3621 2351 3702 sigillatim
2422 3638 2863 3700 quecumque

293 3723 573 3786 facietis
639 3737 716 3786 ut
778 3746 910 3806 pro
977 3738 1299 3808 tempore
1367 3729 1594 3809 possit
1660 3731 2050 3792 remedium
2098 3728 2384 3791 afferre:
2460 3737 2531 3790 et
2579 3724 2862 3789 domino

291 3829 549 3908 Joanni
603 3831 824 3895 Echio
895 3835 982 3894 de
1049 3833 1158 3896 his
1225 3854 1361 3914 que
1427 3837 1833 3898 necessaria
1889 3837 2317 3900 videbuntur
2368 3854 2501 3917 pro
2550 3833 2858 3916 publica-

293 3937 488 3998 tione
539 3947 614 4000 et
661 3938 1084 4002 executione
1133 3941 1486 4003 bullarum
1537 3942 1602 4003 ei
1652 3943 2210 4024 commissarum,
2269 3954 2344 4007 ut
2392 3942 2482 4005 sit
2530 3945 2721 4005 bono
2770 3942 2862 4002 ad

291 4043 819 4124 expediendum
885 4047 1154 4126 omnia,
1223 4057 1296 4110 et
1357 4049 1414 4110 si
1483 4049 1935 4130 contingeret
1996 4071 2126 4113 vos
2194 4050 2501 4113 conferri
2563 4050 2655 4110 ad
2702 4049 2862 4109 loca

289 4169 448 4212 curn
489 4150 650 4232 ipso
681 4151 989 4214 Domino
1028 4152 1326 4235 Joanne,
1376 4175 1506 4236 pro
1555 4156 1955 4236 hujusmodi
2004 4156 2489 4238 publicatione
2538 4157 2710 4220 nihil
2760 4155 2855 4217 fa-

291 4257 490 4320 cietis
538 4269 784 4339 preter
831 4261 1252 4324 sententiam
1303 4275 1373 4324 et
1422 4283 1846 4325 consensum
1896 4265 2064 4345 ejuS,
2117 4275 2189 4327 et
2235 4263 2555 4326 similiter
2601 4264 2659 4325 si
2700 4283 2855 4326 con-

289 4363 600 4444 tingeret
631 4365 788 4446 ipso
825 4367 1126 4429 Domino
1161 4368 1439 4447 Joanne
1471 4371 1821 4433 accedere
1855 4373 1944 4433 ad
1988 4372 2269 4434 Curiam
2312 4371 2637 4434 Caesaris
2686 4371 2859 4434 nihil

290 4469 442 4552 ipse
489 4470 710 4534 faciet
759 4493 889 4536 nec
940 4477 1398 4556 attemptabit
1445 4477 1598 4540 sine
1647 4479 1943 4541 consilio
1992 4489 2253 4544 vesti-0.

469 4577 737 4640 Ultimo
763 4580 1219 4644 hortabimini
1254 4593 1398 4646 tam
1427 4583 1851 4648 Caesaream
1882 4587 2328 4668 Majestatem
2371 4608 2582 4668 quam
2614 4607 2861 4650 omnes

294 4683 664 4765 Principes
713 4695 788 4746 ut
834 4697 998 4767 post
1047 4689 1608 4770 publicationem
1657 4694 1895 4754 bullae
1930 4702 1999 4755 et
2034 4697 2307 4777 lapsum
2338 4693 2617 4757 termini
2664 4695 2733 4756 in
2774 4715 2861 4757 ea

290 4792 602 4854 contenti
653 4792 1004 4856 Martinus
1067 4797 1416 4876 capiatur,
1482 4808 1552 4860 et
1614 4809 1688 4860 ut
1749 4798 2027 4863 vinctus
2091 4804 2388 4864 ducatur
2438 4804 2527 4865 ad
2577 4801 2857 4865 Curiam

293 4895 688 4960 Romanam
723 4911 800 4960 ut
851 4902 1212 4985 condigna
1258 4925 1492 4986 poena
1539 4906 1894 4988 puniatur,
1945 4919 2064 4972 aut
2112 4912 2362 4972 saltem
2408 4909 2562 4992 ipse
2612 4930 2853 4990 sequa-
