3575 5775
1714 547 1824 603 >-<:³
1901 545 2199 604 2648>0

668 697 737 760 io
784 695 997 760 andai
1048 717 1087 758 a
1144 697 1437 759 Palazzo
1488 715 1619 776 per
1666 695 1773 756 far
1825 693 2098 775 sigillar
2155 695 2409 756 alcuno
2474 691 2543 754 di
2595 693 2826 774 questi
2889 692 3101 756 edicti
3167 703 3236 756 et

668 803 784 886 qui
837 801 985 866 Sua
1030 801 1307 866 Maesta
1358 801 1449 864 mi
1498 801 1971 864 raccomando
2023 802 2220 862 detta
2267 821 2480 862 causa
2528 820 2748 862 ancor
2794 800 3054 864 iterato
3104 803 3234 864 che

668 933 745 974 se
796 911 1149 974 scrivesse
1200 929 1242 972 a
1290 909 1373 974 N.
1412 907 1482 974 S.
1537 909 1725 970 della
1772 907 2022 970 melior
2071 917 2261 970 sorte
2311 906 2506 970 fusse
2551 907 2922 988 possibile,
2971 909 3234 990 perche

666 1040 746 1082 re
794 1038 969 1082 vera
1018 1017 1237 1080 Cesar
1286 1018 1503 1078 molto
1553 1015 1931 1078 volentieri
1978 1013 2052 1077 fa
2100 1014 2438 1095 appiacer
2471 1018 2539 1076 al
2571 1015 2930 1097 Episcopo
2975 1027 3046 1078 et
3079 1037 3231 1099 pre-

668 1125 909 1188 sertim
960 1124 1179 1206 dopoi
1230 1133 1477 1206 questa
1528 1123 1870 1185 mutation
1924 1123 2042 1184 del
2090 1121 2393 1184 fratello,

849 1231 1195 1314 Supplico
1244 1231 1375 1292 che
1425 1230 1494 1293 in
1545 1239 1798 1312 questa
1847 1249 2060 1290 causa
2128 1249 2204 1290 se
2253 1228 2500 1290 habbii
2562 1231 2780 1291 molto
2847 1249 3024 1310 gran
3094 1253 3232 1296 res-

668 1350 873 1422 pesto
922 1360 965 1401 a
1014 1339 1212 1402 detto
1264 1339 1603 1421 episcopo
1670 1337 1733 1399 el
1784 1337 1950 1418 qual
1999 1336 2330 1398 havendo
2379 1355 2592 1416 speso
2647 1356 2721 1413 23
2779 1337 2944 1400 mila
2993 1339 3234 1402 ducati

668 1446 737 1512 in
788 1449 857 1510 la
907 1446 1323 1528 expedition
1373 1445 1736 1508 valentina
1768 1464 1924 1506 cum
1956 1443 2357 1506 retentione
2389 1452 2522 1504 ete.
2573 1445 2704 1506 che
2753 1445 2790 1506 e
2839 1446 2904 1508 la
2955 1457 3238 1510 entrata

670 1555 739 1618 di
790 1553 961 1618 forsi
1014 1565 1121 1616 tre
1171 1553 1373 1634 anni,
1442 1552 1924 1634 computando
1989 1551 2029 1614 l’
2084 1550 2429 1613 interesse
2494 1554 2626 1612 che
2673 1551 2747 1612 fu
2797 1565 3064 1633 pagato
3113 1555 3236 1616 alli

670 1660 1011 1724 bancheri
1089 1663 1221 1724 che
1290 1660 1533 1724 fecero
1602 1663 1699 1722 tal
1767 1658 2226 1740 expeditione
2302 1669 2374 1720 et
2442 1657 2668 1738 perho
2729 1657 2969 1723 hanno
3035 1661 3236 1724 detto

670 1768 1089 1850 episcopato
1137 1789 1181 1832 a
1228 1769 1451 1832 ferma
1498 1788 1629 1850 per
1678 1775 1785 1830 tre
1836 1766 2000 1828 anni
2049 1765 2392 1848 proximi,
2461 1774 2532 1826 et
2587 1765 2706 1846 gia
2765 1768 3237 1848 besognando

670 1895 897 1958 pagar
946 1876 1013 1936 al
1063 1879 1449 1938 arendator
1497 1877 1723 1959 primo
1773 1894 1906 1954 per
1953 1875 2092 1936 due
2140 1872 2348 1951 anni,
2411 1892 2553 1934 non
2603 1872 2639 1934 ἐ
2687 1874 3108 1955 maraviglia
3155 1898 3238 1939 se

669 1981 1197 2063 quodammodo
1248 2005 1321 2044 se
1372 1984 1700 2062 despera,
1750 1991 1822 2042 et
1873 1990 2072 2042 tanto
2123 1979 2347 2060 magis
2397 1980 2658 2059 perche
2707 1979 2805 2042 lui
2839 2001 2977 2043 non
3013 1985 3238 2046 molto

670 2088 1045 2152 volentieri
1095 2087 1317 2170 perde
1368 2087 1413 2150 il
1465 2088 1735 2149 danai-o
1786 2100 1856 2148 et
1905 2085 2278 2168 presertim
2327 2085 2396 2148 in
2445 2094 2644 2147 tanta
2691 2107 2980 2151 summa.

848 2195 1051 2258 Molti
1102 2195 1261 2276 capi
1328 2215 1507 2257 sono
1574 2215 1703 2277 per
1764 2195 1811 2256 li
1878 2195 2070 2276 quali
2132 2213 2308 2276 pare
2375 2195 2504 2255 che
2553 2193 2773 2257 Cesar
2839 2204 2912 2257 et
2981 2207 3246 2278 questa

670 2311 867 2364 corte
917 2302 1357 2364 tumultuano
1404 2321 1535 2382 per
1592 2305 1735 2363 ta'se
1800 2302 2299 2364 arrendatione
2366 2311 2436 2362 et
2501 2302 2875 2383 presertim
2937 2304 2986 2364 il
3055 2303 3240 2368 Con-

668 2408 927 2484 fessor,
977 2409 1241 2489 perch&
1292 2429 1335 2470 a
1382 2419 1635 2489 questo
1684 2409 1896 2470 modo
1947 2408 2224 2490 dicon0,
2275 2409 2408 2470 che
2455 2409 2514 2470 si
2561 2413 2915 2490 potrebbe
2965 2411 3248 2474 alienar

671 2524 855 2577 tutta
901 2515 943 2578 l’
982 2524 1261 2576 entrata
1311 2514 1380 2575 di
1430 2515 1846 2596 Episcopati
1898 2515 2013 2578 del
2063 2516 2346 2593 mund0,
2397 2516 2753 2594 donand0‚
2803 2521 2904 2596 (ut
2951 2517 3084 2598 ipsi
3135 2518 3244 2580 di·

671 2622 865 2704 cunt)
916 2623 1217 2704 qualche
1266 2641 1432 2683 cosa
1483 2622 1550 2683 al
1600 2623 1838 2702 Papa,
1903 2622 2097 2684 accio
2148 2623 2195 2685 li
2245 2623 2580 2704 Episcopi
2629 2623 3066 2704 pigliasseno
3115 2627 3244 2689 da·

672 2728 826 2792 nari
876 2729 1045 2790 dalli
1094 2728 1540 2792 arrendatori
1588 2729 1799 2791 etiam
1848 2742 2011 2810 post
2041 2739 2358 2804 mortem,
2410 2731 2792 2812 allegando
2843 2732 3054 2795 etiam
3101 2737 3246 2798 che

668 2837 787 2920 qui
838 2836 1044 2900 altari
1093 2835 1313 2900 servit
1363 2835 1453 2899 de
1503 2836 1707 2899 altari
1756 2835 2002 2899 vivere
2053 2838 2304 2917 debet,
2375 2839 2438 2901 el
2489 2837 2621 2901 che
2668 2857 2811 2900 non
2862 2849 3030 2921 pote
3079 2841 3246 2906 fare

669 2947 733 3007 el
784 2946 1125 3007 moderno
1174 2942 1715 3025 archiepiscopo
1766 2955 1997 3006 stante
2046 2946 2115 3006 la
2163 2944 2684 3007 arrendatione.

850 3050 1127 3115 Dicono
1177 3052 1309 3114 che
1359 3051 1403 3113 'l
1453 3050 1748 3113 defunto
1800 3051 2340 3133 archiepiscopo
2396 3056 2490 3114 ha
2537 3051 2717 3116 fatto
2767 3053 2964 3116 molti
3011 3056 3249 3138 legati

669 3160 758 3221 de
809 3179 975 3221 cose
1025 3178 1167 3221 non
1217 3179 1364 3240 sue,
1416 3158 1462 3221 li
1513 3158 1703 3239 quali
1751 3157 1974 3240 legati
2023 3158 2081 3220 si
2128 3169 2394 3239 poteno
2443 3180 2727 3241 romper
2780 3170 2852 3223 et
2900 3161 3069 3224 delli
3120 3164 3248 3227 da·

671 3264 823 3328 nari
876 3267 1005 3327 che
1054 3264 1122 3327 in
1176 3268 1313 3328 essi
1362 3266 1419 3327 si
1469 3268 1771 3329 havesse
1822 3268 1912 3327 ad
1965 3267 2334 3347 expender
2381 3286 2612 3348 pagar
2669 3270 2716 3329 li
2765 3270 3250 3335 arrendatori.

852 3373 1191 3434 Preterea
1240 3372 1573 3453 allegano
1625 3392 1822 3435 esser
1869 3372 1940 3434 in
1987 3392 2218 3433 rerum
2270 3385 2522 3436 natura
2595 3374 2793 3436 molti
2858 3374 3026 3437 beni
3095 3396 3250 3438 mo-

670 3478 795 3541 bili
844 3478 912 3541 in
963 3499 1172 3540 mano
1232 3478 1401 3541 delli
1461 3479 1709 3542 heredi
1782 3477 1952 3541 delli
2019 3480 2210 3560 quali
2276 3482 2376 3541 tal
2443 3482 2685 3544 debito
2751 3480 2810 3544 si
2876 3483 3254 3547 harrebbe

669 3606 713 3647 a
760 3604 1007 3666 pagar.

848 3692 937 3753 Et
987 3692 1050 3753 d'
1102 3693 1487 3775 avantagio
1538 3696 1669 3755 che
1716 3692 1979 3755 Nostro
2007 3690 2314 3773 Signore
2363 3696 2456 3756 ha
2505 3715 2846 3758 concesso
2880 3716 2972 3759 un
3008 3699 3256 3763 breve

670 3801 738 3863 al
786 3799 1143 3881 Episcopo
1182 3798 1578 3862 Leodiense
1628 3802 1743 3862 nel
1795 3800 1957 3880 qual
2007 3798 2064 3860 si
2115 3798 2188 3861 fa
2237 3800 2593 3863 mentione
2643 3812 2714 3863 et
2764 3803 3256 3883 derogatione

673 3908 862 3971 della
910 3906 1144 3989 gratia
1192 3926 1533 3969 concessa
1582 3928 1624 3967 a
1673 3906 1852 3968 detti
1901 3906 2345 3968 arrendatori
2415 3918 2487 3969 et
2547 3910 2771 3990 perho
2821 3930 2958 3972 non
3008 3910 3068 3972 si
3120 3915 3256 3977 de·

670 4016 985 4077 verebbe
1035 4017 1179 4075 cosi
1229 4012 1635 4075 facilmente
1683 4012 1934 4075 levarli
1983 4015 2080 4075 tal
2130 4013 2531 4095 privilegio.

846 4119 1149 4184 Accedit
1178 4120 1310 4183 che
1344 4118 1561 4183 Cesar
1596 4130 1667 4182 et
1714 4121 1780 4182 el
1814 4120 2180 4183 confessor
2229 4142 2306 4182 se
2355 4123 2594 4185 hanno
2645 4144 2875 4185 messo
2924 4124 2994 4185 in
3047 4144 3260 4208 capo

669 4229 799 4290 che
850 4236 1101 4308 questa
1149 4227 1183 4289 ὲ
1233 4246 1373 4288 una
1420 4226 1737 4307 iniquita,
1788 4246 1991 4289 corne
2037 4228 2191 4289 loro
2241 4228 2521 4305 dicono,
2571 4230 2653 4291 et'
2690 4230 2916 4311 perho
2965 4235 3260 4315 suppli-

668 4354 849 4397 cano
916 4337 1044 4397 che
1094 4334 1240 4397 Sua
1288 4332 1566 4396 Santita
1616 4354 1693 4395 se
1741 4333 1960 4415 degni
2019 4354 2152 4397 con
2221 4336 2438 4417 quelli
2501 4336 2776 4399 meliori
2839 4340 3084 4419 meggi
3159 4342 3262 4405 sii

668 4440 1011 4524 possibile
1058 4450 1430 4503 contentar
1478 4441 1675 4503 detto
1726 4440 2104 4522 EpiscopO.

846 4546 1002 4609 Non
1054 4550 1379 4629 besogna
1428 4568 1689 4629 pensat
1738 4550 1870 4609 che
1921 4546 2139 4610 Cesar
2185 4570 2326 4612 non
2376 4550 2622 4613 habbii
2669 4552 2739 4614 la
2787 4572 2955 4615 cosa
2989 4572 3032 4614 a
3063 4573 3263 4623 core

667 4673 797 4735 per
846 4656 1083 4735 quella
1130 4652 1528 4716 coniettura
1578 4656 1708 4715 che
1771 4653 1815 4715 l'
1861 4656 2305 4718 ambassator
2353 4656 2662 4721 Cesareo
2711 4679 2754 4720 a
2799 4658 3039 4721 Roma
3087 4682 3262 4729 non

668 4763 885 4824 molto
940 4763 1010 4825 la
1057 4760 1335 4823 solicita
1384 4766 1607 4843 (come
1658 4760 1775 4843 qui
1825 4759 1883 4822 si
1931 4760 2249 4844 divulga)
2297 4764 2561 4845 perche
2627 4768 2810 4828 oltra
2856 4767 2926 4829 la
2973 4768 3263 4849 rag-ion

666 4869 1007 4951 generale
1056 4870 1144 4929 de
1194 4866 1306 4929 far
1352 4866 1469 4948 pi]
1522 4889 1650 4950 per
1698 4888 1791 4931 un
1842 4870 2338 4950 corregnicola
2385 4874 2514 4933 che
2546 4893 2678 4953 per
2723 4893 2816 4936 un
2849 4873 3264 4963 forestieri,
