3575 5775
1635 539 2129 621 ψὲ3306εῑ>ω

602 713 755 774 sani
804 711 1077 795 capitiS,
1128 732 1257 774 nec
1308 711 1459 773 sine
1509 731 1722 774 causa
1768 712 1840 773 in
1891 714 2148 795 clypeo
2183 723 2469 793 gestare
2503 723 2847 778 canetam.
2928 715 3178 796 Magis

602 818 670 880 in
723 818 861 881 illis
910 818 1236 881 desidero
1286 820 1402 880 vel
1453 817 1903 900 aequitatem,
1950 821 2070 883 vel
2115 820 2587 902 prudentiam,
2637 842 2848 903 quam
2895 833 2995 901 ut,
3045 823 3178 904 qui

600 926 951 990 hominem
1001 928 1091 988 ad
1140 926 1275 988 ista
1320 925 1681 1007 instigant.
1778 926 2088 990 Primum
2123 927 2293 1008 quid
2322 927 2648 1010 iniquius,
2698 928 2819 1011 qui
2848 938 2958 992 tot
2986 929 3179 992 meis

600 1033 1207 1096 lucubrationibus
1256 1031 1491 1114 profui
1523 1032 1771 1095 studiis
1801 1032 2128 1113 publiciS,
2177 1034 2299 1115 qui
2346 1055 2478 1097 nec
2508 1054 2930 1116 magnorum
2965 1035 3177 1098 Prin-

601 1139 833 1221 cipum
883 1139 1499 1202 sollicitationibus
1514 1189 1531 1220 ,
1579 1160 1711 1202 nec
1758 1140 1920 1202 ullis
1970 1141 2404 1203 eruditorum
2451 1141 2809 1204 illecebris
2859 1163 2990 1205 nec
3043 1142 3180 1206 ini-

598 1247 932 1309 micorum
966 1246 1148 1309 odiis
1195 1245 1393 1327 potui
1444 1248 1557 1308 vel
1603 1245 1945 1327 pertrahi,
1995 1250 2110 1310 vel
2143 1247 2383 1328 pellici
2432 1249 2524 1310 ad
2554 1247 2811 1312 foedus
2838 1248 3176 1328 Lutheri,

596 1357 719 1417 sed
772 1356 1097 1417 omnibus
1146 1364 1216 1416 et
1266 1353 1691 1433 commodis,
1764 1365 1834 1414 et
1896 1353 2360 1417 incommodis
2409 1355 2834 1437 contemptis
2880 1357 3184 1437 perstiti

595 1461 662 1523 in
713 1461 1145 1544 synceritate
1196 1481 1373 1542 mea,
1422 1481 1562 1523 non
1614 1459 1767 1522 sine
1820 1460 2072 1542 capitis
2120 1461 2257 1524 mei
2308 1462 2648 1543 pericu10‚
2699 1482 2884 1525 nunc
2934 1463 3186 1527 dedat

594 1567 773 1630 odiis
819 1568 1118 1651 privatis
1166 1587 1551 1649 paucorum
1598 1567 1996 1647 hominum,
2048 1577 2118 1629 et
2167 1568 2285 1649 qui
2333 1570 2446 1632 hic
2495 1569 2913 1650 proscindor
2971 1570 3178 1634 viru-

594 1673 996 1738 lentissimis
1044 1673 1305 1737 libellis
1353 1675 1910 1754 lutheranorum,
1944 1673 2150 1736 isthic
2199 1675 2772 1739 manifestissima
2806 1677 3188 1742 calumnia

592 1782 1052 1845 circumferar
1081 1782 1544 1844 lutheranus?
1623 1782 1905 1843 Deinde
1941 1801 2152 1862 quam
2182 1781 2430 1844 inutile
2465 1785 2554 1844 ad
2587 1803 2893 1864 causam,
2946 1805 3186 1866 quam

592 1891 999 1966 moliuntur,
1046 1890 1105 1952 si
1144 1889 1581 1970 persuadent
1611 1909 1723 1950 me
1758 1888 2025 1950 sentire
2067 1909 2222 1950 cum
2256 1887 2590 1970 Luthero,
2641 1891 2880 1972 plures
2929 1904 3190 1974 erunt,

594 1998 713 2079 qui
785 1997 1118 2060 libentius
1182 2017 1337 2059 cum
1406 2016 1490 2058 eo
1550 1993 1878 2058 sentient.
1973 1995 2255 2057 Romae
2305 1993 2601 2058 Stunica
2666 1998 2979 2061 blaterat
3059 2022 3191 2064 me

590 2124 747 2167 esse
813 2104 1279 2167 lutheranum.
1386 2101 1486 2164 At
1543 2110 1646 2164 tot
1714 2103 2132 2182 lutheranae
2194 2105 2550 2184 cohorteS,
2612 2116 2681 2167 et
2753 2107 3194 2188 complures

590 2211 851 2274 lutheri
901 2211 1245 2292 epistolae
1294 2211 1705 2272 reclamant.
1803 2207 2116 2288 Quarum
2164 2229 2375 2273 unam
2423 2211 2622 2273 mitto
2672 2211 2892 2292 ipsius
2943 2233 3190 2278 manu

589 2318 946 2400 scriptam.
1039 2318 1253 2380 Nulla
1300 2338 1377 2379 rc
1425 2315 1594 2378 mihi
1642 2312 1944 2378 videbar
1992 2315 2319 2396 beatior,
2369 2337 2580 2398 quam
2629 2317 2954 2381 amicitiis
3007 2341 3192 2384 eru-

588 2425 916 2505 ditorum,
966 2424 1037 2486 in
1072 2423 1325 2505 quibus
1374 2422 1996 2505 conquiescebam‚
2045 2443 2484 2505 quorumque
2531 2423 2855 2505 plerique
2902 2425 3193 2492 favent

587 2532 934 2613 LutherO,
993 2531 1273 2592 tametsi
1341 2529 1625 2611 quidam
1689 2529 2149 2593 dissimulant.
2261 2531 2416 2593 Hos
2485 2550 2670 2593 nunc
2735 2542 2856 2593 aut
2915 2534 3193 2598 habeo

586 2641 822 2721 palam
870 2641 1112 2700 hostes
1130 2686 1147 2718 ,
1199 2636 1298 2698 sic
1360 2645 1435 2699 ut
1495 2635 1781 2698 furiosis
1842 2636 2102 2700 libellis
2148 2639 2218 2699 in
2269 2657 2380 2700 me
2437 2639 2966 2720 debachentur‚
3041 2653 3196 2706 aut

584 2747 996 2828 insynceros
1045 2745 1328 2808 amicos.
1422 2744 1582 2807 Non
1642 2765 1751 2806 me
1801 2745 2121 2827 poenitet
2166 2744 2373 2807 huius
2421 2744 2665 2825 animi,
2731 2745 2971 2815 malim
3049 2753 3192 2814 vel

584 2854 775 2917 vitae
824 2852 1167 2915 iacturam
1213 2852 1454 2914 facere
1482 2900 1497 2931 ‚
1557 2871 1767 2933 quam
1816 2852 2110 2933 adiungi
2156 2849 2468 2915 factioni.
2565 2851 2724 2913 Non
2774 2852 3042 2935 scripsi
3103 2856 3190 2923 in

584 2961 1005 3034 Lutherum3
1077 2960 1215 3021 imo
1282 2960 1503 3022 multa
1565 2958 1852 3039 scripsi,
1921 2980 2104 3041 quae
2167 2979 2282 3022 res
2343 2958 2504 3021 illos
2551 2960 2770 3022 habet
2816 2962 3194 3040 pessime.

582 3068 731 3130 Nec
788 3068 1069 3131 interim
1117 3066 1291 3129 nihil
1340 3066 1479 3148 egi,
1533 3065 1697 3127 mihi
1748 3066 1983 3145 crede,
2033 3066 2290 3127 multos
2338 3064 2584 3127 sanavi
2633 3064 2770 3127 iam
2818 3066 3198 3135 addictos

583 3174 699 3237 isti
770 3174 1078 3247 foederi;
1152 3177 1409 3237 multos
1482 3174 1819 3237 revocavi
1891 3194 1979 3236 ne
2051 3172 2504 3251 accederent,
2577 3174 2831 3235 multos
2911 3177 3194 3241 mode-

581 3292 775 3345 ratus
837 3303 994 3343 sum
1055 3302 1144 3343 ne
1201 3282 1485 3343 nimium
1534 3282 1980 3354 accederent.
2095 3278 2464 3341 Neminem
2529 3278 2808 3359 quidem
2871 3282 3198 3347 conieci

582 3389 653 3450 in
702 3388 1008 3465 vincula,
1058 3390 1183 3451 sed
1232 3390 1392 3470 plus
1442 3386 1658 3450 efficit
1724 3388 1843 3469 qui
1895 3388 2216 3449 medetur
2259 3384 2516 3463 animO,
2565 3404 2774 3465 quarn
2823 3384 2946 3467 qui
3003 3410 3192 3455 cor-

580 3515 713 3578 pus
785 3494 1059 3576 affligit.
1176 3495 1552 3557 Coeterum
1632 3515 1771 3575 quo
1841 3494 2068 3556 minus
2131 3493 2362 3555 adhuc
2426 3492 2594 3555 totis
2666 3492 3195 3563 voluminibus

578 3600 1001 3683 impetierim
1063 3600 1485 3681 Lutherum,
1565 3600 1736 3664 illud
1800 3598 2241 3682 potissimum
2304 3599 2372 3661 in
2441 3619 2656 3661 causa
2715 3598 2883 3680 fuit,
2952 3609 3196 3683 quod

578 3712 791 3790 plane
838 3706 1323 3790 perspicerem
1374 3729 1486 3770 me
1535 3708 1705 3769 nihil
1756 3707 1947 3771 aliud
1982 3706 2491 3790 profecturum,
2540 3725 2749 3787 quam
2783 3715 2858 3768 ut
2891 3714 3182 3776 tumul-

579 3827 723 3878 tum
772 3816 958 3877 hunc
1021 3834 1463 3877 renovarem.
1577 3815 1666 3876 Et
1732 3824 1965 3877 tamen
2035 3814 2364 3895 quoniam
2423 3823 2681 3895 urgent
2747 3813 3200 3905 Principes,

578 3922 995 4004 praesertim
1043 3923 1213 3985 Rex
1261 3921 1599 4004 Angliae,
1672 3923 1926 3983 aedam
1973 3922 2227 3984 librum
2277 3922 2620 3984 adversos
2669 3921 2862 3983 illum
2924 3924 3030 3985 de
3097 3930 3196 3991 li-

576 4032 752 4092 bero
787 4028 1103 4110 arbitri0,
1154 4048 1293 4090 non
1331 4031 1521 4111 quod
1570 4029 1920 4092 confidam
1967 4029 2039 4091 id
2089 4029 2556 4112 profuturum,
2605 4031 2733 4092 sed
2781 4039 2855 4092 ut
2903 4033 3198 4103 decla-

575 4158 722 4199 rem
799 4135 1252 4218 Principibus
1319 4156 1484 4200 esse
1541 4158 1820 4218 verum,
1883 4139 2075 4218 quod
2145 4137 2315 4199 mihi
2380 4137 2753 4200 noluerunt
2817 4140 3196 4211 credere.

572 4243 737 4305 Mea
766 4245 1101 4307 valetudo
1136 4244 1298 4306 talis
1332 4253 1459 4325 cst,
1509 4254 1586 4306 ut
1618 4243 1934 4326 quotidie
1969 4264 2219 4325 parem
2255 4264 2366 4305 me
2399 4242 2470 4305 in
2501 4243 2696 4305 illum
2731 4263 3200 4324 supremum

573 4348 777 4413 diem.
912 4351 1303 4431 Quominus
1382 4350 1595 4414 velim
1670 4349 2048 4413 admittere
2125 4350 2316 4432 quod
2389 4349 2743 4413 Christum
2813 4349 3202 4425 offendat

570 4466 807 4519 vestra
856 4446 1209 4538 aequitas,
1260 4467 1474 4539 atque
1522 4457 1727 4519 huius
1775 4455 2155 4520 Pontificis
2203 4460 2294 4520 ab
2344 4457 2669 4519 omnibus
2717 4460 3200 4538 praedicata

568 4562 965 4646 prudentia,
1016 4564 1183 4627 mihi
1231 4565 1493 4627 bonam
1536 4584 1734 4643 spem
1767 4562 1959 4645 facit,
2007 4584 2139 4626 vos
2169 4563 2343 4627 nihil
2375 4563 2688 4627 odiosius
2738 4563 2804 4626 in
2856 4584 2978 4629 me
3041 4572 3200 4639 de-

567 4678 906 4734 creturos
1002 4670 1210 4751 Quod
1258 4672 1318 4734 si
1366 4671 1592 4751 fieret,
1648 4672 1893 4734 eadem
1947 4692 2170 4753 opera
2220 4679 2291 4734 et
2339 4670 2788 4734 Lutheranae
2837 4672 3200 4747 factioni

562 4799 712 4841 rem
763 4780 977 4859 longe
1028 4779 1501 4859 gratissimam
1549 4779 1861 4860 facietiS,
1911 4800 1994 4842 ac
2055 4778 2379 4861 pluribus
2441 4777 2898 4841 summatibus
2969 4782 3202 4854 viris

562 4887 779 4969 longe
830 4886 1435 4967 molestissimam,
1503 4906 1681 4968 quos
1748 4885 1917 4949 mihi
1985 4886 2160 4950 meis
2226 4886 2476 4950 studiis
2540 4884 2829 4948 devinxi
2875 4885 3196 4961 favore,

3520 788 3534 799 Ι
3518 232 3537 763 -..mm-
3518 70 3534 217 ψ
