3575 5775
1392 583 1890 640 0-<3409ffl

354 739 519 792 ortu
568 739 641 792 et
686 729 905 792 initiis
951 729 1318 794 Ecclesiae
1366 751 1457 793 ne
1506 751 1681 794 sono
1730 741 1950 810 state,
2022 740 2094 794 et
2141 733 2314 812 pero
2365 753 2590 813 penso
2640 733 2770 794 che
2819 730 2924 793 sia

352 847 713 919 oportuno
777 839 949 900 dare
1012 837 1184 919 ogni
1233 837 1425 900 aiuto
1488 847 1560 901 et
1606 837 1858 902 favore
1921 859 1964 901 a
2007 841 2428 920 spengerla‚
2501 850 2573 901 et
2633 839 2922 920 special-

352 954 595 1008 mente
658 947 727 1008 al
775 944 1051 1025 castigo
1115 944 1187 1006 di
1250 945 1449 1008 detta
1514 943 1718 1026 citta,
1789 947 1860 1008 la
1924 947 2089 1028 qual
2137 965 2306 1008 cosa
2366 946 2524 1008 sera
2592 945 2663 1007 di
2711 955 2923 1025 sorte,

353 1054 492 1115 che
540 1051 862 1134 scoprira
927 1061 996 1114 et
1044 1051 1093 1115 li
1142 1054 1359 1114 buoni
1422 1062 1497 1114 et
1541 1052 1589 1114 li
1636 1053 1804 1116 mali
1869 1062 1940 1114 et
1985 1054 2118 1114 hos
2167 1053 2582 1134 segregabit
2645 1057 2738 1116 ab
2787 1052 2926 1115 illis

354 1169 432 1222 et
480 1157 639 1221 sara
686 1157 959 1222 sorzato
1008 1161 1330 1222 cadauno
1366 1158 1637 1221 aiutare
1684 1159 1734 1222 li
1766 1159 1943 1239 suoi,
1993 1170 2064 1222 et
2095 1160 2358 1240 perche
2408 1160 2457 1221 li
2497 1157 2712 1222 buoni
2748 1179 2924 1222 sono

353 1266 579 1327 molto
626 1263 747 1346 pi&
795 1265 867 1329 in
916 1285 1209 1329 numero
1260 1275 1330 1327 et
1376 1265 1449 1328 in
1496 1267 1741 1329 valore
1791 1276 1862 1329 et
1891 1265 2030 1328 Dio
2077 1285 2218 1329 non
2254 1267 2634 1330 abandona
2681 1264 2796 1328 chi
2834 1269 2927 1328 ha

353 1371 527 1436 fede
572 1371 643 1434 in
691 1371 811 1453 lui,
860 1373 898 1435 ὲ
948 1372 1041 1434 da
1090 1391 1404 1454 sperare,
1452 1373 1585 1436 che
1634 1375 1725 1435 de
1771 1373 1822 1436 li
1871 1373 2054 1435 tristi
2102 1371 2508 1435 facilrnente
2555 1371 2614 1436 si
2659 1372 2926 1436 otterra

352 1478 668 1544 vittoria.
772 1525 787 1542 .
885 1503 899 1543 ε
996 1525 2925 1545 ..................

355 1631 2923 1652 οοοοοοοοοοοοοοοοοοοοοοοο

542 1710 789 1774 Budae
838 1709 1103 1792 Quinta
1150 1709 1467 1790 Januarii
1514 1709 1954 1775 MDXXIV.

1927 1843 2016 1892 uti
2054 1843 2214 1891 frater
2249 1835 2307 1896 1..
2347 1835 2469 1897 Gar.
2507 1835 2856 1909 campanus.

1440 2005 1611 2016 §V-aexwv
1622 2009 1631 2015 ι
1645 2006 1679 2016 -Ν
1689 2005 1819 2017 »β’-νῖν*
1829 2005 1853 2018 ’Νι

1572 2235 1719 2300 186.

1231 2342 1655 2446 Campegius
1712 2341 2056 2424 SadoletO.

1120 2481 1477 2551 (Nuntiat.
1528 2481 1838 2541 German.
1893 2481 2042 2542 Lm
2080 2483 2182 2551 54.)

1032 2593 1103 2662 (6.
1142 2593 1383 2658 Januarii
1428 2603 1559 2656 1525
1600 2589 1754 2662 (hora
1791 2595 2024 2644 secunda
2062 2595 2271 2662 noctis).

546 2715 746 2779 Hieri
796 2716 1033 2780 scrissi
1082 2738 1125 2780 a
1172 2717 1385 2800 pieno
1436 2719 1671 2798 quello
1722 2720 1853 2782 che
1902 2718 1996 2782 mi
2045 2739 2466 2793 occorreva;
2532 2719 2729 2800 dipoi
2791 2739 2930 2780 non

365 2821 675 2888 essendo
728 2826 957 2887 ancho
1009 2825 1099 2887 de
1147 2829 1263 2906 qui
1313 2825 1578 2907 partito
1650 2824 1697 2889 il
1746 2846 2018 2909 messo‚
2083 2847 2256 2890 sono
2321 2835 2800 2909 sopravenute
2863 2826 2930 2889 al

366 2932 655 2995 Barone
703 2932 959 2994 lettere
1007 2932 1079 2994 di
1129 2930 1425 2995 Boemia
1490 2932 1606 2995 dal
1656 2934 1861 2995 Duca
1918 2932 2162 3012 Car10‚
2219 2953 2349 3013 per
2412 2934 2476 2995 el
2537 2942 2784 2996 tenore
2842 2934 2932 2995 de

365 3039 437 3101 le
485 3037 678 3119 quali
726 3037 811 3101 N.
864 3036 937 3103 S.
986 3038 1192 3123 potra
1242 3042 1507 3103 vedere
1557 3058 1757 3101 come
1814 3038 1978 3102 viva
2041 3048 2114 3101 et
2174 3060 2417 3102 cresca
2473 3040 2540 3101 la
2588 3059 2937 3121 speranza

368 3142 442 3207 di
492 3147 728 3227 quelle
780 3165 966 3210 cose.
1060 3145 1318 3208 Donde
1366 3166 1497 3229 per
1543 3144 1595 3209 il
1642 3148 1842 3208 detto
1899 3166 2131 3209 messo
2197 3146 2254 3207 si
2319 3147 2673 3209 mandano
2736 3146 2931 3209 dette

366 3253 626 3315 lettere
675 3254 988 3315 anchora
1035 3273 1167 3315 con
1216 3254 1285 3315 le
1333 3254 1513 3315 altre
1562 3252 1759 3316 accio
1810 3255 1941 3315 che
1989 3250 2060 3316 S.
2111 3250 2214 3315 St*
2267 3262 2336 3317 et
2374 3252 2454 3317 V.
2505 3250 2578 3317 S.
2629 3274 2767 3315 non
2817 3274 2932 3315 va-

370 3361 561 3422 dano
611 3357 939 3422 fraudate
990 3360 1061 3422 di
1110 3369 1362 3442 questa
1409 3364 1554 3422 cosl
1603 3360 1846 3423 buona
1893 3379 2258 3441 speranza.
2733 3340 2736 3343 ⁴

548 3464 1002 3549 Riparlando
1051 3487 1181 3530 con
1234 3466 1282 3528 li
1332 3466 1597 3529 oratori
1648 3466 1763 3529 del
1789 3465 1942 3529 Rm⁰
1985 3464 2410 3547 Maguntino
2460 3466 2752 3529 intendo
2803 3467 2934 3528 che

367 3592 502 3655 per
550 3592 788 3636 essere
830 3570 903 3638 S.
940 3568 1011 3638 S.
1062 3574 1215 3636 Rm
1262 3594 1461 3635 corne
1492 3574 1586 3635 ho
1622 3572 1867 3636 scritto
1917 3594 2007 3636 ne
2040 3572 2083 3636 l'
2120 3575 2300 3635 altra
2333 3574 2518 3636 assai
2566 3574 2638 3636 di
2687 3584 2938 3636 natura

367 3677 641 3757 timido,
690 3680 823 3742 che
867 3700 1009 3742 non
1056 3680 1361 3743 sarebbe
1411 3701 1487 3743 se
1535 3699 1679 3742 non
1708 3682 1948 3743 buono
1999 3681 2129 3741 che
2161 3679 2244 3745 N.
2279 3676 2350 3745 S.
2403 3700 2533 3742 con
2573 3700 2664 3742 un
2700 3680 2935 3743 Breve

369 3787 839 3849 accomodato
904 3789 973 3850 lo
1040 3786 1394 3850 excitasse
1464 3798 1533 3851 et
1594 3786 2024 3850 inanimasse
2085 3807 2128 3849 a
2190 3786 2473 3868 seguire
2535 3786 2934 3869 gagliarda·

370 3902 607 3957 mente
658 3892 701 3955 1¹
737 3890 1135 3956 ordimento
1188 3896 1374 3957 della
1422 3894 1768 3976 impressa
1817 3895 1947 3956 che
1995 3894 2173 3955 hora
2220 3903 2436 3955 tratta
2486 3903 2555 3956 et
2603 3914 2839 3973 move,
2886 3893 2935 3954 il

372 4000 505 4063 che
552 4002 647 4062 ho
696 4000 877 4062 fatto
926 4000 1196 4063 anchor
1240 4000 1309 4063 io
1361 4022 1492 4063 con
1544 4003 1609 4063 le
1656 4000 1795 4064 mie
1843 4003 2118 4064 lettere.
2933 4072 2952 4089 ι

552 4105 644 4168 Et
688 4104 808 4188 pio
859 4107 1043 4171 vedo
1093 4108 1223 4170 che
1273 4106 1431 4170 sara
1482 4106 1888 4171 necessario
1935 4106 2123 4169 assai
2172 4106 2352 4169 darli
2420 4126 2461 4167 a
2509 4106 2678 4187 ogni
2725 4108 2936 4169 modo

372 4214 629 4275 alcuno
686 4212 879 4276 aiuto
930 4223 1004 4275 et
1048 4214 1320 4293 favore,
1370 4217 1435 4277 el
1484 4215 1694 4296 quale
1749 4234 1894 4276 non
1942 4234 2036 4295 po
2096 4233 2332 4275 essere
2382 4212 2528 4275 cosi
2573 4232 2759 4294 poco
2809 4214 2939 4275 che

374 4341 513 4383 non
564 4320 671 4382 sia
716 4340 849 4402 per
911 4319 1067 4383 fare
1130 4340 1309 4402 gran
1362 4320 1583 4383 frutto
1648 4320 1912 4401 perche
1976 4329 2466 4401 apertamente
2529 4319 2622 4382 mi
2680 4320 2936 4383 dicono

378 4426 507 4491 che
556 4448 699 4490 non
748 4429 1079 4490 havendo
1128 4428 1483 4491 authorita
1533 4438 1605 4491 et
1653 4428 1860 4490 caldo
1911 4427 2001 4488 da
2049 4428 2119 4488 la
2167 4424 2356 4489 Sede
2397 4426 2820 4509 Apostolica
2867 4440 2940 4491 et

382 4532 471 4597 da
516 4536 588 4597 la
636 4532 947 4597 Cesarea
991 4532 1269 4596 Maesta
1318 4536 1450 4596 che
1498 4537 1569 4596 la
1630 4535 1941 4615 impresa
2006 4532 2165 4595 sara
2223 4532 2440 4614 piena
2499 4532 2571 4595 di
2618 4536 2936 4615 pericolo

384 4649 451 4703 et
495 4642 585 4704 de
634 4638 1013 4714 difficulta;
1079 4642 1255 4722 pero
1324 4661 1539 4723 sopra
1587 4640 1695 4703 cio
1744 4640 1831 4704 V.
1887 4640 1959 4701 S.
2008 4638 2162 4701 fara
2211 4642 2452 4703 buona
2497 4640 2834 4703 instantia
2881 4640 2938 4703 si

381 4747 636 4829 perche
685 4748 727 4809 1’
766 4766 906 4809 uno
958 4757 1030 4809 et
1075 4746 1120 4809 l'
1157 4749 1336 4810 altro
1387 4746 1444 4809 si
1492 4746 1759 4827 faccia,
1810 4744 1867 4809 si
1915 4746 2177 4827 perche
2229 4757 2471 4829 presto
2523 4768 2598 4811 se
2646 4748 2939 4811 intenda

382 4856 466 4918 de
512 4856 582 4919 la
630 4862 867 4917 mente
916 4849 1005 4917 de
1054 4852 1138 4918 N.
1190 4853 1263 4916 S.
1300 4901 1313 4917 .
1354 4908 1364 4918 .
1462 4854 1711 4916 Budae
1758 4863 1966 4916 sexta
2014 4852 2330 4933 Januarii
2379 4854 2776 4923 MDXXV.

1444 4980 1775 4993 flamm«
1783 4980 1860 4991 vvxae·
