3575 5775
1429 609 1922 666 oe<13455ffi0

397 743 877 838 imperitorum
927 757 1199 820 animos
1256 757 1679 821 auctoritate
1733 761 2202 849 placaturam:
2256 770 2509 842 postea
2539 780 2712 823 vero
2746 782 2954 842 quam

398 863 550 925 aliis
600 874 812 944 atque
873 863 1029 925 aliis
1092 864 1366 927 nunciis
1436 865 1916 928 intelleximus
1970 865 2269 928 maiores
2340 867 2656 948 quotidie
2728 877 2957 931 motus

396 969 467 1032 in
515 969 669 1032 istis
716 971 891 1032 locis
942 971 1303 1050 concitari,
1353 981 1693 1034 testamur
1744 973 1992 1052 Deum,
2044 971 2140 1035 fili
2191 973 2570 1053 carissime,
2621 994 2750 1036 nos
2801 995 2957 1036 cum

397 1076 551 1139 aliis
600 1078 925 1140 omnibus
975 1078 1205 1141 causis
1255 1088 1325 1141 et
1370 1078 1791 1159 rationibuS,
1857 1088 2003 1141 tum
2077 1100 2247 1143 vero
2311 1082 2403 1143 ob
2473 1101 2630 1142 eum
2701 1100 2837 1162 quo
2887 1092 2957 1142 te

394 1185 886 1267 prosequimur
955 1206 1265 1248 amorem
1328 1206 1668 1249 summum
1732 1195 1804 1248 et
1866 1185 2319 1268 singularem,
2370 1207 2629 1268 magno
2704 1188 2956 1251 dolore

394 1291 613 1354 fuisse
664 1291 995 1355 affectos:
1047 1313 1472 1375 quamquam
1522 1293 1707 1356 enim
1754 1294 1828 1356 in
1869 1295 2002 1355 hoc
2039 1295 2223 1356 malo
2260 1297 2478 1356 multa
2511 1295 2959 1357 incommodo

396 1397 655 1479 insunt,
706 1419 888 1482 quae
940 1421 1067 1462 nos
1116 1401 1362 1482 gregis
1429 1401 1652 1463 nostri
1719 1402 2017 1463 salutem
2075 1421 2468 1483 pacemque
2532 1409 2960 1483 quaerentes

396 1505 861 1570 vehementer
908 1509 1377 1590 perturbant,
1441 1518 1675 1571 tamen
1739 1509 1913 1570 illud
1966 1521 2074 1570 est
2125 1508 2193 1570 in
2246 1507 2479 1570 animo
2531 1519 2772 1571 nostro
2824 1529 2958 1571 ma-

398 1613 663 1677 ximum
713 1625 784 1676 et
831 1615 1325 1696 gravissimum
1376 1616 1567 1696 quod
1616 1625 1687 1677 te
1755 1618 1970 1678 talem
2031 1625 2102 1677 et
2156 1615 2279 1678 tali
2345 1617 2606 1677 virtute
2672 1616 2960 1697 ingenio

394 1721 835 1784 humanitate
882 1723 1261 1805 prudentia
1288 1721 1645 1804 preditum
1695 1723 2160 1786 clarissimum
2208 1723 2961 1806 religiosissimumque

398 1827 835 1910 principem,
899 1829 1007 1892 his
1055 1830 1391 1912 periculis
1439 1850 1521 1892 ac
1590 1831 1946 1894 aerumnis
2001 1830 2294 1912 indigne
2351 1829 2642 1893 ferimus
2689 1829 2965 1893 conflic-

401 1935 573 2014 tari,
648 1957 831 2017 quae
901 1936 1109 1999 nobis
1181 1939 1316 1999 hoc
1395 1937 1608 2000 etiam
1664 1927 2025 2001 videntur
2059 1937 2469 2001 iniustiores
2535 1958 2674 2019 quo
2725 1948 2846 1999 tua
2892 1937 2962 2000 in

406 2042 544 2105 illis
592 2043 824 2125 magis
891 2052 961 2105 et
1026 2043 1251 2107 virtus
1321 2047 1552 2107 elucet
1624 2054 1695 2106 et
1760 2044 1973 2107 animi
2039 2046 2492 2126 magnitudo,
2565 2066 2701 2108 non
2780 2045 2964 2108 enirn

403 2149 599 2213 cedis
630 2151 863 2212 labori
886 2170 1113 2232 neque
1137 2152 1734 2214 succumbendum
1767 2163 1999 2233 putaS,
2036 2155 2160 2215 sed
2189 2153 2333 2214 alta
2367 2163 2437 2215 et
2464 2163 2703 2216 erecta
2731 2163 2966 2216 mente

405 2257 577 2319 nihil
628 2257 951 2320 exoritur
996 2258 1351 2340 repentini
1402 2259 1607 2338 mali,
1658 2257 1769 2320 cui
1819 2268 1892 2320 tu
1943 2279 2082 2322 non
2133 2258 2440 2323 subitum
2490 2281 2814 2342 opponas
2862 2278 2964 2322 re-

406 2363 734 2428 medium.
845 2365 1129 2446 Quanto
1208 2374 1442 2429 autem
1513 2366 1738 2428 maior
1799 2375 1921 2429 tua
1981 2365 2060 2428 fit
2127 2369 2351 2429 virtus
2412 2374 2484 2430 et
2545 2366 2965 2444 constantia,

408 2481 603 2533 tanto
656 2491 742 2533 ea
789 2491 971 2552 quae
1020 2481 1103 2536 te·
1140 2474 1400 2555 premit
1446 2475 1892 2556 perturbatio
1928 2474 2260 2539 odiosior.
2321 2475 2571 2556 Itaque
2621 2494 2750 2537 nos
2799 2494 2965 2536 nun-

410 2599 614 2659 quam
667 2579 1033 2642 molestius
1079 2581 1364 2643 tulimus
1412 2582 1595 2643 hanc
1645 2601 1828 2662 quae
1880 2603 2007 2644 nos
2057 2602 2444 2663 oppressos
2505 2589 2702 2644 tenet
2761 2578 2970 2643 Sedis

408 2685 868 2767 Apostolicae
899 2685 1415 2768 impotentiam3
1448 2689 1790 2752 vellemus
1827 2688 2032 2767 enim,
2067 2690 2124 2750 si
2163 2688 2426 2769 liceret,
2463 2709 2548 2751 ea
2596 2688 2722 2750 tibi
2756 2707 2970 2769 posse

407 2791 663 2856 afferre
713 2792 1050 2874 subsidia,
1100 2814 1231 2875 per
1262 2815 1445 2875 quae
1495 2804 1566 2857 et
1614 2794 2105 2876 tranquillitati
2154 2804 2317 2858 tuae
2368 2805 2439 2858 et
2468 2795 2689 2857 amori
2726 2804 2967 2858 nostro

406 2901 475 2963 in
526 2910 596 2963 te
646 2900 1045 2967 satisfieret.
1140 2900 1284 2964 Sed
1336 2922 1475 2983 quo
1523 2923 1654 2965 nos
1702 2913 2063 2965 vertamur
2110 2923 2250 2965 non
2299 2905 2664 2983 habemuS,
2714 2903 2802 2964 ad
2855 2923 2968 2965 ve-

408 3018 597 3071 teres
647 3008 831 3070 enim
894 3018 1173 3071 nostras
1236 3008 1691 3071 difficultates
1740 3031 1969 3072 novae
2019 3010 2299 3090 aliquae
2363 3028 2730 3072 accessere
2794 3029 2970 3089 quas

406 3114 607 3177 novit
640 3114 875 3176 Nob2⁸⁸
922 3124 1077 3189 tua:
1130 3136 1359 3197 neque
1408 3136 1592 3178 nunc
1641 3117 1976 3179 attineret
2006 3116 2242 3178 facere
2287 3136 2415 3178 nos
2450 3116 2694 3178 harum
2736 3136 2968 3177 rerum

407 3222 837 3285 mentionem
879 3220 1013 3283 nisi
1046 3220 1167 3283 illo
1199 3221 1430 3284 animo
1464 3243 1775 3285 essemus
1808 3222 2042 3285 omnia
2071 3243 2201 3304 pro
2232 3233 2354 3285 tua
2384 3242 2596 3284 causa
2625 3221 2968 3295 faciendi3

408 3338 726 3392 nostram
774 3329 1095 3409 quidem,
1146 3349 1325 3411 quae
1375 3340 1660 3393 nostrae
1710 3332 1941 3393 adhuc
1989 3330 2365 3411 potestatis
2407 3338 2548 3409 est,
2599 3328 2969 3392 auctorita-

410 3447 553 3499 tem
600 3434 1157 3498 benivolentiam
1207 3436 1514 3499 studium
1566 3438 1653 3499 ad
1704 3448 1825 3499 tua
1852 3438 2086 3499 omnia
2132 3438 2501 3501 commoda
2531 3436 2969 3517 pollicemur,

412 3566 490 3607 ac
556 3545 900 3606 vellemus
964 3554 1037 3605 et
1086 3553 1329 3607 nostra
1377 3552 1447 3606 et
1494 3554 1615 3607 tua
1664 3556 1734 3607 et
1783 3543 2236 3607 Serenissimi
2297 3543 2537 3606 fratris
2585 3544 2684 3605 tui
2734 3563 2966 3621 causa,

413 3660 691 3733 tempus
738 3654 871 3713 hoc
922 3650 1176 3713 aetatis
1225 3659 1511 3714 nostrae
1558 3652 1808 3715 melius
1858 3672 2014 3714 esse
2075 3652 2548 3733 tranquillum,
2601 3660 2679 3711 ut
2725 3670 2958 3731 quem-

416 3758 789 3820 admodum
841 3758 1093 3820 eodem
1143 3767 1465 3839 tempore
1531 3780 1573 3820 a
1645 3779 1913 3821 summo
1987 3768 2058 3821 et
2106 3759 2592 3839 omnipotente
2640 3757 2798 3819 Deo
2847 3776 2968 3838 gu-

417 3864 813 3927 bernationi
860 3864 999 3946 ipsi
1042 3865 1466 3945 populorum
1510 3883 1747 3927 sumus
1785 3865 2090 3946 prefecti
2133 3865 2232 3927 sic
2277 3864 2431 3946 pari
2482 3878 2551 3925 et
2596 3863 2969 3925 coniuncto

421 3972 648 4035 animo
700 3987 912 4053 atque
961 3992 1201 4035 amore
1248 3992 1501 4035 munus
1563 3986 1879 4035 nostrum
1953 3991 2485 4043 exerceremus;
2550 3971 2676 4032 sed
2733 3977 2971 4031 tantae

420 4078 736 4142 incidunt
785 4078 1101 4161 quotidie
1152 4088 1655 4160 tempestateS,
1714 4088 1788 4141 ut
1836 4099 2022 4160 pene
2073 4100 2110 4140 e
2159 4079 2483 4141 manibus
2532 4076 2790 4139 nostris
2837 4078 2970 4139 cla-

421 4206 546 4249 vus
595 4186 1040 4258 excutiatur;
1095 4186 1163 4247 in
1228 4186 1442 4248 tantis
1502 4194 1739 4248 tamen
1801 4184 2128 4248 fluctibus
2199 4185 2439 4247 divino
2498 4183 2762 4246 auxilio
2812 4202 2970 4245 con-

422 4292 639 4356 fidere
689 4294 1060 4367 debemus;
1110 4292 1265 4373 ipse
1315 4293 1497 4355 enim
1548 4294 1743 4355 Deus
1795 4302 1865 4355 et
1913 4300 2185 4354 mentes
2233 4294 2459 4353 bonas
2515 4290 2841 4371 inspirat,
2905 4299 2974 4351 et

422 4398 488 4462 in
538 4420 663 4463 sua
696 4420 912 4463 causa
943 4400 1353 4465 laborantes
1386 4420 1522 4463 non
1561 4399 1844 4462 deserit.
1898 4398 2180 4479 Quanto
2227 4409 2460 4459 autem
2495 4399 2698 4459 labor
2747 4396 2975 4459 maior

422 4519 579 4571 tuae
625 4507 873 4571 virtuti
920 4506 1329 4589 propositus
1379 4516 1515 4588 est,
1582 4516 1779 4569 tanta
1849 4506 1979 4568 erit
2045 4504 2323 4567 virtutis
2379 4504 2534 4567 laus
2597 4504 2972 4567 illustrior:

425 4617 545 4677 sed
602 4636 733 4678 nos
790 4634 1021 4696 neque
1087 4634 1453 4677 monemus
1514 4634 1747 4696 neque
1815 4616 2178 4675 hortamur
2233 4610 2694 4673 Nobilitatem
2763 4620 2976 4690 tuam,

427 4744 559 4786 non
609 4722 796 4785 enim
842 4721 963 4785 illa
1013 4721 1309 4783 consilio
1358 4742 1487 4783 nec
1540 4719 2072 4783 confirmatione
2120 4718 2434 4798 indiget:
2500 4718 2672 4780 illud
2739 4716 2976 4798 potius

426 4828 899 4911 significamus
980 4828 1049 4890 in
1123 4826 1337 4891 tantis
1416 4826 1952 4890 difficultatibus
2038 4824 2341 4888 omnium
2421 4845 2655 4887 rerum
2722 4822 2977 4904 quibus

426 4936 836 5019 premimur,
906 4938 1089 4998 hanc
1151 4943 1462 4998 nostram
1526 4954 1683 4997 esse
1744 4933 2122 4995 maximam
2191 4929 2737 4993 sollicitudinem
2787 4929 2977 5011 quod
