3575 5775
1615 567 2109 626 0-5'3444820-0

586 723 657 776 et
702 713 1197 795 inobediente,
1270 735 1469 778 corne
1540 719 1611 778 fu
1670 718 2064 799 proceduto
2128 728 2376 780 contra
2425 718 2674 782 Boemi
2723 732 2796 780 et
2843 720 2954 780 nel
3005 719 3140 800 pri·

584 821 765 885 varli
814 822 905 884 de
953 821 1001 886 li
1048 823 1449 886 commercii
1500 822 1839 887 interdire
1891 826 2116 887 ancho
2165 826 2304 888 alle
2353 827 2533 888 altre
2597 826 2728 888 che
2776 829 2908 888 sub
2957 845 3148 907 pena

586 929 1263 992 excomunicationis
1313 939 1445 992 ete.
1496 951 1634 993 non
1684 933 1988 994 havesse
2037 933 2289 995 alcuno
2338 932 2762 996 commercio
2804 953 2935 996 con
2985 953 3146 996 esse

586 1037 1006 1100 altramente
1056 1038 1186 1100 che
1236 1039 1387 1100 loro
1438 1038 1603 1099 beni
1654 1047 1725 1100 et
1772 1037 2160 1102 mercantie
2210 1041 2266 1102 si
2305 1040 2612 1102 dessono
2661 1039 2730 1102 in
2779 1040 3023 1122 preda,
3075 1049 3154 1101 et

587 1143 766 1206 fatto
816 1155 1067 1226 questo
1116 1144 1174 1207 si
1222 1147 1575 1226 potrebbe
1624 1145 2040 1209 dimandare
2087 1167 2130 1208 a
2178 1146 2428 1210 B'oemi
2489 1167 2693 1211 come
2749 1147 2844 1209 ad
2904 1145 3150 1210 obedi-

586 1250 763 1333 enti,
833 1252 965 1313 che
1011 1270 1152 1314 non
1201 1253 1603 1315 andassono
1668 1252 1787 1333 piu
1840 1255 1908 1316 la
1955 1273 2070 1316 ma
2115 1253 2577 1317 ritornassino
2627 1275 2670 1316 a
2716 1253 3152 1336 Ratispona,

585 1357 1005 1421 similmente
1054 1359 1421 1439 operando
1471 1379 1603 1422 con
1653 1360 1816 1422 tutti
1865 1361 2098 1441 questi
2149 1360 2508 1424 Potentati
2575 1369 2648 1423 et
2707 1359 2952 1442 Regni
3008 1381 3150 1424 con

568 1465 815 1562 ¹lettre,
867 1467 998 1528 che
1048 1465 1399 1528 evitarent
1444 1465 1603 1528 illas
1652 1466 1998 1530 Civitates
2047 1476 2204 1547 ete„
2255 1477 2324 1530 et
2373 1465 2520 1530 cosi
2567 1487 2769 1531 come
2819 1468 2910 1530 da
2959 1489 3035 1530 se
3085 1465 3154 1530 si

586 1571 1073 1636 destituiriano
1125 1581 1195 1635 et
1260 1573 1573 1654 segnitia
1633 1575 1702 1637 lo
1752 1573 2020 1639 effett0.
2117 1575 2260 1638 Pur
2301 1576 2369 1638 la
2418 1575 2588 1638 citta
2622 1575 2693 1638 di
2735 1575 3156 1657 Ratispona

588 1677 836 1741 merita
886 1678 1057 1761 ogni
1104 1679 1301 1742 aiuto
1350 1690 1421 1742 et
1468 1679 1720 1745 favore
1766 1682 2028 1763 perche
2077 1702 2208 1764 per
2254 1684 2323 1744 la
2371 1682 2784 1746 obedientia
2849 1703 2977 1745 soa
3027 1682 3160 1744 alli

586 1783 953 1848 interdetti
1000 1806 1211 1868 perse
1260 1787 1309 1848 il
1356 1785 1605 1849 trafico
1654 1797 1725 1849 et
1775 1789 1812 1850 ὲ
1859 1787 1980 1870 gia
2029 1808 2228 1851 come
2277 1789 2752 1869 abandonata,
2803 1799 2875 1853 et
2922 1789 2960 1852 ὲ
3010 1809 3158 1851 am-

586 1891 903 1974 plissima
952 1893 1121 1956 citta
1170 1904 1242 1957 et
1290 1896 1505 1957 molto
1554 1896 1741 1958 bene
1789 1894 2120 1958 edificata
2167 1896 2260 1958 ad
2305 1896 2534 1978 ripam
2583 1895 2896 1960 Danubii

764 2124 1013 2188 Budae
1066 2125 1329 2189 XXVI
1380 2124 1648 2209 Aprilis
1698 2125 2094 2191 MDXXV.

2209 2252 2298 2301 Uti
2337 2253 2524 2300 Frater
2565 2253 2935 2302 Deditissimus

2261 2341 2319 2401 1..
2360 2338 2482 2402 Gur.
2521 2337 2872 2414 omnnem.

1801 2787 1950 2852 205.

1384 2902 1702 2985 Clemens
1761 2904 1922 2985 VII.
1981 2905 2221 2986 Gasolo
2285 2906 2358 2988 V.

1244 3051 1517 3125 (Sadalou
1553 3052 1732 3126 Epist.
1768 3053 1845 3111 ad
1878 3053 2160 3127 Prlnoipos
2196 3053 2288 3112 fol.
2325 3052 2461 3124 143.)

1639 3172 1709 3236 (7.
1750 3173 1886 3221 Maii
1930 3169 2104 3239 1525.)

771 3294 982 3357 Carmo
1028 3294 1099 3356 in
1150 3294 1432 3358 Christo
1479 3294 1581 3357 fili
1606 3304 1852 3358 noster
1885 3305 2012 3359 ete.
2111 3294 2284 3358 Cum
2331 3314 2376 3357 a
2421 3293 2663 3377 primis
2711 3296 3173 3377 temporibus

592 3400 1055 3464 Pontificatus
1104 3400 1346 3482 nostri,
1394 3401 1876 3485 intelligentes
1923 3402 1994 3465 in
2044 3422 2254 3483 quam
2303 3422 2539 3464 curam
2597 3413 2666 3463 et
2715 3404 3036 3466 laborem
3092 3414 3175 3467 et

572 3505 665 3569 ‘in
713 3526 894 3587 quae
941 3516 1267 3590 tempora
1332 3508 1755 3571 christianae
1826 3508 2264 3590 reipublicae
2310 3528 2441 3571 nos
2512 3510 2600 3571 ad
2661 3520 2904 3572 tantae
2976 3530 3178 3575 onus

592 3612 1081 3676 sollicitudinis
1129 3615 1324 3678 Deus
1372 3614 1846 3698 Omnipotens
1891 3616 2311 3694 vocavisset,
2361 3614 2854 3680 institissemus
2903 3637 3176 3699 procu·

592 3740 754 3783 rare
803 3730 873 3783 et
920 3721 1221 3785 suadere
1269 3742 1553 3804 pacem,
1604 3722 1753 3785 sine
1805 3742 1945 3805 qua
1993 3722 2593 3787 Christianitatem
2641 3732 2750 3786 tot
2799 3734 2871 3787 et
2917 3733 3174 3788 exter-

594 3826 701 3889 nis
751 3839 823 3890 et
870 3828 1281 3893 domesticis
1326 3830 1525 3892 malis
1572 3829 1846 3892 damnis
1909 3830 2514 3911 incommodisque
2575 3828 2924 3909 attritam,
2993 3852 3174 3913 pro-

591 3934 851 3999 ximam
902 3956 1058 4000 esse
1108 3934 1327 3999 exitio
1374 3936 1834 4000 videbamus:
1883 3937 2340 3999 recordamur
2370 3955 2498 3998 nos
2529 3956 2620 3999 ex
2654 3934 2872 3999 officii
2909 3936 3177 4018 potius

594 4044 818 4105 nostri
866 4045 1143 4125 debit0‚
1194 4064 1403 4126 quam
1452 4046 1641 4126 quod
1691 4065 1820 4126 spe
1867 4045 2013 4107 ulla
2059 4055 2496 4123 teneremur,
2558 4043 2649 4105 ad
2718 4062 2872 4105 eam
2935 4042 3173 4109 actio-

596 4170 754 4214 nem
804 4160 969 4214 tunc
1000 4152 1347 4215 adductos
1395 4150 1637 4215 fuisse.
1716 4150 1868 4213 Etsi
1897 4149 2084 4214 enim
2116 4151 2345 4213 Deum
2394 4147 2792 4213 sciebamus
2839 4148 3176 4233 omnipo-

594 4266 858 4320 tentem
908 4270 1183 4322 mutare
1230 4278 1449 4341 saepe
1492 4267 1796 4341 repente
1845 4258 2139 4321 consilia
2185 4256 2546 4319 hominum
2594 4256 2664 4318 in
2731 4255 2980 4319 melius
2995 4304 3014 4337 ,
3097 4271 3184 4322 et

597 4384 778 4445 quae
831 4364 1246 4429 difficillima
1292 4366 1740 4445 videbantur,
1791 4385 1878 4427 ea
1925 4384 2080 4427 cum
2139 4364 2328 4427 omni
2374 4361 2716 4426 facilitate
2763 4362 3182 4431 conficere:

596 4480 831 4536 tamen
882 4472 953 4533 in
1001 4472 1215 4535 tantis
1264 4492 1617 4535 armorum
1665 4470 2262 4549 contentionibuS,
2311 4480 2382 4532 et
2421 4469 2722 4533 diversis
2752 4469 3180 4552 principum

595 4578 1139 4643 christianorum
1186 4579 1578 4660 sententiis»,
1624 4598 1767 4641 non
1817 4580 2241 4641 cernebatur
2287 4576 2447 4659 paci
2483 4578 2701 4657 locus»,
2751 4596 2960 4659 quam
2997 4598 3180 4645 cum

599 4687 1073 4749 suadebamus
1122 4695 1194 4750 et
1242 4687 1334 4749 ad
1367 4706 1523 4749 eam
1552 4687 2017 4749 hortabamur
2039 4732 2055 4764 ‚
2103 4684 2824 4766 proponebamusque
2855 4704 2942 4746 ea
2970 4704 3182 4766 quae

597 4792 807 4858 nobis
864 4794 1291 4858 videbantur
1348 4795 1441 4857 ad
1495 4812 1749 4877 pacem
1820 4791 2158 4875 propiora
2219 4811 2413 4872 esse,
2485 4790 2719 4854 studio
2786 4790 3016 4873 magis
3097 4806 3184 4859 et

598 4901 956 4971 desiderio
1005 4901 1485 4993 conscientiae
1532 4911 1822 4967 nostrae
1873 4898 2528 4978 satisfaciebamu5‚
2577 4917 2786 4980 quam
2835 4918 2964 4983 spe
2997 4919 3178 4985 pro-
