3575 5775
1484 588 1941 646 0-ζ319ΞΗ»

420 733 766 815 pestifere
827 753 1271 814 quocumque
1328 755 1701 815 possumus
1752 737 2070 800 remedio
2120 737 2412 800 salutari
2461 758 2835 800 occurrere
2884 758 2993 799 cu-

419 842 728 923 pientes,
793 852 864 903 et
910 861 999 903 ne
1058 841 1461 905 huiusmodi
1521 844 1810 906 morbus
1871 844 2215 926 pestilens
2278 846 2996 907 excrescat-ulterius

419 952 554 1012 sed
603 958 1042 1028 cooperante
1091 948 1376 1011 domino
1407 950 1747 1013 radicitus
1782 953 2148 1031 evellatur,
2202 952 2580 1015 salubriter
2612 954 2993 1033 providere

417 1059 776 1135 volentes,
826 1076 908 1117 ac
950 1066 1322 1136 sperantes
1354 1059 1544 1138 quod
1597 1057 2136 1139 circumspectio
2184 1067 2307 1121 tua
2356 1059 2679 1139 Alberte‚
2729 1079 2998 1121 memor

417 1164 654 1245 galeri
699 1162 902 1225 istius
949 1162 1152 1227 rubei
1201 1182 1408 1245 quem
1457 1175 1701 1246 gestas
1749 1164 2155 1247 significare
2203 1175 2280 1227 ut
2334 1186 2464 1247 pro
2517 1165 2685 1229 fidei
2735 1165 2994 1229 Christi

415 1274 698 1334 honore
745 1269 1166 1349 sanguinem
1215 1270 1582 1334 effundere
1631 1292 1772 1335 non
1822 1273 2125 1354 dubiteS,
2173 1293 2304 1354 per
2350 1282 2469 1335 tue
2503 1272 2995 1335 sollicitudinis

417 1378 736 1441 studium
781 1379 1016 1440 labem
1064 1376 1466 1441 huiusmodi
1515 1378 1881 1461 extirpare
1931 1387 2003 1441 et
2051 1381 2447 1442 ortodoxae
2490 1378 2657 1441 fidei
2687 1378 2993 1442 fructuo-

416 1508 543 1548 sos
605 1486 932 1567 palmites
995 1485 1324 1565 plantare
1377 1506 1511 1567 pro
1561 1496 1682 1549 tua
1729 1486 1917 1549 virili
1967 1486 2357 1551 conaberis.
2454 1488 2562 1549 De
2610 1497 2733 1549 tua
2778 1486 2995 1567 igitur

416 1593 1060 1674 circumspectione
1110 1592 1490 1674 prudentia
1539 1613 1622 1655 ac
1671 1593 2011 1675 singulari
2061 1594 2388 1657 doctrina
2445 1613 2823 1675 rerumque
2878 1614 2993 1655 ex-

417 1700 804 1783 perientia,
868 1720 1146 1762 necnon
1196 1700 1268 1761 in
1318 1720 1448 1762 nos
1517 1713 1587 1763 et
1649 1702 1891 1764 sedem
1956 1700 2424 1781 apostolicam
2487 1699 2870 1764 devotione
2924 1710 2995 1763 et

417 1807 568 1871 fide
615 1806 941 1869 fiduciam
989 1809 1368 1887 habenteS,
1433 1817 1506 1869 te
1555 1818 1806 1870 contra
1853 1810 2035 1871 hanc
2083 1817 2161 1869 ut
2208 1805 2640 1890 premittitur
2687 1806 2994 1869 heresim

417 1916 662 1978 labem
719 1924 792 1977 et
852 1923 1130 1996 pestem
1190 1934 1273 1977 ac
1322 1913 1393 1976 in
1443 1934 1529 1978 ea
1577 1914 2113 1996 quomodolibet
2162 1914 2555 1996 culpabiles
2604 1914 2995 1977 existentes

419 2025 837 2105 generalem
903 2022 974 2084 in
1041 2032 1194 2085 tota
1258 2022 1627 2105 germania
1693 2022 2179 2104 inquisitorem
2243 2021 2561 2084 heretice
2622 2019 2995 2102 pravitatis

417 2130 827 2193 huiusmodi
892 2128 1190 2191 facimus
1250 2130 1738 2193 constituimus
1808 2148 2129 2193 creamus
2196 2138 2269 2191 et
2324 2129 2770 2210 deputamus,
2836 2148 2992 2189 cum

421 2238 658 2320 plenis
705 2236 1168 2299 facultatibus
1218 2246 1288 2299 et
1334 2247 1694 2319 potestate
1742 2257 1882 2319 que
1930 2238 1999 2299 in
2049 2236 2393 2299 similibus
2439 2256 2483 2297 a
2530 2236 2699 2315 Jure
2748 2254 2993 2298 conce-

423 2346 690 2407 duntur
751 2363 836 2406 ac
900 2342 1056 2407 aliis
1119 2343 1629 2408 infradicendis
1693 2364 1973 2408 necnon
2034 2343 2164 2406 tibi
2219 2353 2290 2405 et
2338 2342 2540 2405 vobis
2589 2342 2860 2405 nunciis
2910 2362 2993 2403 ac

422 2450 723 2515 notariis
768 2448 1069 2532 prefatis
1119 2460 1190 2513 et
1237 2460 1550 2514 vestrum
1603 2452 1897 2515 cuilibet
1946 2462 2191 2513 contra
2242 2451 2531 2513 eosdem
2578 2450 2675 2513 M.
2707 2448 2826 2512 W.
2878 2448 2992 2513 Ul.

423 2568 504 2621 et
550 2558 654 2621 La
699 2558 806 2637 Jo.
857 2556 1010 2643 (sic)
1058 2578 1142 2619 ac
1191 2556 1370 2620 alios
1429 2578 1608 2640 quos
1655 2558 2011 2621 hereticos
2058 2557 2215 2620 fore
2280 2566 2351 2621 et
2406 2576 2565 2620 esse
2623 2576 2755 2639 per
2820 2556 2996 2618 alias

422 2675 708 2729 nostras
795 2664 1071 2728 litteras
1147 2665 1666 2728 declaravimus
1743 2676 1816 2728 et
1880 2664 1951 2727 in
2025 2664 2421 2728 litterarum
2488 2662 2995 2727 declarationis

419 2771 826 2835 huiusmodi
889 2771 1371 2852 publicatione
1435 2771 1784 2834 nominari
1863 2792 2075 2853 posse
2156 2770 2541 2851 voluimuS,
2608 2790 2994 2851 eorumque

420 2878 856 2944 adherentes
906 2879 1291 2961 complices
1340 2889 1410 2941 et
1456 2878 1776 2943 fautores
1825 2891 2037 2961 atque
2087 2888 2578 2961 receptatores
2611 2878 2993 2942 cuiuscum-

423 3007 568 3068 que
615 2996 842 3050 status
889 2987 1158 3068 gradus
1205 2985 1474 3048 ordinis
1523 2986 1953 3049 conditionis
2001 2988 2117 3049 vel
2150 2985 2623 3068 preminentie
2674 2987 2886 3048 etiam
2935 2985 2993 3046 si

421 3094 703 3175 imperii
754 3095 1124 3172 electoreS‚
1189 3102 1260 3155 et
1307 3093 1847 3156 communitates
1910 3093 2409 3156 universitates
2473 3101 2545 3155 et
2608 3091 2992 3173 municipia

419 3200 710 3282 fuerint,
757 3199 1166 3281 ubicunque
1213 3201 1528 3263 locorum
1579 3221 1703 3264 eos
1752 3222 1909 3264 esse
1959 3199 2449 3282 compereritis
2499 3199 2764 3281 agendi
2831 3219 2987 3280 pro·

422 3309 734 3372 cedendi
799 3327 1065 3390 eosque
1128 3308 1460 3390 capiendi
1523 3329 1604 3370 ac
1671 3308 2079 3371 carceribus
2142 3306 2594 3389 mancipandi
2658 3316 2729 3368 et
2791 3306 2993 3368 iuxta

423 3415 814 3477 canonicas
865 3412 1288 3478 Sanctiones
1339 3425 1410 3476 et
1459 3425 1866 3478 sanctorum
1914 3425 2196 3497 patrum
2242 3414 2563 3478 instituta
2619 3423 2833 3496 prout
2881 3433 2991 3475 cu-

423 3521 684 3604 iusque
735 3521 1039 3603 qualitas
1087 3520 1329 3584 delicti
1379 3523 1708 3602 exegerit
1753 3523 2094 3606 puniendi
2145 3530 2216 3585 et
2260 3523 2627 3585 brachium
2676 3521 2997 3584 seculare

419 3639 498 3691 et
545 3629 945 3712 Imperiale,
1006 3627 1064 3691 si
1114 3649 1293 3711 opus
1343 3628 1578 3708 fuerit,
1645 3639 1897 3693 contra
1945 3633 2233 3694 eosdem
2281 3630 2663 3693 invocandi
2713 3649 2989 3692 necnon

420 3738 518 3799 ad
567 3737 893 3799 veritatis
956 3737 1191 3799 lumen
1240 3736 1476 3800 redire
1537 3745 1607 3798 et
1654 3736 2054 3799 huiusmodi
2102 3737 2405 3801 heresim
2474 3737 2805 3800 abiurare
2873 3757 2990 3798 vo-

417 3846 656 3905 lentes
703 3842 763 3905 si
811 3843 990 3905 alias
1038 3843 1304 3926 relapsi
1353 3863 1494 3906 non
1544 3843 1829 3924 fuerint,
1876 3854 2169 3926 recepta
2218 3848 2309 3919 ab
2359 3845 2461 3907 eis
2508 3845 2737 3925 prima
2798 3843 2989 3906 abiu·

417 3949 702 4012 ratione
749 3949 1021 4012 heresis
1089 3959 1161 4012 et
1210 3969 1527 4013 errorum
1575 3950 1977 4014 huiusmodi
2024 3950 2337 4032 legitime
2402 3961 2472 4014 et
2538 3950 2825 4032 publice
2888 3950 2985 4012 fa-

417 4057 680 4119 cienda
726 4057 1191 4139 prestitoque,
1231 4077 1362 4138 per
1397 4077 1520 4120 eos
1553 4059 1967 4136 Juramento
2018 4059 2207 4140 quod
2256 4059 2427 4121 talia
2458 4059 2799 4139 deinceps
2846 4078 2989 4120 non

415 4163 885 4242 committent,
936 4184 1067 4227 nec
1117 4165 1288 4226 talia
1346 4167 1460 4227 vel
1509 4164 1685 4227 alias
1731 4165 1867 4228 hiis
1916 4167 2171 4229 similia
2217 4163 2817 4228 committentibus
2865 4185 2990 4228 seu

415 4271 940 4334 adherentibus
972 4271 1308 4334 auxilium
1360 4271 1730 4334 consilium
1777 4275 1893 4335 vel
1940 4273 2261 4336 favorem
2309 4293 2440 4353 per
2488 4293 2562 4334 se
2611 4274 2728 4334 vel
2776 4272 2989 4334 alium

414 4398 546 4441 seu
612 4377 792 4440 alios
859 4381 1284 4460 prestabunt
1344 4389 1415 4440 et
1486 4379 1662 4441 alias
1709 4377 1779 4440 in
1830 4379 2061 4443 forma
2110 4379 2408 4442 ecclesie
2460 4390 2822 4460 consueta,
2874 4401 2989 4441 ex·

416 4485 650 4567 ceptis
709 4494 946 4547 tamen
1009 4485 1187 4547 Mar.
1240 4483 1383 4548 Wi.
1434 4495 1505 4548 et
1554 4485 1802 4548 Ulrico
1853 4496 1925 4548 et
1971 4487 2079 4564 Jo.
2129 4486 2502 4568 predictis:
2572 4506 2867 4567 quorum
2919 4497 2989 4548 et

415 4591 799 4654 cuiuslibet
833 4611 1076 4654 eorum
1109 4601 1464 4673 tamquam
1519 4593 1748 4675 magis
1783 4595 2061 4656 notorie
2111 4593 2568 4675 culpabilium
2605 4593 2983 4656 absolutio-

417 4719 602 4779 nem,
653 4700 710 4762 si
762 4719 914 4761 eam
963 4699 1322 4762 humiliter
1369 4709 1442 4762 et
1489 4699 1557 4761 in
1609 4699 1840 4763 forma
1887 4701 2075 4780 Juris
2123 4711 2371 4782 petere
2423 4700 2796 4780 voluerint,
2867 4722 2983 4763 no-

415 4806 528 4868 bis
576 4817 650 4868 et
695 4807 852 4868 sedi
901 4806 1296 4889 apostolice
1363 4807 1775 4888 specialiter
1821 4819 1893 4870 et
1962 4827 2303 4890 expresse
2352 4829 2801 4872 reservamus
2868 4811 2985 4871 ab·

421 4912 750 4978 solvendi
799 4925 869 4978 et
917 4916 1006 4978 ad
1057 4925 1373 4978 nostrum
1423 4925 1493 4976 et
1542 4913 1857 4978 eiusdem
1906 4916 2096 4979 sedis
2130 4918 2475 5000 gremium
2526 4937 2801 4979 necnon
2830 4935 2983 4996 gra·

2602 5023 2669 5078 2*
