3575 5775
1715 521 1833 610 &o
1911 530 2017 612 zm
2092 558 2209 612 ew

863 669 919 764 il
971 697 1206 764 Breve
1256 702 1465 782 quale
1514 699 1861 765 ricercate
1910 724 2125 785 sopra
2186 704 2349 768 tutti
2419 726 2461 768 a
2510 701 2771 770 Cesare
2836 701 2921 770 ed
2991 703 3235 772 alcime

677 811 928 892 parole
978 809 1048 870 di
1095 829 1304 871 mano
1353 811 1646 891 propria
1694 809 1765 870 di
1816 811 1897 872 N.
1934 810 2059 891 S‘0,
2108 811 2227 893 gia
2260 811 2360 874 Su
2392 812 2671 877 Santita
2721 814 2763 876 l'
2796 817 3029 877 havea
3063 815 3235 878 fatto

679 919 772 980 da
819 939 893 980 se
944 925 1014 978 et
1063 917 1220 980 sai-31
1269 937 1404 978 con
1454 916 1502 978 li
1551 916 1712 978 altri
1763 919 1873 980 nel
1928 939 2163 980 mazzo
2214 939 2347 982 con
2400 924 2465 983 le
2516 920 2780 982 minute
2830 922 3129 985 intornO.

2126 1026 2131 1033 ⁵
2554 1061 2757 1124 voster
2791 1060 3004 1131 Frater,

2448 1153 2618 1201 Vice
2647 1151 3154 1202 Cancellarius.

1751 1327 2104 1338 mmm-vw--xw
2155 1329 2163 1334 -

1899 1586 2004 1651 83

1211 1701 2131 1783 Vioecancellarius
2204 1703 2703 1786 Alcandro.

1553 1849 1839 1921 (Nuntiat.
1878 1849 2130 1909 German.
2166 1850 2229 1909 1..
2266 1851 2367 1919 5¹7.)

1245 1970 1498 2023 (Floreat.
1537 1981 1612 2033 14.
1638 1971 1765 2018 Maii
1805 1979 1955 2032 1521.
1984 1995 2057 2006 -ο-
2084 1971 2347 2020 Wormat.
2380 1983 2461 2020 22.
2488 1969 2659 2040 Maii.)
2720 1967 2727 1972 ⁸

855 2095 1129 2158 Perche
1182 2094 1271 2156 ne
1319 2093 1691 2176 maggiore
1742 2093 1827 2156 ne
1880 2095 1972 2155 da
2020 2092 2135 2155 noi
2186 2093 2305 2174 pisi
2372 2094 2779 2158 desiderata
2845 2098 3241 2178 allegrezza

679 2213 1062 2285 potevamo
1114 2223 1451 2264 recevere
1518 2203 1649 2263 che
1699 2203 1789 2264 de
1854 2201 2229 2264 intendere
2290 2203 2362 2263 la
2426 2213 2671 2282 santa,
2744 2203 3138 2266 immortale
3202 2225 3239 2266 e

676 2330 959 2392 sempre
1029 2309 1488 2372 memorabile
1549 2329 1771 2389 opera
1838 2316 1909 2370 et
1972 2307 2167 2390 pieta
2235 2308 2305 2370 di
2356 2309 2617 2371 Cesare
2686 2321 2937 2372 contro
3002 2313 3241 2390 quello

677 2438 867 2480 novo
916 2416 1091 2478 Ario
1143 2425 1213 2478 et
1260 2415 1736 2494 heresiarcha,
1787 2417 1858 2477 la
1906 2417 2068 2496 qual
2119 2415 2177 2478 si
2226 2418 2363 2477 ben
2416 2420 2888 2479 conveniente
2950 2437 2993 2478 a
3040 2427 3241 2480 tanto

673 2523 1106 2604 imperatore
1157 2532 1226 2584 et
1275 2524 1412 2584 alla
1481 2521 1899 2584 admirabile
1962 2542 2091 2584 sua
2160 2522 2415 2601 bonta,
2483 2544 2622 2585 non
2688 2523 2757 2584 di
2823 2544 3029 2586 meno
3099 2545 3243 2586 non

677 2632 828 2693 solo
879 2630 971 2692 ha
1020 2629 1269 2710 impita
1317 2649 1430 2691 ma
1480 2629 1570 2689 de
1617 2629 1837 2690 molto
1888 2639 2231 2690 avanzata
2273 2630 2341 2690 la
2378 2630 2853 2710 espettatione
2903 2633 2993 2692 de
3024 2630 3107 2692 N.
3142 2633 3241 2695 ὃν.

673 2750 744 2800 et
793 2738 864 2799 di
913 2746 1098 2800 tutta
1146 2739 1212 2798 la
1263 2735 1520 2799 Chiesa
1570 2735 2005 2809 universale3
2072 2740 2217 2798 cosi
2288 2756 2429 2798 non
2479 2735 2550 2799 vi
2618 2757 2949 2818 possemo
3012 2741 3244 2800 anche

672 2846 976 2909 rendere
1023 2843 1356 2926 maggior
1421 2841 1656 2925 gratie
1718 2855 1788 2906 et
1855 2851 2266 2906 veramente
2334 2863 2535 2907 come
2604 2841 2909 2907 scrivete
2974 2845 3129 2924 vui,
3201 2867 3245 2909 a

671 2952 979 3015 Domino
1043 2951 1308 3014 factum
1373 2962 1480 3013 est
1543 2950 1748 3030 illud,
1824 2948 1881 3012 si
1948 2970 2147 3013 come
2232 2952 2461 3013 anche
2524 2953 2615 3013 da
2678 2951 2882 3013 Iddio
2947 2953 2983 3015 e
3052 2963 3245 3016 stato

671 3060 889 3123 eletto
941 3071 1011 3122 et
1059 3074 1266 3142 posto
1317 3058 1385 3120 in
1440 3059 1536 3120 tal
1586 3059 1837 3120 culme.
1932 3057 2036 3119 La
2094 3058 2259 3137 qual
2310 3056 2615 3119 Cesarea
2665 3057 2944 3121 Maesta
3006 3080 3083 3121 se
3146 3062 3248 3123 ha

671 3166 992 3247 obligata
1039 3167 1112 3229 in
1159 3176 1513 3247 perpetuo
1563 3176 1816 3247 questa
1866 3163 2089 3227 Santa
2138 3162 2328 3227 Sede
2380 3175 2449 3227 et
2483 3174 2665 3227 tutto
2719 3166 2758 3227 ⁷1
2811 3166 3243 3229 Christiane·

673 3272 848 3335 simo
899 3283 969 3334 et
1017 3294 1093 3335 se
1142 3275 1235 3334 ha
1282 3282 1493 3355 posta
1556 3274 1656 3333 tal
1725 3291 1992 3333 corona
2052 3272 2122 3333 in
2189 3292 2371 3353 capo
2438 3273 2571 3333 che
2634 3292 2913 3353 sempre
2978 3274 3245 3337 durara

672 3380 1062 3441 crescendo
1112 3379 1182 3441 di
1219 3382 1555 3441 continuo
1592 3388 1662 3441 et
1696 3379 2059 3442 alzandosi
2094 3381 2159 3441 el
2192 3400 2401 3441 nome
2452 3399 2580 3441 suo
2630 3400 2845 3459 sopra
2894 3381 2960 3442 le
3009 3382 3241 3445 stelle.

671 3486 1140 3548 Vorressemo
1199 3494 1449 3567 potere
1516 3486 1919 3569 exprimere
1986 3486 2035 3548 il
2098 3486 2365 3568 gaudio
2429 3496 2501 3547 et
2562 3485 3037 3549 satisfattione
3104 3488 3241 3549 che

671 3614 759 3655 ne
807 3593 899 3655 ha
949 3613 1160 3674 preso
1211 3594 1294 3656 N.
1348 3590 1451 3655 Sffl
1508 3614 1546 3655 e
1594 3601 1778 3655 tutto
1844 3592 1886 3655 ’l
1957 3612 2161 3655 sacro
2222 3592 2529 3673 collegio
2598 3614 2636 3654 e
2696 3592 2849 3673 noi,
2916 3613 3029 3655 ma
3091 3615 3241 3657 non

669 3700 734 3763 ci
781 3703 989 3763 basta
1036 3700 1080 3761 l'
1115 3700 1455 3782 ingegno.
1551 3698 1649 3761 Su
1715 3698 1996 3761 Santitil
2060 3700 2161 3781 gli
2223 3701 2293 3762 lo
2356 3699 2697 3762 dimostra
2764 3709 3029 3781 quanto
3092 3704 3241 3783 puo

670 3828 800 3890 per
848 3828 929 3869 su
980 3807 1214 3870 Breve
1263 3817 1333 3869 et
1381 3808 1632 3871 alcune
1679 3809 1929 3888 parole
1980 3809 2068 3868 de
2116 3827 2277 3869 man
2328 3827 2496 3886 sua,
2568 3817 2639 3869 et
2704 3808 2825 3888 poi
2888 3807 3009 3869 alli
3071 3809 3241 3871 altri

669 3914 979 3997 signori;
1053 3935 1254 3977 come
1301 3916 1642 3976 vederete
1689 3934 1823 3996 per
1869 3915 1936 3975 16
1985 3914 2214 3997 copie,
2263 3915 2497 3976 alcuni
2545 3915 2635 3976 de
2685 3915 2862 3977 detti
2910 3915 3128 3977 Brevi
3180 3915 3244 3978 si

667 4042 845 4085 sono
913 4022 1154 4084 lassati
1226 4021 1296 4083 in
1368 4021 1624 4083 bianco
1699 4021 1768 4083 di
1838 4040 2089 4102 sopra,
2160 4021 2359 4083 accio
2426 4022 2739 4103 possiate
2808 4023 3239 4102 presentarli

669 4149 872 4191 corno
935 4128 1005 4191 vi
1053 4128 1346 4210 parere:
1419 4127 1648 4190 farete
1698 4130 2030 4209 adunque
2079 4128 2195 4191 vui
2260 4130 2327 4190 le
2394 4126 2857 4210 soprascritte
2918 4129 3240 4191 secondo

667 4236 739 4298 la
798 4235 1071 4298 inclusa
1137 4236 1381 4297 notula
1459 4254 1592 4315 per
1655 4233 1925 4297 servire
1984 4235 2033 4297 il
2101 4234 2259 4297 stile
2324 4245 2396 4298 et
2460 4254 2659 4297 come
2716 4234 2785 4296 in
2850 4233 2990 4296 fine
3056 4255 3241 4298 sono

667 4341 738 4405 in
789 4344 1136 4405 credenza
1183 4342 1273 4403 de
1321 4340 1483 4403 tutti
1534 4343 1673 4404 duo
1723 4341 1863 4422 vui,
1912 4342 2303 4422 supplirete
2356 4363 2399 4404 a
2443 4344 2691 4421 bocca,
2740 4341 3048 4403 maxime
3096 4362 3237 4405 con

667 4448 738 4511 la
785 4469 1053 4512 somma
1099 4448 1318 4511 bonta
1369 4448 1439 4509 di
1491 4446 1753 4510 Cesare
1804 4457 1875 4510 et
1922 4449 2185 4529 perche
2234 4448 2549 4529 possiate
2597 4450 2861 4511 havere
2912 4449 3029 4510 del
3069 4468 3235 4512 con-

666 4564 914 4619 tenuto
962 4555 1464 4619 informatione
1511 4554 1584 4616 vi
1631 4554 1690 4617 si
1747 4555 2101 4619 mandano
2161 4576 2294 4617 con
2365 4554 2504 4617 essi
2574 4556 2641 4617 le
2706 4556 2990 4617 minute.
3086 4554 3237 4619 Re-

665 4663 954 4727 ferirete
1001 4662 1124 4745 poi
1172 4664 1239 4725 in
1290 4683 1555 4746 genere
1604 4682 1646 4724 a
1694 4662 1858 4725 tutti
1888 4664 1956 4725 le
1987 4662 2219 4743 gratie
2255 4661 2707 4724 convenienti
2744 4671 2815 4724 et
2846 4663 3239 4743 potendosi

666 4770 1032 4834 addolcire
1099 4791 1299 4834 corne
1345 4791 1520 4853 pare
1571 4769 1629 4833 si
1677 4770 1783 4832 sia
1831 4769 2330 4832 incominicato
2399 4770 2439 4831 l'
2492 4768 2806 4831 acerbitii
2871 4768 2942 4830 di
2992 4771 3239 4850 quello

666 4877 900 4941 animo
951 4878 1069 4941 del
1101 4878 1307 4941 Duca
1355 4880 1444 4941 de
1476 4876 1829 4941 Sansonia
1860 4877 2169 4941 faretine
2203 4875 2374 4957 ogni
2408 4896 2650 4958 opera,
2701 4879 2899 4940 salva
2946 4896 3239 4959 sempre
