3575 5775
1420 538 1916 595 043551ῧώ

386 678 637 743 tiorem
685 668 1091 764 reddendo,
1141 685 1443 746 studebo
1494 706 1776 769 semper
1826 684 2365 768 diligentissime
2416 692 2754 764 quantum
2824 681 2954 743 erit

384 784 455 847 in
515 808 627 849 me
688 780 768 851 'ut
829 789 1066 851 omnia
1125 800 1437 872 prestem
1494 786 1949 873 'quecumque
2017 814 2060 855 a
2119 788 2955 853 ‘fidelissimo·’servitore

381 906 683 974 possunt
730 882 1121 977 expectari,
1172 881 1387 979 idq'ue
1434 900 1551 961 vel
1602 903 1693 963 ob
1740 902 1876 962 hoc
1910 898 2320 985 diligentius
2370 899 2955 977 curare-possum

379 984 763 1083 postquam
840 1002 1032 1066 evasi
1104 1002 1242 1066 iam
1313 1004 1484 1068 illud
1556 1006 1946 1088 periculum
2022 1006 2210 1089 quod
2261 1001 2835 1086 quasi'incautus
2869 1009 2956 1062 'et

381 1128 473 1170 ex
526 1105 918 1191 improviso
986 1111 1236 1175 diebus
1305 1113 1789 1194 superioribus
1848 1101 2234 1176 incideram
2307 1125 2518 1192 quum
2585 1124 2699 1173 me
2729 1120 2820 1171 'et
2867 1107 2956 1169 'ei-

378 1211 677 1279 vitatem
748 1216 928 1280 hanc
999 1218 1456 1282 tridentinam
1526 1211 1810 1283 Rustici
1867 1223 2116 1282 horum
2184 1216 2694 1280 confinium'et
2741 1201 2955 1278 'alieni

379 1332 449 1385 et
498 1323 638 1385 mei
688 1344 779 1386 ex
826 1322 1188 1407 insperato
1239 1320 1924 1389 circumvalav'erant
1972 1328 2135 1388 dum
2187 1323 2729 1407 presensissent'
2761 1323 2948 1402 quod

378 1426 574 1493 Ser¹²⁸
616 1428 959 1513 Princeps
1008 1428 1469 1495 constituerat
1519 1456 1611 1497 ex
1658 1426 1794 1497 hoc
1845 1436 2002 1496 loco
2034 1429 2238 1496 sicuti
2273 1426 2642 1495 commodo
2676 1445 2954 1491 sumere

376 1529 722 1601 ultionem
772 1538 1115 1602 adversus
1162 1542 1539 1603 nonnullos
1587 1543 1902 1623 ipsorum
1955 1550 2023 1603 et
2066 1541 2208 1604 iam
2256 1535 2394 1603 huc
2427 1533 2950 1620 'cepisset'pre·

376 1645 663 1710 mittere
713 1646 984 1727 aliquot
1035 1643 1349 1728 pedites,
1404 1648 1601 1711 cuius
1642 1646 1744 1711 rei
1796 1665 2008 1712 causa
2048 1657 2256 1729 quam
2307 1644 2702 1709 voluerant
2737 1642 2952 1707 ii'dem

376 1752 626 1815 rustici
650 1750 1102 1838 praevenire3
1132 1755 1256 1816 sed
1287 1772 1529 1817 eorum
1558 1764 1853 1818 conatus
1875 1754 2376 1818 irriti'fuer'unt.
2402 1747 2640 1816 Unum
2655 1756 2951 1813 n‘on'om-

377 1858 653 1921 mittam
702 1860 791 1921 de
841 1880 980 1941 quo
1042 1881 1153 1923 me
1203 1862 1571 1942 praeteriti
1618 1864 1956 1925 tumultus
2007 1872 2076 1924 et
2124 1860 2512 1924 seditiones
2561 1860 2948 1921 acl-monent

374 1966 767 2047 plerosque
817 1969 1228 2029 sacerdotes
1274 1969 1387 2031 his
1448 1969 1623 2052 ipsis
1687 1967 2157 2032 seditionibus
2205 1964 2532 2031 'irretitos
2601 1960 2958 2027 fuiss·e'³et‘

377 2072 609 2135 debiti
660 2074 765 2135 sui
812 2094 1063 2157 parum
1113 2094 1461 2137 memores
1522 2072 1761 2157 ignem
1829 2068 2208 2138 accensum
2265 2082 2407 2137 ‘non
2470 2074 2950 2167 tantum-'nbn

378 2178 778 2243 extinxisse
828 2178 1069 2243 verum
1123 2178 1335 2243 etiam
1385 2192 1461 2244 ut
1508 2179 1743 2247 acrius
1805 2178 2710 2259 succenderetur'favisse,
2766 2177 2947 2240 ‘n'ihil

376 2307 675 2368 prorsus
724 2287 1042 2351 omisisse
1089 2290 1449 2369 loquendo
1502 2301 1570 2353 et
1619 2286 2000 2353 scribendo¹
2052 2284 2241 2371 quod
2290 2286 2382 2351 ad
2430 2284 2664 2351 rerum
2697 2284 2946 2347 fihteri-

378 2404 523 2485 tum
580 2403 651 2456 et
700 2394 1074 2476 pernitiem
1122 2396 1426 2477 faceret,
1496 2403 1742 2479 contra
1813 2388 1988 2478 quos
2035 2392 2222 2460 b'ene
2273 2390 2946 2474 conduceret'quip-

376 2501 571 2583 piam
636 2500 895 2563 remitti
954 2498 1043 2563 de
1105 2522 1190 2563 eo
1264 2502 1451 2583 quod
1518 2502 1841 2586 'alioquin
1911 2504 2068 2567 iura'
2142 2508 2566 2566 sanxerunt*
2603 2493 2949 2563 adversus

378 2608 795 2699 sacerdotes
840 2610 1091 2671 horum
1141 2610 1394 2671 noxios
1409 2658 1425 2689 ,
1474 2620 1550 2672 ut
1598 2611 1826 2691 magis
1871 2598 2370 2693 temporaliter
2407 2604 2950 2691 plecti'po'ssint

380 2732 595 2799 quam
646 2710 1133 2795 spiritualibus
1181 2716 1433 2797 poenis
1482 2715 1760 2797 subiici,
1813 2735 1996 2799 quae
2048 2716 2356 2780 criminis
2403 2712 2766 2778 atrocitati·
2791 2718 2950 2776 ‘non

379 2820 555 2882 satis
620 2824 1212 2903 correspondent;
1282 2825 1471 2904 quod
1522 2818 1621 2883 V'a
1678 2822 1767 2885 B⁰
1841 2814 2068 2905 magis
2135 2822 2331 2888 'cordi
2391 2804 2687 2901 habeat,
2737 2804 2948 2883 velim

380 2929 577 2995 illam
628 2949 767 2990 non
818 2929 1041 2992 latere
1092 2929 1276 2992 inter
1320 2931 1451 2992 hos
1502 2917 1779 3012 pedites
1835 2931 1954 3014 qui
2015 2907 2130 2994 hi'e
2200 2924 2484 2994 fuerunt
2547 2940 2680 3010 pro
2745 2928 2949 2990 casti-

380 3033 794 3133 gationibus
855 3037 1105 3100 horum
1173 3039 1613 3100 subditorum
1690 3049 1760 3102 et
1836 3039 2016 3103 sermni
2072 3035 2414 3120 principis
2487 3047 2558 3098 et
2627 3039 2948 3098 meorum

380 3150 789 3225 compertos
836 3138 1055 3206 fuisse
1104 3147 1290 3208 ultra
1349 3155 1631 3208 centum
1701 3148 2086 3209 monachos
2150 3156 2221 3208 et
2291 3141 2647 3206 seculares
2719 3159 2946 3202 sacer·

380 3251 591 3312 dotes
639 3249 758 3331 qui
824 3250 1030 3312 huius
1100 3251 1364 3314 saeculi
1435 3252 1751 3316 militiam
1827 3252 2122 3316 coelesti
2190 3251 2720 3333 preponendam
2791 3268 2948 3310 esse

381 3356 763 3433 duxerunt,
812 3368 888 3419 ut
937 3378 1115 3440 opus
1165 3379 1321 3421 esse
1370 3379 1700 3423 censeam
1748 3371 1870 3422 ν·ιιιι
1917 3363 2012 3422 bm
2065 3360 2456 3442 prudenter
2521 3367 2592 3419 et
2647 3357 2949 3420 solerter

380 3465 763 3526 advertere
811 3464 902 3526 ad
953 3485 1191 3526 curam
1215 3465 1569 3528 Dominici
1618 3466 1884 3549 gregis,
1919 3466 2234 3548 alioquin
2267 3464 2641 3547 plurimum
2691 3482 2948 3528 vereor

383 3571 578 3651 quod
649 3571 738 3632 de
788 3569 1169 3634 Germania
1231 3591 1522 3653 prorsus
1570 3573 1703 3634 erit
1753 3574 2274 3654 desperandum
2303 3621 2318 3652 ,
2393 3571 2451 3634 si
2509 3591 2785 3634 erorres
2849 3568 2950 3632 illi

384 3677 650 3738 diutius
713 3677 979 3739 fuerint
1026 3680 1431 3760 supportati
1470 3695 1495 3744 '.
1532 3727 1545 3744 .
1584 3727 1597 3743 .
1678 3679 1800 3744 -Ex
1873 3677 2246 3765 Triden‘mss
2280 3679 2558 3744 decima
2616 3677 2948 3742 Octobris

382 3783 789 3848 MDXXV.

1462 4195 1602 4210 νων-Λ
1622 4193 1704 4208 ,ψ
1714 4194 1844 4208 xvv-⁴⁶⁵.-
1859 4198 1873 4204 κ
