3575 5775
1369 610 1864 669 0-433258>-0

327 761 662 825 virtutem
713 770 786 824 et
833 781 990 824 eam
1037 780 1247 843 quam
1292 758 1363 823 in
1422 778 1554 822 nos
1614 759 2061 823 demonstras
2105 756 2311 821 huius
2358 757 2635 841 egregii
2698 759 2893 821 volu—

327 868 532 933 minis
585 868 939 932 dicatione
987 867 1328 948 optimam
1367 868 1807 929 voluntatem
1838 864 2421 929 irremuneratam
2469 864 2893 948 relinquere,

329 974 822 1039 mandavimus
879 972 1142 1037 dilecto
1205 972 1350 1036 filio
1401 972 1786 1035 Laurentio
1858 972 2043 1034 tituli
2106 969 2416 1038 Sanctae
2464 972 2894 1037 Anastasiae

329 1084 756 1165 presbytero
807 1080 1150 1145 cardinali
1199 1080 1588 1163 Campegio
1637 1090 1880 1143 nostro
1931 1088 2001 1143 et
2048 1079 2257 1143 Sedis
2291 1079 2755 1161 Apostolicae
2805 1079 2893 1143 de

328 1192 552 1255 latere
603 1192 847 1272 legato
860 1238 877 1271 ,
949 1197 1026 1252 ut
1089 1188 1151 1251 is
1212 1186 1341 1249 tibi
1404 1196 1646 1251 nostro
1710 1187 1998 1249 nomine
2045 1206 2233 1249 nunc
2282 1185 2568 1269 quidem
2613 1172 2893 1251 interim

330 1298 692 1379 quoddam
738 1297 1226 1359 munusculum
1274 1293 1626 1376 deferret,
1684 1294 1851 1357 dum
1910 1296 2213 1357 honesta
2260 1292 2468 1359 nobis
2517 1293 2893 1357 occasione

329 1405 594 1485 oblata,
643 1402 880 1485 aliquo
915 1403 1126 1466 modo
1167 1401 1500 1485 dignitati
1546 1410 1711 1465 tuae
1759 1403 2190 1466 consulatur.
2262 1400 2471 1481 Quod
2500 1410 2577 1465 ut
2609 1422 2890 1483 promp-

327 1511 464 1574 tius
512 1521 588 1575 et
633 1510 901 1575 maiore
950 1510 1161 1575 etiam
1208 1517 1331 1573 tuo
1386 1508 1639 1573 merito
1700 1507 1943 1571 facere
2008 1507 2395 1573 debeamus
2409 1558 2427 1589 ,
2496 1517 2689 1571 tuum
2758 1508 2895 1572 erit

328 1619 396 1681 in
421 1619 563 1683 Dei
598 1617 902 1701 gratiam
935 1637 1018 1681 ac
1051 1626 1367 1681 nostram
1401 1625 1474 1681 et
1501 1618 1980 1681 levamentum
2011 1615 2278 1679 laboris
2326 1615 2548 1680 nostri
2596 1635 2723 1679 eos
2770 1615 2891 1697 qui

329 1747 372 1789 a
415 1747 632 1789 sensu
679 1745 894 1789 verae
939 1723 1232 1806 pietatis
1277 1723 1512 1789 aversi
1560 1732 1723 1787 sunt
1770 1721 2152 1804 corrigere,
2204 1723 2571 1787 nobiscum
2631 1743 2773 1787 una
2822 1733 2893 1786 et

329 1832 655 1896 docendo
705 1841 776 1895 et
823 1830 1178 1895 monendo
1226 1840 1300 1894 et
1345 1831 1746 1911 scribendO,
1796 1838 1872 1893 ut
1920 1838 1992 1893 et
2038 1848 2168 1892 nos
2215 1830 2721 1893 benevolentia
2768 1839 2892 1895 tua

331 1949 401 2002 et
465 1938 854 2003 christiana
913 1954 1056 2003 res·
1091 1937 1415 2001 doctrina
1464 1936 2003 2019 eruditioneque
2050 1934 2322 2018 perfrui
2370 1936 2615 2019 possit.
2726 1938 2886 2001 Dat.

328 2046 609 2111 Romae
655 2044 782 2111 111.
831 2044 1105 2128 Aprilis
1149 2044 1592 2109 MDXXIV.

1541 2471 1687 2538 147.

817 2588 1192 2669 Clemens
1246 2588 1428 2670 VII.
1495 2588 2396 2693 hoemburgensibus

919 2737 1108 2807 (Glem-
1143 2735 1266 2799 Vn.
1301 2736 1463 2799 Brev.
1501 2752 1639 2797 anno
1675 2736 1720 2796 1.
1758 2753 1841 2811 sp.
1878 2736 1992 2797 2⁷5.
2028 2735 2119 2797 fol.
2156 2737 2297 2806 887.)

1331 2854 1405 2924 (8.
1443 2857 1650 2923 Aprilis
1691 2854 1872 2924 1524)

499 2998 760 3062 Dilecti
807 2998 933 3062 filii
980 2999 1283 3062 sulutem
1333 3007 1466 3064 etc,
1559 2998 1671 3062 Ex
1709 2998 1971 3062 dilecto
2018 2997 2165 3062 filio
2217 2999 2555 3081 magistro
2604 3001 2882 3081 Joanne

337 3103 620 3189 Corysio
671 3105 828 3170 cive
872 3117 1116 3170 vestro
1177 3104 1458 3169 notario
1521 3113 1592 3169 et
1659 3105 1992 3169 familiari
2054 3115 2333 3187 nostr0,
2404 3106 2601 3170 cuius
2662 3127 2885 3196 opera

337 3211 604 3278 assidue
651 3210 911 3276 utimur
959 3219 1031 3275 et
1075 3211 1220 3275 fide
1265 3212 1626 3294 iuvamur,
1677 3213 1941 3294 relatu,
2008 3213 2239 3294 pietas
2296 3213 2390 3276 ad
2448 3233 2576 3276 nos
2641 3223 2882 3278 vestra

337 3320 600 3400 perlata
632 3328 760 3398 est,
793 3318 1012 3401 digna
1062 3318 1346 3402 quidem
1392 3317 1516 3382 illa
1563 3319 1770 3383 vobis
1818 3319 2213 3401 vestrisque
2263 3320 2430 3384 olim
2478 3319 2882 3403 maioribus,

337 3425 452 3492 sed
495 3427 632 3490 hoc
680 3434 1004 3508 ternpore
1052 3428 1514 3490 vehementer
1545 3425 1952 3490 necessaria
1981 3447 2065 3490 ac
2100 3427 2309 3490 nobis
2341 3428 2549 3491 valde
2579 3427 2887 3492 iucunda

341 3541 406 3596 et
461 3542 685 3614 grata.
797 3530 1166 3614 Siquidem
1235 3552 1451 3614 quum
1521 3532 1738 3615 aliqui
1807 3533 1965 3596 istic
2027 3535 2475 3598 lutheranam
2534 3536 2887 3599 haeresim

339 3637 693 3720 inducere,
765 3641 1145 3722 palamque
1206 3638 1628 3722 praedicare
1689 3642 1877 3704 velle
1940 3652 2401 3722 conarentur,
2472 3663 2616 3706 non
2677 3643 2883 3707 vobis

340 3747 730 3828 cogentium
777 3745 969 3826 iura,
1041 3767 1182 3810 non
1232 3747 1682 3810 suadentium
1744 3748 2237 3812 auctoritatem
2287 3750 2447 3830 pios
2504 3750 2775 3814 animos
2839 3771 2883 3813 a

341 3871 536 3920 verae
583 3855 776 3917 cultu
822 3852 993 3916 fidei
1041 3864 1369 3918 avertere
1418 3853 1770 3936 potuisse3
1836 3856 1964 3920 sed
2010 3854 2277 3936 Deum,
2341 3855 2621 3938 Deique
2668 3856 2882 3920 fidem

340 3957 402 4022 in
429 3959 710 4038 auribus
743 3979 828 4024 ac
857 3960 1213 4024 mentibus
1262 3961 1518 4024 vestris
1567 3981 1696 4024 vos
1743 3961 2091 4026 illibatam
2138 3963 2556 4026 custodisse.
2652 3963 2879 4026 Bene-

346 4063 514 4130 dicat
559 4088 691 4132 vos
737 4070 895 4150 ipse
941 4067 1160 4148 DeuS‚
1207 4064 1334 4130 filii
1383 4066 1642 4148 dilecti,
1693 4068 1804 4132 cui
1856 4069 2199 4134 honorem
2246 4068 2655 4132 reddidistis
2704 4069 2877 4133 eius·

345 4191 468 4252 que
514 4173 818 4238 Vineam
867 4194 912 4238 a
957 4171 1576 4237 circumstantibus
1623 4174 1919 4238 venenis
1965 4175 2283 4240 illaesam
2338 4176 2409 4239 in
2471 4176 2681 4240 vobis
2742 4197 2883 4240 ser-

341 4279 574 4362 vastiS,
619 4301 712 4344 ne
759 4299 890 4364 per
936 4287 1178 4344 vestra
1227 4290 1433 4364 septa
1480 4301 1640 4346 cum
1684 4291 2081 4345 vestrarum
2130 4281 2520 4348 animarum
2564 4283 2879 4365 pernicie

339 4380 886 4467 ingrederentur.
979 4385 1142 4450 Non
1189 4387 1443 4450 fuisset
1489 4389 1625 4450 hoc
1671 4397 1957 4453 vestrae
2004 4389 2279 4472 gloriae
2340 4397 2879 4472 vestrorumque

343 4489 657 4558 maiorum
705 4493 902 4558 laudi
949 4513 1277 4576 compar,
1339 4492 1506 4558 olim
1567 4514 1698 4558 vos
1761 4503 2083 4560 sanctam
2144 4495 2357 4561 fidem
2405 4496 2475 4559 in
2525 4497 2761 4562 aliena
2808 4507 2880 4562 et

343 4596 710 4682 longinqua
756 4609 952 4664 terra
996 4607 1284 4682 tutatOS‚
1333 4620 1520 4665 nunc
1567 4601 1638 4664 in
1683 4611 1926 4666 vestra
1974 4603 2379 4686 oppugnari
2425 4613 2643 4686 atque
2690 4603 2879 4669 infici

342 4705 758 4783 permisisse3
793 4705 1274 4789 regenerastis
1303 4706 1520 4790 igitur
1548 4707 1620 4772 in
1660 4708 1967 4773 maiores
1996 4721 2275 4777 vestros
2323 4710 2587 4774 avitam
2636 4731 2879 4778 eorum

343 4806 809 4880 fortitudinem
880 4822 954 4878 et
1015 4812 1376 4897 pietatem.
1512 4815 1694 4881 Nam
1759 4815 1941 4880 sicut
2004 4817 2106 4881 illi
2172 4817 2339 4881 olim
2397 4819 2643 4884 hostes
2710 4817 2879 4884 fidei

347 4921 793 4987 contuderunt
838 4919 1034 5004 foriS,
1081 4921 1182 4986 ita
1229 4941 1360 4986 vos
1427 4943 1551 4988 eos
1612 4923 1803 4988 domi
1864 4924 2323 5006 repressistis,
2439 4925 2649 5009 Quod
2705 4947 2876 4994 sane
