3575 5775
1683 588 2177 646 ι>-<ἓ3346ῑ>-<)

651 756 877 820 pocco
927 737 1058 798 che
1109 735 1326 798 niuno
1399 737 1464 798 el
1532 738 1887 817 potrebbe
1936 738 2219 814 creder,
2292 758 2406 799 ma
2475 757 2608 818 per
2676 737 2743 799 el
2816 737 3053 799 danno
3122 736 3211 799 de

651 852 849 905 tante
895 862 1166 925 povere
1215 841 1480 905 anime:
1550 852 1622 904 et
1683 842 1945 925 perche
1996 844 2300 906 amando
2351 844 2499 906 Sua
2545 841 2821 905 Maesta
2878 844 2967 905 de
3016 862 3213 906 amor

651 950 1066 1029 Paternale,
1117 949 1166 1012 li
1216 950 1408 1028 dole,
1460 951 1591 1012 che
1687 971 1730 1013 a
1785 950 1835 1012 li
1900 950 2120 1031 tempi
2170 952 2263 1013 de
2312 953 2583 1033 quella,
2650 948 3211 1014 smembrandosi

651 1058 764 1119 dal
818 1074 1041 1138 grege
1090 1057 1162 1119 di
1210 1057 1349 1119 Dio
1400 1061 1468 1120 la
1515 1058 1758 1120 nation
1810 1057 2274 1138 Germanica,
2336 1078 2414 1121 se
2477 1060 2899 1141 imputasse,
2960 1078 3007 1121 a
3066 1057 3215 1119 Sua

649 1162 928 1226 Maesta
978 1166 1108 1227 che
1156 1184 1289 1245 per
1337 1164 1607 1228 defetto
1659 1166 1748 1227 de
1798 1164 2178 1248 prudentia
2238 1166 2281 1227 1’
2314 1167 2617 1229 havesse
2673 1168 2940 1230 lassato
2988 1166 3211 1227 incor-

649 1290 766 1333 rer
813 1271 1044 1353 questi
1093 1271 1342 1353 populi
1392 1272 1498 1335 soi
1545 1272 1809 1335 subditi
1858 1272 1929 1335 in
1976 1284 2179 1337 tanto
2224 1294 2464 1353 error,
2524 1294 2566 1337 0
2622 1274 2817 1337 fusse
2864 1282 3051 1336 stata
3100 1292 3212 1335 ne·

650 1376 974 1459 gligente
1024 1378 1097 1441 in
1143 1380 1518 1442 retraherli
1563 1381 1656 1443 de
1707 1390 1903 1443 tanto
1953 1382 2173 1443 male:
2222 1380 2501 1444 Perche
2546 1401 2689 1444 non
2740 1381 2777 1443 ὲ
2821 1382 2911 1442 de
2960 1380 3215 1443 creder

650 1486 782 1548 che
835 1484 984 1547 Sua
1041 1485 1319 1548 Maesta
1376 1488 1658 1549 manchi
1717 1506 1853 1569 per
1914 1490 1985 1551 la
2041 1488 2441 1569 piccolezza
2502 1491 2593 1551 de
2646 1487 2873 1569 forze,
2938 1496 3217 1550 attento

651 1594 781 1655 che
831 1592 1048 1655 niuno
1106 1593 1504 1675 Imperator
1565 1594 1656 1657 de
1719 1593 2105 1658 Germania
2166 1594 2305 1658 mai
2371 1595 2455 1657 sii
2522 1605 2707 1657 stato
2764 1594 2823 1657 si
2888 1601 3215 1675 potente:

657 1699 716 1762 11
766 1701 897 1762 che
945 1720 1077 1781 par
1125 1701 1256 1762 che
1305 1702 1375 1762 la
1427 1699 1689 1763 Divina
1736 1700 2191 1784 providentia
2250 1702 2445 1765 habii
2504 1700 2831 1764 ordinato
2897 1720 2941 1781 a
2994 1698 3225 1763 nostri

652 1808 903 1890 tempi,
952 1825 1083 1888 per
1131 1808 1261 1870 dar
1307 1806 1623 1871 remedio
1689 1828 1732 1870 a
1803 1808 2035 1889 questi
2103 1809 2364 1890 errori,
2424 1808 2494 1871 in
2554 1808 2603 1870 li
2667 1806 2859 1890 quali
2916 1807 3056 1873 Dio
3124 1808 3221 1870 ha

656 1934 1020 1997 permesso
1091 1934 1232 1978 una
1314 1926 1522 1998 parte
1593 1916 1710 1979 del
1781 1912 1929 1978 Suo
2002 1914 2280 1997 Populo
2352 1916 2670 1978 incorrer
2738 1934 2871 1997 per
2939 1912 2989 1977 li
3060 1914 3221 1977 loro

649 2022 948 2105 peccati.
2562 2014 2567 2021 ¹

827 2130 918 2193 Et
979 2152 1110 2214 per
1175 2132 1420 2195 ultima
1476 2132 1933 2196 conclusione
1990 2132 2171 2213 sapii
2231 2128 2379 2195 Sua
2424 2130 2705 2194 Maesta
2766 2130 2897 2193 che
2950 2126 3220 2191 Nostro

651 2236 961 2320 Signore
1010 2239 1228 2320 dopoi
1275 2238 1454 2302 fatta
1501 2239 1674 2321 ogni
1722 2238 2097 2321 diligentia
2144 2240 2275 2301 che
2324 2240 2413 2301 ad
2462 2258 2541 2301 se
2598 2237 3021 2319 appartiene
3084 2254 3223 2317 per

653 2365 793 2407 non
842 2348 1069 2409 lassar
1116 2346 1310 2427 perir
1357 2356 1608 2427 questa
1655 2346 1999 2428 Natione,
2066 2347 2124 2410 si
2188 2344 2409 2409 vedra
2472 2348 2604 2408 che
2668 2344 2735 2407 d'
2766 2344 2975 2408 altrui
3024 2362 3218 2407 man-

651 2450 860 2515 chino
911 2452 960 2514 li
1009 2452 1232 2516 debiti
1279 2455 1594 2535 remedii,
1646 2474 1722 2517 se
1769 2465 2175 2535 remettera,
2224 2474 2266 2516 a
2313 2456 2383 2517 la
2429 2455 2724 2516 volunta
2771 2453 2863 2514 de
2910 2450 3085 2527 Dio,
3146 2459 3220 2513 et

650 2559 1022 2622 attendera
1072 2578 1228 2623 cum
1277 2561 1347 2623 10
1397 2561 1640 2625 adiuto
1688 2560 1760 2623 di
1810 2550 1949 2624 'Dio
1998 2563 2361 2644 gubernat
2428 2562 2493 2624 el
2560 2570 2753 2624 resto
2802 2560 2917 2621 del
2968 2556 3221 2639 Grege

649 2667 743 2729 ad
789 2686 868 2729 se
917 2682 1344 2748 commeSSO,
1396 2678 1467 2731 et
1514 2688 1679 2731 sara
1727 2688 2012 2751 sempre
2057 2687 2234 2731 vero
2283 2666 2665 2741 Pontifice3
2716 2675 2790 2729 et
2836 2665 2972 2729 iam
3020 2667 3221 2727 bona

650 2772 1272 2838 conscientia·non
1323 2786 1532 2857 potra
1590 2796 1787 2839 65561·
1848 2797 1925 2839 56
1974 2796 2111 2839 11011
2162 2776 2473 2857 grande:
2522 2774 2645 2837 Ma
2694 2773 2825 2837 che
2875 2770 3021 2837 Sua
3068 2772 3221 2834 Ma-

650 2878 804 2944 esta
859 2901 948 2945 ne
994 2882 1168 2947 hara
1215 2883 1334 2965 piu
1406 2906 1448 2947 a
1497 2885 1793 2966 perder,
1857 2884 2379 2948 considerando
2437 2883 2621 2947 oltra
2684 2884 2749 2946 el
2812 2880 3045 2944 cat-ico
3122 2881 3221 2944 de

647 2989 689 3050 l’
733 2989 965 3053 anima
1026 3001 1096 3055 et
1145 2991 1244 3054 dil
1291 2993 1562 3072 honor,
1635 2993 1847 3056 etiam
1919 2995 1990 3055 la
2057 2991 2335 3054 iactura
2403 2992 2537 3054 che
2604 2987 2764 3052 fara
2811 2990 2901 3051 de
2948 2987 2996 3050 li
3046 2986 3220 3050 beni

647 3097 1051 3179 temporali,
1129 3100 1247 3162 del
1314 3103 1446 3163 che
1513 3121 1650 3162 non
1717 3101 1943 3161 solum
2006 3097 2153 3162 Sua
2213 3097 2490 3162 Maesta
2552 3117 2666 3160 ma
2724 3115 2943 3159 ancor
3008 3095 3058 3158 li
3104 3095 3219 3158 soi

651 3201 1064 3268 Successori
1129 3215 1198 3269 et
1256 3209 1320 3270 61
1370 3226 1644 3288 sangue
1705 3227 1834 3269 suo
1884 3226 1974 3269 ne
2021 3205 2236 3270 barra
2280 3205 2768 3284 incommodO,
2832 3204 3220 3283 deshonor,

655 3318 726 3372 et
773 3311 1032 3394 dann0,
1080 3333 1222 3376 non
1273 3316 1425 3378 solo
1474 3314 1544 3377 in
1594 3315 1662 3377 le
1711 3333 1878 3377 cose
1930 3315 2019 3376 de
2067 3312 2473 3392 Germania,
2520 3331 2636 3374 ma
2682 3311 2845 3390 (che
2879 3309 3019 3371 Dio
3072 3329 3217 3372 non

649 3419 719 3479 lo
766 3419 960 3500 volii)
1007 3419 1202 3484 forse
1250 3441 1469 3484 ancor
1515 3442 1604 3484 ne
1651 3421 1702 3483 1i
1750 3421 1913 3483 altri
1960 3419 2066 3483 soi
2114 3419 2321 3500 regni
2371 3428 2441 3481 et
2507 3417 2851 3496 Dominii,
2902 3417 3035 3479 che
3082 3435 3221 3498 per

649 3523 848 3587 simel
909 3528 1240 3608 exemplo
1317 3549 1394 3591 se
1463 3530 1913 3610 potrebbeno
1980 3527 2389 3590 facilmente
2459 3527 2690 3606 levat,
2762 3524 3097 3587 vedendo
3171 3523 3221 3587 li

651 3631 874 3693 errori
924 3634 1014 3694 de
1076 3631 1416 3698 Germani
1487 3655 1681 3699 esser
1759 3655 1892 3717 per
1948 3632 2095 3697 Sua
2156 3633 2431 3697 Maesta
2498 3631 2841 3716 impuniti.
2936 3631 3219 3694 Perche

650 3737 697 3799 li
759 3737 1018 3820 Populi
1093 3761 1372 3822 sempre
1437 3765 1614 3805 sono
1678 3743 1920 3824 cupidi
1993 3743 2081 3804 de
2144 3741 2511 3818 novitade,
2574 3749 2645 3803 et
2704 3738 3219 3821 specialmente

650 3843 1074 3910 desideratio
1123 3837 1381 3913 levarsi
1431 3850 1549 3916 dal
1598 3851 1782 3916 collo
1831 3849 1879 3911 il
1934 3848 2100 3930 iugo
2148 3849 2241 3914 de
2286 3850 2357 3911 la
2406 3847 2870 3910 subiectione.

1861 4199 2008 4266 155.

1256 4308 1576 4390 clemens
1629 4307 1788 4389 VII.
1847 4306 2238 4388 Archiduci
2290 4305 2645 4387 Austriae.

1447 4458 1690 4528 (Amor.
1727 4457 1825 4516 n.
1864 4471 2009 4530 σιμ.
2046 4454 2173 4514 m
2210 4453 2278 4513 N.
2314 4453 2420 4524 13.)

1685 4577 1796 4645 (11.
1836 4579 1967 4627 Maii
2012 4572 2185 4643 1524.)

833 4703 1115 4766 Dilecte
1161 4702 1261 4766 fili
1311 4715 1445 4767 etc.
1561 4703 1672 4766 De
1719 4711 1843 4765 tuo
1906 4699 2255 4783 prestanti
2323 4698 2561 4762 animo
2622 4696 2693 4760 in
2761 4695 3223 4760 christianam

655 4832 801 4874 rem
853 4821 924 4875 et
969 4810 1204 4892 fidem,
1254 4831 1494 4874 amore
1544 4829 1718 4892 erga
1765 4829 1916 4888 nos,
1962 4807 2037 4871 in
2086 4805 2427 4870 Sanctam
2457 4802 2720 4867 Sedem
2752 4803 3222 4886 apostolicam

655 4917 915 5003 offici0,
965 4919 1104 4990 iam
1152 4919 1484 4992 usitatum
1533 4926 1641 4981 est
1688 4917 1895 4980 nobis
1942 4913 2208 4997 aliquid
2256 4911 2503 4977 audire
2542 4910 2897 4994 quotidie;
2948 4919 3023 4974 et
3054 4931 3221 4993 quo-
