<?xml version="1.0" encoding="UTF-8"?>
<!DOCTYPE html PUBLIC "-//W3C//DTD XHTML 1.0 Transitional//EN"
    "http://www.w3.org/TR/xhtml1/DTD/xhtml1-transitional.dtd">
<html xmlns="http://www.w3.org/1999/xhtml" xml:lang="en" lang="en">
 <head>
  <title>
</title>
<meta http-equiv="Content-Type" content="text/html;charset=utf-8" />
  <meta name='ocr-system' content='tesseract 3.04.00' />
  <meta name='ocr-capabilities' content='ocr_page ocr_carea ocr_par ocr_line ocrx_word'/>
</head>
<body>
  <div class='ocr_page' id='page_1' title='image "./monumentareform02vatigoog_0200.png"; bbox 0 0 3575 5775; ppageno 0'>
   <div class='ocr_carea' id='block_1_1' title="bbox 1701 518 2195 584">
    <p class='ocr_par' dir='ltr' id='par_1_1' title="bbox 1701 518 2195 584">
     <span class='ocr_line' id='line_1_1' title="bbox 1701 518 2195 584; baseline 0 -2"><span class='ocrx_word' id='word_1_1' title='bbox 1701 518 2195 584; x_wconf 44' lang='lat'><strong>0-43152534</strong></span> 
     </span>
    </p>
   </div>
   <div class='ocr_carea' id='block_1_2' title="bbox 664 661 3237 1492">
    <p class='ocr_par' dir='ltr' id='par_1_2' title="bbox 664 661 3237 1492">
     <span class='ocr_line' id='line_1_2' title="bbox 664 661 3232 758; baseline 0 -20"><span class='ocrx_word' id='word_1_2' title='bbox 664 661 1177 758; x_wconf 67' lang='lat' dir='ltr'><strong>indignationis</strong></span> <span class='ocrx_word' id='word_1_3' title='bbox 1224 683 1508 738; x_wconf 87' lang='lat' dir='ltr'><strong>nostrae</strong></span> <span class='ocrx_word' id='word_1_4' title='bbox 1572 684 1644 738; x_wconf 89' lang='lat' dir='ltr'><strong>et</strong></span> <span class='ocrx_word' id='word_1_5' title='bbox 1704 675 1879 738; x_wconf 84' lang='lat' dir='ltr'><strong>alias</strong></span> <span class='ocrx_word' id='word_1_6' title='bbox 1926 675 2373 757; x_wconf 80' lang='lat' dir='ltr'><strong>supradictas</strong></span> <span class='ocrx_word' id='word_1_7' title='bbox 2421 693 2695 758; x_wconf 80' lang='lat' dir='ltr'><strong>poenas</strong></span> <span class='ocrx_word' id='word_1_8' title='bbox 2758 679 2829 739; x_wconf 88' lang='lat' dir='ltr'><strong>et</strong></span> <span class='ocrx_word' id='word_1_9' title='bbox 2890 691 3232 738; x_wconf 79' lang='lat' dir='ltr'><strong>censuras</strong></span> 
     </span>
     <span class='ocr_line' id='line_1_3' title="bbox 665 781 3233 866; baseline 0 -22"><span class='ocrx_word' id='word_1_10' title='bbox 665 782 722 844; x_wconf 89' lang='lat' dir='ltr'><strong>si</strong></span> <span class='ocrx_word' id='word_1_11' title='bbox 773 793 1022 845; x_wconf 88' lang='lat' dir='ltr'><strong>contra</strong></span> <span class='ocrx_word' id='word_1_12' title='bbox 1067 782 1370 846; x_wconf 84' lang='lat' dir='ltr'><strong>fecerint</strong></span> <span class='ocrx_word' id='word_1_13' title='bbox 1406 782 1775 847; x_wconf 85' lang='lat' dir='ltr'><strong>incursuri.</strong></span> <span class='ocrx_word' id='word_1_14' title='bbox 1868 782 1979 863; x_wconf 86' lang='lat' dir='ltr'><strong>Et,</strong></span> <span class='ocrx_word' id='word_1_15' title='bbox 2028 783 2193 864; x_wconf 88' lang='lat' dir='ltr'><strong>quia</strong></span> <span class='ocrx_word' id='word_1_16' title='bbox 2226 781 2517 846; x_wconf 85' lang='lat' dir='ltr'><strong>difficile</strong></span> <span class='ocrx_word' id='word_1_17' title='bbox 2557 784 2765 847; x_wconf 87' lang='lat' dir='ltr'><strong>nimis</strong></span> <span class='ocrx_word' id='word_1_18' title='bbox 2810 784 2997 848; x_wconf 88' lang='lat' dir='ltr'><strong>foret</strong></span> <span class='ocrx_word' id='word_1_19' title='bbox 3029 803 3233 866; x_wconf 87' lang='lat' dir='ltr'><strong>prae·</strong></span> 
     </span>
     <span class='ocr_line' id='line_1_4' title="bbox 667 889 3231 972; baseline -0 -19"><span class='ocrx_word' id='word_1_20' title='bbox 667 898 904 954; x_wconf 88' lang='lat' dir='ltr'><strong>sentes</strong></span> <span class='ocrx_word' id='word_1_21' title='bbox 951 893 1080 954; x_wconf 87' lang='lat' dir='ltr'><strong>has</strong></span> <span class='ocrx_word' id='word_1_22' title='bbox 1128 890 1400 954; x_wconf 84' lang='lat' dir='ltr'><strong>litteras</strong></span> <span class='ocrx_word' id='word_1_23' title='bbox 1448 911 1572 952; x_wconf 87' lang='lat' dir='ltr'><strong>seu</strong></span> <span class='ocrx_word' id='word_1_24' title='bbox 1621 892 1985 954; x_wconf 87' lang='lat' dir='ltr'><strong>decretum</strong></span> <span class='ocrx_word' id='word_1_25' title='bbox 2034 889 2124 952; x_wconf 89' lang='lat' dir='ltr'><strong>ad</strong></span> <span class='ocrx_word' id='word_1_26' title='bbox 2176 889 2459 972; x_wconf 84' lang='lat' dir='ltr'><strong>singula</strong></span> <span class='ocrx_word' id='word_1_27' title='bbox 2508 911 2833 972; x_wconf 89' lang='lat' dir='ltr'><strong>quaeque</strong></span> <span class='ocrx_word' id='word_1_28' title='bbox 2881 892 3041 952; x_wconf 87' lang='lat' dir='ltr'><strong>loca</strong></span> <span class='ocrx_word' id='word_1_29' title='bbox 3090 891 3231 952; x_wconf 89' lang='lat' dir='ltr'><strong>dio-</strong></span> 
     </span>
     <span class='ocr_line' id='line_1_5' title="bbox 665 997 3234 1078; baseline -0 -18"><span class='ocrx_word' id='word_1_30' title='bbox 665 997 846 1061; x_wconf 90' lang='lat' dir='ltr'><strong>cesis</strong></span> <span class='ocrx_word' id='word_1_31' title='bbox 894 1007 966 1060; x_wconf 87' lang='lat' dir='ltr'><strong>et</strong></span> <span class='ocrx_word' id='word_1_32' title='bbox 989 997 1452 1062; x_wconf 89' lang='lat' dir='ltr'><strong>Dominorum</strong></span> <span class='ocrx_word' id='word_1_33' title='bbox 1501 1007 1905 1068; x_wconf 83' lang='lat' dir='ltr'><strong>nostrorum</strong></span> <span class='ocrx_word' id='word_1_34' title='bbox 1956 997 2243 1078; x_wconf 85' lang='lat' dir='ltr'><strong>deferri,</strong></span> <span class='ocrx_word' id='word_1_35' title='bbox 2292 999 2617 1060; x_wconf 83' lang='lat' dir='ltr'><strong>volumus</strong></span> <span class='ocrx_word' id='word_1_36' title='bbox 2666 1007 2739 1060; x_wconf 79' lang='lat' dir='ltr'><strong>et</strong></span> <span class='ocrx_word' id='word_1_37' title='bbox 2787 998 3234 1062; x_wconf 87' lang='lat' dir='ltr'><strong>decernimus</strong></span> 
     </span>
     <span class='ocr_line' id='line_1_6' title="bbox 668 1103 3233 1192; baseline -0 -25"><span class='ocrx_word' id='word_1_38' title='bbox 668 1105 858 1186; x_wconf 91' lang='lat' dir='ltr'><strong>quod</strong></span> <span class='ocrx_word' id='word_1_39' title='bbox 925 1125 1165 1168; x_wconf 87' lang='lat' dir='ltr'><strong>earum</strong></span> <span class='ocrx_word' id='word_1_40' title='bbox 1241 1105 1700 1187; x_wconf 81' lang='lat' dir='ltr'><strong>transumptis</strong></span> <span class='ocrx_word' id='word_1_41' title='bbox 1765 1124 1977 1168; x_wconf 90' lang='lat' dir='ltr'><strong>manu</strong></span> <span class='ocrx_word' id='word_1_42' title='bbox 2042 1103 2275 1168; x_wconf 88' lang='lat' dir='ltr'><strong>fidelis</strong></span> <span class='ocrx_word' id='word_1_43' title='bbox 2346 1105 2715 1192; x_wconf 28' lang='lat' dir='ltr'><strong>,secretarii</strong></span> <span class='ocrx_word' id='word_1_44' title='bbox 2782 1105 3005 1168; x_wconf 87' lang='lat' dir='ltr'><strong>nostri</strong></span> <span class='ocrx_word' id='word_1_45' title='bbox 3058 1107 3233 1168; x_wconf 80' lang='lat' dir='ltr'><strong>sub·</strong></span> 
     </span>
     <span class='ocr_line' id='line_1_7' title="bbox 667 1210 3235 1294; baseline 0 -20"><span class='ocrx_word' id='word_1_46' title='bbox 667 1211 951 1294; x_wconf 87' lang='lat' dir='ltr'><strong>scriptis</strong></span> <span class='ocrx_word' id='word_1_47' title='bbox 999 1219 1070 1274; x_wconf 93' lang='lat' dir='ltr'><strong>et</strong></span> <span class='ocrx_word' id='word_1_48' title='bbox 1117 1233 1342 1294; x_wconf 86' lang='lat' dir='ltr'><strong>parvo</strong></span> <span class='ocrx_word' id='word_1_49' title='bbox 1389 1212 1629 1293; x_wconf 81' lang='lat' dir='ltr'><strong>sigillo</strong></span> <span class='ocrx_word' id='word_1_50' title='bbox 1676 1210 1983 1294; x_wconf 87' lang='lat' dir='ltr'><strong>predicti</strong></span> <span class='ocrx_word' id='word_1_51' title='bbox 2032 1210 2296 1274; x_wconf 89' lang='lat' dir='ltr'><strong>domini</strong></span> <span class='ocrx_word' id='word_1_52' title='bbox 2336 1211 2591 1274; x_wconf 89' lang='lat' dir='ltr'><strong>Nuncii</strong></span> <span class='ocrx_word' id='word_1_53' title='bbox 2638 1211 2920 1276; x_wconf 87' lang='lat' dir='ltr'><strong>munitis</strong></span> <span class='ocrx_word' id='word_1_54' title='bbox 2967 1211 3235 1293; x_wconf 89' lang='lat' dir='ltr'><strong>ubique</strong></span> 
     </span>
     <span class='ocr_line' id='line_1_8' title="bbox 667 1318 3237 1402; baseline -0 -21"><span class='ocrx_word' id='word_1_55' title='bbox 667 1329 889 1384; x_wconf 88' lang='lat' dir='ltr'><strong>stetur</strong></span> <span class='ocrx_word' id='word_1_56' title='bbox 937 1329 1011 1384; x_wconf 91' lang='lat' dir='ltr'><strong>et</strong></span> <span class='ocrx_word' id='word_1_57' title='bbox 1056 1322 1271 1402; x_wconf 86' lang='lat' dir='ltr'><strong>plena</strong></span> <span class='ocrx_word' id='word_1_58' title='bbox 1315 1318 1499 1384; x_wconf 87' lang='lat' dir='ltr'><strong>fides</strong></span> <span class='ocrx_word' id='word_1_59' title='bbox 1547 1318 1973 1383; x_wconf 79' lang='lat' dir='ltr'><strong>adhibeatur</strong></span> <span class='ocrx_word' id='word_1_60' title='bbox 2020 1329 2233 1400; x_wconf 90' lang='lat' dir='ltr'><strong>prout</strong></span> <span class='ocrx_word' id='word_1_61' title='bbox 2272 1320 2447 1400; x_wconf 89' lang='lat' dir='ltr'><strong>ipsis</strong></span> <span class='ocrx_word' id='word_1_62' title='bbox 2479 1319 2945 1402; x_wconf 85' lang='lat' dir='ltr'><strong>originalibus</strong></span> <span class='ocrx_word' id='word_1_63' title='bbox 2976 1318 3237 1382; x_wconf 88' lang='lat' dir='ltr'><strong>litteris</strong></span> 
     </span>
     <span class='ocr_line' id='line_1_9' title="bbox 668 1425 3235 1492; baseline 0 -3"><span class='ocrx_word' id='word_1_64' title='bbox 668 1437 973 1492; x_wconf 86' lang='lat' dir='ltr'><strong>staretur</strong></span> <span class='ocrx_word' id='word_1_65' title='bbox 998 1436 1069 1491; x_wconf 88' lang='lat' dir='ltr'><strong>et</strong></span> <span class='ocrx_word' id='word_1_66' title='bbox 1093 1427 1556 1491; x_wconf 83' lang='lat' dir='ltr'><strong>adhiberetur</strong></span> <span class='ocrx_word' id='word_1_67' title='bbox 1581 1427 1638 1488; x_wconf 87' lang='lat' dir='ltr'><strong>si</strong></span> <span class='ocrx_word' id='word_1_68' title='bbox 1665 1425 2031 1490; x_wconf 83' lang='lat' dir='ltr'><strong>exhibitae</strong></span> <span class='ocrx_word' id='word_1_69' title='bbox 2054 1426 2293 1490; x_wconf 84' lang='lat' dir='ltr'><strong>forent</strong></span> <span class='ocrx_word' id='word_1_70' title='bbox 2318 1436 2389 1488; x_wconf 91' lang='lat' dir='ltr'><strong>et</strong></span> <span class='ocrx_word' id='word_1_71' title='bbox 2416 1435 2767 1490; x_wconf 86' lang='lat' dir='ltr'><strong>ostensae.</strong></span> <span class='ocrx_word' id='word_1_72' title='bbox 2809 1427 3073 1489; x_wconf 89' lang='lat' dir='ltr'><strong>Datum</strong></span> <span class='ocrx_word' id='word_1_73' title='bbox 3094 1437 3235 1490; x_wconf 89' lang='lat' dir='ltr'><strong>etc.</strong></span> 
     </span>
    </p>
   </div>
   <div class='ocr_carea' id='block_1_3' title="bbox 1736 1631 2149 1642">
    <p class='ocr_par' dir='ltr' id='par_1_3' title="bbox 1736 1631 2149 1642">
     <span class='ocr_line' id='line_1_10' title="bbox 1736 1631 2149 1642; baseline 0 0"><span class='ocrx_word' id='word_1_74' title='bbox 1736 1631 1823 1642; x_wconf 46' lang='lat' dir='ltr'><strong>mxx·</strong></span> <span class='ocrx_word' id='word_1_75' title='bbox 1843 1633 1853 1638; x_wconf 86' lang='lat'><em>-</em></span> <span class='ocrx_word' id='word_1_76' title='bbox 1870 1633 1875 1636; x_wconf 86' lang='grc'>·</span> <span class='ocrx_word' id='word_1_77' title='bbox 1896 1634 1909 1642; x_wconf 48' lang='lat' dir='ltr'><strong>v·</strong></span> <span class='ocrx_word' id='word_1_78' title='bbox 1925 1633 1948 1640; x_wconf 52' lang='grc' dir='ltr'><strong>κ-</strong></span> <span class='ocrx_word' id='word_1_79' title='bbox 1966 1633 1996 1642; x_wconf 43' lang='grc' dir='ltr'><strong>κν</strong></span> <span class='ocrx_word' id='word_1_80' title='bbox 2011 1632 2149 1642; x_wconf 45' lang='lat' dir='ltr'><strong>*amm-uv-</strong></span> 
     </span>
    </p>
   </div>
   <div class='ocr_carea' id='block_1_4' title="bbox 1898 1865 2006 1928">
    <p class='ocr_par' dir='ltr' id='par_1_4' title="bbox 1898 1865 2006 1928">
     <span class='ocr_line' id='line_1_11' title="bbox 1898 1865 2006 1928; baseline 0 0"><span class='ocrx_word' id='word_1_81' title='bbox 1898 1865 2006 1928; x_wconf 80' lang='lat'><strong>61.</strong></span> 
     </span>
    </p>
   </div>
   <div class='ocr_carea' id='block_1_5' title="bbox 1425 1979 2463 2062">
    <p class='ocr_par' dir='ltr' id='par_1_5' title="bbox 1425 1979 2463 2062">
     <span class='ocr_line' id='line_1_12' title="bbox 1425 1979 2463 2062; baseline 0 0"><span class='ocrx_word' id='word_1_82' title='bbox 1425 1983 1783 2062; x_wconf 71' lang='lat' dir='ltr'><strong>Aloander</strong></span> <span class='ocrx_word' id='word_1_83' title='bbox 1838 1979 2463 2062; x_wconf 73' lang='lat' dir='ltr'><strong>vicecancellariO.</strong></span> 
     </span>
    </p>
   </div>
   <div class='ocr_carea' id='block_1_6' title="bbox 1527 2118 2373 2310">
    <p class='ocr_par' dir='ltr' id='par_1_6' title="bbox 1527 2118 2373 2310">
     <span class='ocr_line' id='line_1_13' title="bbox 1527 2118 2373 2190; baseline -0.006 -12"><span class='ocrx_word' id='word_1_84' title='bbox 1527 2119 1809 2189; x_wconf 70' lang='lat' dir='ltr'><strong>(Nuntiat.</strong></span> <span class='ocrx_word' id='word_1_85' title='bbox 1849 2120 2100 2180; x_wconf 74' lang='lat' dir='ltr'><strong>German.</strong></span> <span class='ocrx_word' id='word_1_86' title='bbox 2135 2118 2199 2178; x_wconf 84' lang='lat'><strong>1..</strong></span> <span class='ocrx_word' id='word_1_87' title='bbox 2236 2119 2373 2190; x_wconf 79' lang='lat'>148.)</span> 
     </span>
     <span class='ocr_line' id='line_1_14' title="bbox 1677 2238 2219 2310; baseline 0 -20"><span class='ocrx_word' id='word_1_88' title='bbox 1677 2241 1752 2307; x_wconf 84' lang='lat'><strong>(5.</strong></span> <span class='ocrx_word' id='word_1_89' title='bbox 1793 2239 2000 2304; x_wconf 83' lang='lat' dir='ltr'><strong>Aprilis</strong></span> <span class='ocrx_word' id='word_1_90' title='bbox 2045 2238 2219 2310; x_wconf 86' lang='lat'>1521.)</span> 
     </span>
    </p>
   </div>
   <div class='ocr_carea' id='block_1_7' title="bbox 665 2383 3249 4933">
    <p class='ocr_par' dir='ltr' id='par_1_7' title="bbox 665 2383 3249 4933">
     <span class='ocr_line' id='line_1_15' title="bbox 847 2383 3246 2468; baseline 0 -20"><span class='ocrx_word' id='word_1_91' title='bbox 847 2385 1086 2468; x_wconf 91' lang='lat' dir='ltr'><strong>Dopoi</strong></span> <span class='ocrx_word' id='word_1_92' title='bbox 1151 2386 1222 2448; x_wconf 87' lang='lat' dir='ltr'><strong>la</strong></span> <span class='ocrx_word' id='word_1_93' title='bbox 1287 2383 1728 2466; x_wconf 85' lang='lat' dir='ltr'><strong>publication</strong></span> <span class='ocrx_word' id='word_1_94' title='bbox 1800 2384 1916 2447; x_wconf 85' lang='lat' dir='ltr'><strong>del</strong></span> <span class='ocrx_word' id='word_1_95' title='bbox 1984 2383 2218 2447; x_wconf 90' lang='lat' dir='ltr'><strong>edicto</strong></span> <span class='ocrx_word' id='word_1_96' title='bbox 2268 2384 2577 2448; x_wconf 85' lang='lat' dir='ltr'><strong>Cesareo</strong></span> <span class='ocrx_word' id='word_1_97' title='bbox 2645 2386 2777 2449; x_wconf 86' lang='lat' dir='ltr'><strong>che</strong></span> <span class='ocrx_word' id='word_1_98' title='bbox 2842 2385 3128 2448; x_wconf 88' lang='lat' dir='ltr'><strong>mandai</strong></span> <span class='ocrx_word' id='word_1_99' title='bbox 3198 2407 3246 2448; x_wconf 90' lang='lat' dir='ltr'><strong>a</strong></span> 
     </span>
     <span class='ocr_line' id='line_1_16' title="bbox 667 2491 3243 2574; baseline -0 -17"><span class='ocrx_word' id='word_1_100' title='bbox 667 2494 756 2560; x_wconf 88' lang='lat' dir='ltr'><strong>V.</strong></span> <span class='ocrx_word' id='word_1_101' title='bbox 808 2491 882 2557; x_wconf 81' lang='lat' dir='ltr'><strong>S.</strong></span> <span class='ocrx_word' id='word_1_102' title='bbox 930 2493 1085 2556; x_wconf 74' lang='lat' dir='ltr'><strong>Rm·</strong></span> <span class='ocrx_word' id='word_1_103' title='bbox 1130 2513 1260 2574; x_wconf 89' lang='lat' dir='ltr'><strong>per</strong></span> <span class='ocrx_word' id='word_1_104' title='bbox 1320 2492 1372 2554; x_wconf 91' lang='lat' dir='ltr'><strong>il</strong></span> <span class='ocrx_word' id='word_1_105' title='bbox 1430 2491 1797 2573; x_wconf 85' lang='lat' dir='ltr'><strong>proxim0‚</strong></span> <span class='ocrx_word' id='word_1_106' title='bbox 1866 2491 2089 2554; x_wconf 89' lang='lat' dir='ltr'><strong>molto</strong></span> <span class='ocrx_word' id='word_1_107' title='bbox 2151 2511 2327 2573; x_wconf 89' lang='lat' dir='ltr'><strong>pare</strong></span> <span class='ocrx_word' id='word_1_108' title='bbox 2388 2492 2447 2555; x_wconf 84' lang='lat' dir='ltr'><strong>si</strong></span> <span class='ocrx_word' id='word_1_109' title='bbox 2507 2492 2689 2556; x_wconf 90' lang='lat' dir='ltr'><strong>siino</strong></span> <span class='ocrx_word' id='word_1_110' title='bbox 2739 2493 3123 2574; x_wconf 89' lang='lat' dir='ltr'><strong>acquietati</strong></span> <span class='ocrx_word' id='word_1_111' title='bbox 3192 2495 3243 2556; x_wconf 89' lang='lat' dir='ltr'><strong>li</strong></span> 
     </span>
     <span class='ocr_line' id='line_1_17' title="bbox 666 2597 3247 2683; baseline -0.001 -19"><span class='ocrx_word' id='word_1_112' title='bbox 666 2600 935 2683; x_wconf 88' lang='lat' dir='ltr'><strong>populi,</strong></span> <span class='ocrx_word' id='word_1_113' title='bbox 984 2620 1100 2662; x_wconf 89' lang='lat' dir='ltr'><strong>ma</strong></span> <span class='ocrx_word' id='word_1_114' title='bbox 1146 2599 1532 2682; x_wconf 90' lang='lat' dir='ltr'><strong>discoperti</strong></span> <span class='ocrx_word' id='word_1_115' title='bbox 1597 2597 1646 2660; x_wconf 92' lang='lat' dir='ltr'><strong>li</strong></span> <span class='ocrx_word' id='word_1_116' title='bbox 1694 2599 1953 2678; x_wconf 86' lang='lat' dir='ltr'><strong>grandi</strong></span> <span class='ocrx_word' id='word_1_117' title='bbox 2001 2597 2261 2660; x_wconf 89' lang='lat' dir='ltr'><strong>fautori</strong></span> <span class='ocrx_word' id='word_1_118' title='bbox 2308 2600 2695 2674; x_wconf 86' lang='lat' dir='ltr'><strong>lutherani;</strong></span> <span class='ocrx_word' id='word_1_119' title='bbox 2770 2599 2815 2663; x_wconf 89' lang='lat' dir='ltr'><strong>li</strong></span> <span class='ocrx_word' id='word_1_120' title='bbox 2866 2599 3056 2682; x_wconf 86' lang='lat' dir='ltr'><strong>quali</strong></span> <span class='ocrx_word' id='word_1_121' title='bbox 3104 2619 3247 2681; x_wconf 87' lang='lat' dir='ltr'><strong>per</strong></span> 
     </span>
     <span class='ocr_line' id='line_1_18' title="bbox 667 2705 3244 2790; baseline -0 -20"><span class='ocrx_word' id='word_1_122' title='bbox 667 2717 920 2790; x_wconf 86' lang='lat' dir='ltr'><strong>questa</strong></span> <span class='ocrx_word' id='word_1_123' title='bbox 966 2706 1451 2790; x_wconf 88' lang='lat' dir='ltr'><strong>publicatione</strong></span> <span class='ocrx_word' id='word_1_124' title='bbox 1499 2708 1738 2770; x_wconf 87' lang='lat' dir='ltr'><strong>hanno</strong></span> <span class='ocrx_word' id='word_1_125' title='bbox 1788 2705 1861 2768; x_wconf 88' lang='lat' dir='ltr'><strong>di</strong></span> <span class='ocrx_word' id='word_1_126' title='bbox 1910 2708 2010 2768; x_wconf 89' lang='lat' dir='ltr'><strong>tal</strong></span> <span class='ocrx_word' id='word_1_127' title='bbox 2056 2716 2249 2768; x_wconf 88' lang='lat' dir='ltr'><strong>sorte</strong></span> <span class='ocrx_word' id='word_1_128' title='bbox 2297 2706 2750 2770; x_wconf 87' lang='lat' dir='ltr'><strong>manifestato</strong></span> <span class='ocrx_word' id='word_1_129' title='bbox 2807 2709 2854 2770; x_wconf 89' lang='lat' dir='ltr'><strong>il</strong></span> <span class='ocrx_word' id='word_1_130' title='bbox 2905 2718 3244 2770; x_wconf 86' lang='lat' dir='ltr'><strong>concetto</strong></span> 
     </span>
     <span class='ocr_line' id='line_1_19' title="bbox 665 2813 3245 2900; baseline -0.001 -22"><span class='ocrx_word' id='word_1_131' title='bbox 665 2817 924 2879; x_wconf 87' lang='lat' dir='ltr'><strong>veleno</strong></span> <span class='ocrx_word' id='word_1_132' title='bbox 985 2834 1128 2878; x_wconf 87' lang='lat' dir='ltr'><strong>non</strong></span> <span class='ocrx_word' id='word_1_133' title='bbox 1191 2833 1322 2898; x_wconf 79' lang='lat' dir='ltr'><strong>per</strong></span> <span class='ocrx_word' id='word_1_134' title='bbox 1369 2833 1586 2876; x_wconf 84' lang='lat' dir='ltr'><strong>causa</strong></span> <span class='ocrx_word' id='word_1_135' title='bbox 1645 2813 1719 2878; x_wconf 87' lang='lat' dir='ltr'><strong>di</strong></span> <span class='ocrx_word' id='word_1_136' title='bbox 1767 2813 2037 2876; x_wconf 89' lang='lat' dir='ltr'><strong>Luther</strong></span> <span class='ocrx_word' id='word_1_137' title='bbox 2102 2814 2358 2900; x_wconf 88' lang='lat' dir='ltr'><strong>(anche</strong></span> <span class='ocrx_word' id='word_1_138' title='bbox 2421 2813 2511 2876; x_wconf 90' lang='lat' dir='ltr'><strong>de</strong></span> <span class='ocrx_word' id='word_1_139' title='bbox 2576 2814 2671 2876; x_wconf 89' lang='lat' dir='ltr'><strong>lui</strong></span> <span class='ocrx_word' id='word_1_140' title='bbox 2719 2834 2797 2878; x_wconf 91' lang='lat' dir='ltr'><strong>se</strong></span> <span class='ocrx_word' id='word_1_141' title='bbox 2845 2833 2935 2877; x_wconf 92' lang='lat' dir='ltr'><strong>ne</strong></span> <span class='ocrx_word' id='word_1_142' title='bbox 2996 2815 3245 2877; x_wconf 88' lang='lat' dir='ltr'><strong>hanno</strong></span> 
     </span>
     <span class='ocr_line' id='line_1_20' title="bbox 665 2921 3241 3004; baseline -0.001 -17"><span class='ocrx_word' id='word_1_143' title='bbox 665 2923 848 2987; x_wconf 84' lang='lat' dir='ltr'><strong>fatto</strong></span> <span class='ocrx_word' id='word_1_144' title='bbox 897 2924 1117 2987; x_wconf 89' lang='lat' dir='ltr'><strong>scudo</strong></span> <span class='ocrx_word' id='word_1_145' title='bbox 1165 2943 1298 2986; x_wconf 90' lang='lat' dir='ltr'><strong>con</strong></span> <span class='ocrx_word' id='word_1_146' title='bbox 1349 2924 1414 2985; x_wconf 90' lang='lat' dir='ltr'><strong>el</strong></span> <span class='ocrx_word' id='word_1_147' title='bbox 1462 2923 1877 3004; x_wconf 88' lang='lat' dir='ltr'><strong>populazzo)</strong></span> <span class='ocrx_word' id='word_1_148' title='bbox 1938 2942 2051 2984; x_wconf 87' lang='lat' dir='ltr'><strong>ma</strong></span> <span class='ocrx_word' id='word_1_149' title='bbox 2098 2922 2189 2983; x_wconf 90' lang='lat' dir='ltr'><strong>de</strong></span> <span class='ocrx_word' id='word_1_150' title='bbox 2236 2941 2548 3003; x_wconf 87' lang='lat' dir='ltr'><strong>occupar</strong></span> <span class='ocrx_word' id='word_1_151' title='bbox 2592 2921 2643 2984; x_wconf 89' lang='lat' dir='ltr'><strong>li</strong></span> <span class='ocrx_word' id='word_1_152' title='bbox 2690 2922 2859 2985; x_wconf 87' lang='lat' dir='ltr'><strong>beni</strong></span> <span class='ocrx_word' id='word_1_153' title='bbox 2908 2922 3241 2986; x_wconf 87' lang='lat' dir='ltr'><strong>ecclesia-</strong></span> 
     </span>
     <span class='ocr_line' id='line_1_21' title="bbox 667 3028 3247 3111; baseline -0 -18"><span class='ocrx_word' id='word_1_154' title='bbox 667 3030 846 3111; x_wconf 90' lang='lat' dir='ltr'><strong>stici,</strong></span> <span class='ocrx_word' id='word_1_155' title='bbox 894 3031 1026 3093; x_wconf 90' lang='lat' dir='ltr'><strong>che</strong></span> <span class='ocrx_word' id='word_1_156' title='bbox 1073 3030 1235 3094; x_wconf 86' lang='lat' dir='ltr'><strong>tutti</strong></span> <span class='ocrx_word' id='word_1_157' title='bbox 1269 3029 1663 3093; x_wconf 88' lang='lat' dir='ltr'><strong>dubbitano</strong></span> <span class='ocrx_word' id='word_1_158' title='bbox 1707 3028 1791 3091; x_wconf 88' lang='lat' dir='ltr'><strong>sii</strong></span> <span class='ocrx_word' id='word_1_159' title='bbox 1838 3048 1971 3111; x_wconf 88' lang='lat' dir='ltr'><strong>per</strong></span> <span class='ocrx_word' id='word_1_160' title='bbox 2000 3028 2248 3091; x_wconf 87' lang='lat' dir='ltr'><strong>venire</strong></span> <span class='ocrx_word' id='word_1_161' title='bbox 2294 3050 2387 3091; x_wconf 87' lang='lat' dir='ltr'><strong>un</strong></span> <span class='ocrx_word' id='word_1_162' title='bbox 2428 3032 2526 3091; x_wconf 90' lang='lat' dir='ltr'><strong>tal</strong></span> <span class='ocrx_word' id='word_1_163' title='bbox 2558 3029 2918 3109; x_wconf 86' lang='lat' dir='ltr'><strong>scandalo,</strong></span> <span class='ocrx_word' id='word_1_164' title='bbox 2967 3030 3035 3092; x_wconf 89' lang='lat' dir='ltr'><strong>al</strong></span> <span class='ocrx_word' id='word_1_165' title='bbox 3066 3032 3247 3111; x_wconf 89' lang='lat' dir='ltr'><strong>qual</strong></span> 
     </span>
     <span class='ocr_line' id='line_1_22' title="bbox 667 3135 3247 3219; baseline -0.001 -19"><span class='ocrx_word' id='word_1_166' title='bbox 667 3139 821 3200; x_wconf 91' lang='lat' dir='ltr'><strong>solo</strong></span> <span class='ocrx_word' id='word_1_167' title='bbox 869 3137 1023 3200; x_wconf 89' lang='lat' dir='ltr'><strong>Idio</strong></span> <span class='ocrx_word' id='word_1_168' title='bbox 1084 3135 1279 3219; x_wconf 87' lang='lat' dir='ltr'><strong>possi</strong></span> <span class='ocrx_word' id='word_1_169' title='bbox 1328 3136 1748 3199; x_wconf 81' lang='lat' dir='ltr'><strong>remediare.</strong></span> <span class='ocrx_word' id='word_1_170' title='bbox 1845 3135 1933 3199; x_wconf 90' lang='lat' dir='ltr'><strong>Et</strong></span> <span class='ocrx_word' id='word_1_171' title='bbox 1982 3138 2200 3198; x_wconf 87' lang='lat' dir='ltr'><strong>credo</strong></span> <span class='ocrx_word' id='word_1_172' title='bbox 2264 3138 2396 3199; x_wconf 89' lang='lat' dir='ltr'><strong>che</strong></span> <span class='ocrx_word' id='word_1_173' title='bbox 2444 3156 2521 3198; x_wconf 89' lang='lat' dir='ltr'><strong>se</strong></span> <span class='ocrx_word' id='word_1_174' title='bbox 2568 3136 2611 3199; x_wconf 87' lang='lat'><strong>1’</strong></span> <span class='ocrx_word' id='word_1_175' title='bbox 2641 3136 2865 3199; x_wconf 87' lang='lat' dir='ltr'><strong>editto</strong></span> <span class='ocrx_word' id='word_1_176' title='bbox 2930 3138 3247 3199; x_wconf 85' lang='lat' dir='ltr'><strong>havesse</strong></span> 
     </span>
     <span class='ocr_line' id='line_1_23' title="bbox 667 3242 3249 3325; baseline -0.001 -18"><span class='ocrx_word' id='word_1_177' title='bbox 667 3252 1054 3307; x_wconf 88' lang='lat' dir='ltr'><strong>contenuto</strong></span> <span class='ocrx_word' id='word_1_178' title='bbox 1103 3246 1238 3307; x_wconf 88' lang='lat' dir='ltr'><strong>che</strong></span> <span class='ocrx_word' id='word_1_179' title='bbox 1285 3244 1375 3305; x_wconf 90' lang='lat' dir='ltr'><strong>de</strong></span> <span class='ocrx_word' id='word_1_180' title='bbox 1424 3244 1743 3325; x_wconf 87' lang='lat' dir='ltr'><strong>presenti</strong></span> <span class='ocrx_word' id='word_1_181' title='bbox 1794 3263 1871 3306; x_wconf 91' lang='lat' dir='ltr'><strong>se</strong></span> <span class='ocrx_word' id='word_1_182' title='bbox 1918 3244 2499 3307; x_wconf 83' lang='lat' dir='ltr'><strong>abbrusciassero</strong></span> <span class='ocrx_word' id='word_1_183' title='bbox 2548 3244 2597 3307; x_wconf 90' lang='lat' dir='ltr'><strong>li</strong></span> <span class='ocrx_word' id='word_1_184' title='bbox 2646 3242 2807 3307; x_wconf 89' lang='lat' dir='ltr'><strong>libri</strong></span> <span class='ocrx_word' id='word_1_185' title='bbox 2841 3243 3249 3306; x_wconf 86' lang='lat' dir='ltr'><strong>de·Luther</strong></span> 
     </span>
     <span class='ocr_line' id='line_1_24' title="bbox 668 3332 3247 3432; baseline -0.001 -19"><span class='ocrx_word' id='word_1_186' title='bbox 668 3358 740 3413; x_wconf 91' lang='lat' dir='ltr'><strong>et</strong></span> <span class='ocrx_word' id='word_1_187' title='bbox 787 3351 904 3413; x_wconf 91' lang='lat' dir='ltr'><strong>del</strong></span> <span class='ocrx_word' id='word_1_188' title='bbox 951 3358 1134 3413; x_wconf 91' lang='lat' dir='ltr'><strong>tutto</strong></span> <span class='ocrx_word' id='word_1_189' title='bbox 1182 3349 1462 3413; x_wconf 83' lang='lat' dir='ltr'><strong>fussero</strong></span> <span class='ocrx_word' id='word_1_190' title='bbox 1501 3350 1953 3431; x_wconf 80' lang='lat' dir='ltr'><strong>annichilati‚</strong></span> <span class='ocrx_word' id='word_1_191' title='bbox 2000 3371 2125 3413; x_wconf 91' lang='lat' dir='ltr'><strong>era</strong></span> <span class='ocrx_word' id='word_1_192' title='bbox 2170 3332 2490 3432; x_wconf 84' lang='lat' dir='ltr'><strong>periculo</strong></span> <span class='ocrx_word' id='word_1_193' title='bbox 2539 3352 2692 3431; x_wconf 89' lang='lat' dir='ltr'><strong>che,</strong></span> <span class='ocrx_word' id='word_1_194' title='bbox 2742 3352 2939 3413; x_wconf 87' lang='lat' dir='ltr'><strong>nulla</strong></span> <span class='ocrx_word' id='word_1_195' title='bbox 2988 3349 3247 3413; x_wconf 86' lang='lat' dir='ltr'><strong>habita</strong></span> 
     </span>
     <span class='ocr_line' id='line_1_25' title="bbox 669 3456 3245 3540; baseline 0 -21"><span class='ocrx_word' id='word_1_196' title='bbox 669 3456 997 3519; x_wconf 89' lang='lat' dir='ltr'><strong>Caesaris</strong></span> <span class='ocrx_word' id='word_1_197' title='bbox 1046 3456 1354 3537; x_wconf 87' lang='lat' dir='ltr'><strong>ratione,</strong></span> <span class='ocrx_word' id='word_1_198' title='bbox 1423 3456 1542 3537; x_wconf 91' lang='lat' dir='ltr'><strong>qui</strong></span> <span class='ocrx_word' id='word_1_199' title='bbox 1590 3458 1706 3520; x_wconf 90' lang='lat' dir='ltr'><strong>hic</strong></span> <span class='ocrx_word' id='word_1_200' title='bbox 1755 3467 1866 3519; x_wconf 89' lang='lat' dir='ltr'><strong>est</strong></span> <span class='ocrx_word' id='word_1_201' title='bbox 1909 3456 2233 3539; x_wconf 74' lang='lat' dir='ltr'><strong>inermiS,</strong></span> <span class='ocrx_word' id='word_1_202' title='bbox 2302 3459 2689 3521; x_wconf 89' lang='lat' dir='ltr'><strong>havessero</strong></span> <span class='ocrx_word' id='word_1_203' title='bbox 2736 3457 2919 3521; x_wconf 87' lang='lat' dir='ltr'><strong>fatto</strong></span> <span class='ocrx_word' id='word_1_204' title='bbox 2967 3458 3245 3540; x_wconf 89' lang='lat' dir='ltr'><strong>impeto</strong></span> 
     </span>
     <span class='ocr_line' id='line_1_26' title="bbox 667 3563 3243 3646; baseline 0 -21"><span class='ocrx_word' id='word_1_205' title='bbox 667 3563 742 3627; x_wconf 88' lang='lat' dir='ltr'><strong>in</strong></span> <span class='ocrx_word' id='word_1_206' title='bbox 804 3574 1056 3646; x_wconf 88' lang='lat' dir='ltr'><strong>questa</strong></span> <span class='ocrx_word' id='word_1_207' title='bbox 1104 3563 1276 3626; x_wconf 76' lang='lat' dir='ltr'><strong>citta</strong></span> <span class='ocrx_word' id='word_1_208' title='bbox 1325 3564 1514 3627; x_wconf 88' lang='lat' dir='ltr'><strong>intus</strong></span> <span class='ocrx_word' id='word_1_209' title='bbox 1579 3574 1652 3627; x_wconf 89' lang='lat' dir='ltr'><strong>et</strong></span> <span class='ocrx_word' id='word_1_210' title='bbox 1699 3564 1875 3627; x_wconf 88' lang='lat' dir='ltr'><strong>foris</strong></span> <span class='ocrx_word' id='word_1_211' title='bbox 1922 3567 2218 3627; x_wconf 88' lang='lat' dir='ltr'><strong>obsessa</strong></span> <span class='ocrx_word' id='word_1_212' title='bbox 2266 3565 2356 3627; x_wconf 90' lang='lat' dir='ltr'><strong>da</strong></span> <span class='ocrx_word' id='word_1_213' title='bbox 2404 3563 2790 3628; x_wconf 88' lang='lat' dir='ltr'><strong>Lutherani</strong></span> <span class='ocrx_word' id='word_1_214' title='bbox 2859 3573 2931 3626; x_wconf 93' lang='lat' dir='ltr'><strong>et</strong></span> <span class='ocrx_word' id='word_1_215' title='bbox 2978 3564 3243 3627; x_wconf 88' lang='lat' dir='ltr'><strong>comin-</strong></span> 
     </span>
     <span class='ocr_line' id='line_1_27' title="bbox 669 3670 3244 3754; baseline 0 -21"><span class='ocrx_word' id='word_1_216' title='bbox 669 3673 858 3735; x_wconf 91' lang='lat' dir='ltr'><strong>ciato</strong></span> <span class='ocrx_word' id='word_1_217' title='bbox 909 3670 1028 3753; x_wconf 73' lang='lat' dir='ltr'><strong>gia</strong></span> <span class='ocrx_word' id='word_1_218' title='bbox 1092 3692 1133 3733; x_wconf 88' lang='lat' dir='ltr'><strong>a</strong></span> <span class='ocrx_word' id='word_1_219' title='bbox 1183 3690 1428 3733; x_wconf 89' lang='lat' dir='ltr'><strong>menar</strong></span> <span class='ocrx_word' id='word_1_220' title='bbox 1475 3673 1541 3733; x_wconf 91' lang='lat' dir='ltr'><strong>le</strong></span> <span class='ocrx_word' id='word_1_221' title='bbox 1592 3670 1796 3736; x_wconf 89' lang='lat' dir='ltr'><strong>mani.</strong></span> <span class='ocrx_word' id='word_1_222' title='bbox 1894 3671 2047 3735; x_wconf 90' lang='lat' dir='ltr'><strong>Hor</strong></span> <span class='ocrx_word' id='word_1_223' title='bbox 2094 3674 2163 3733; x_wconf 92' lang='lat' dir='ltr'><strong>la</strong></span> <span class='ocrx_word' id='word_1_224' title='bbox 2210 3692 2379 3735; x_wconf 91' lang='lat' dir='ltr'><strong>cosa</strong></span> <span class='ocrx_word' id='word_1_225' title='bbox 2440 3677 2587 3735; x_wconf 78' lang='lat' dir='ltr'><strong>cosi</strong></span> <span class='ocrx_word' id='word_1_226' title='bbox 2634 3692 2867 3754; x_wconf 87' lang='lat' dir='ltr'><strong>passa.</strong></span> <span class='ocrx_word' id='word_1_227' title='bbox 2962 3670 3244 3752; x_wconf 78' lang='lat' dir='ltr'><strong>Questo</strong></span> 
     </span>
     <span class='ocr_line' id='line_1_28' title="bbox 669 3777 3245 3860; baseline -0 -18"><span class='ocrx_word' id='word_1_228' title='bbox 669 3779 950 3843; x_wconf 86' lang='lat' dir='ltr'><strong>ribaldo</strong></span> <span class='ocrx_word' id='word_1_229' title='bbox 1001 3777 1073 3841; x_wconf 92' lang='lat' dir='ltr'><strong>di</strong></span> <span class='ocrx_word' id='word_1_230' title='bbox 1113 3778 1415 3857; x_wconf 89' lang='lat' dir='ltr'><strong>Hutten,</strong></span> <span class='ocrx_word' id='word_1_231' title='bbox 1465 3778 1793 3843; x_wconf 87' lang='lat' dir='ltr'><strong>advisato</strong></span> <span class='ocrx_word' id='word_1_232' title='bbox 1841 3779 1915 3841; x_wconf 89' lang='lat' dir='ltr'><strong>di</strong></span> <span class='ocrx_word' id='word_1_233' title='bbox 1964 3780 2202 3859; x_wconf 91' lang='lat' dir='ltr'><strong>quello</strong></span> <span class='ocrx_word' id='word_1_234' title='bbox 2251 3781 2385 3842; x_wconf 91' lang='lat' dir='ltr'><strong>che</strong></span> <span class='ocrx_word' id='word_1_235' title='bbox 2434 3780 2551 3842; x_wconf 90' lang='lat' dir='ltr'><strong>noi</strong></span> <span class='ocrx_word' id='word_1_236' title='bbox 2598 3797 3112 3860; x_wconf 87' lang='lat' dir='ltr'><strong>procuravamo</strong></span> <span class='ocrx_word' id='word_1_237' title='bbox 3166 3780 3245 3841; x_wconf 92' lang='lat' dir='ltr'><strong>lo</strong></span> 
     </span>
     <span class='ocr_line' id='line_1_29' title="bbox 671 3884 3244 3967; baseline 0 -18"><span class='ocrx_word' id='word_1_238' title='bbox 671 3886 892 3949; x_wconf 89' lang='lat' dir='ltr'><strong>editto</strong></span> <span class='ocrx_word' id='word_1_239' title='bbox 940 3884 1308 3967; x_wconf 88' lang='lat' dir='ltr'><strong>imperiale</strong></span> <span class='ocrx_word' id='word_1_240' title='bbox 1363 3904 1495 3947; x_wconf 89' lang='lat' dir='ltr'><strong>con</strong></span> <span class='ocrx_word' id='word_1_241' title='bbox 1548 3896 1742 3949; x_wconf 88' lang='lat' dir='ltr'><strong>tante</strong></span> <span class='ocrx_word' id='word_1_242' title='bbox 1791 3887 2115 3949; x_wconf 88' lang='lat' dir='ltr'><strong>consulte</strong></span> <span class='ocrx_word' id='word_1_243' title='bbox 2179 3895 2251 3948; x_wconf 90' lang='lat' dir='ltr'><strong>et</strong></span> <span class='ocrx_word' id='word_1_244' title='bbox 2298 3886 2523 3965; x_wconf 88' lang='lat' dir='ltr'><strong>diete,</strong></span> <span class='ocrx_word' id='word_1_245' title='bbox 2586 3886 2644 3948; x_wconf 87' lang='lat' dir='ltr'><strong>si</strong></span> <span class='ocrx_word' id='word_1_246' title='bbox 2704 3888 2798 3948; x_wconf 85' lang='lat' dir='ltr'><strong>ha</strong></span> <span class='ocrx_word' id='word_1_247' title='bbox 2844 3893 3244 3949; x_wconf 89' lang='lat' dir='ltr'><strong>contenuto</strong></span> 
     </span>
     <span class='ocr_line' id='line_1_30' title="bbox 670 3992 3244 4074; baseline -0 -18"><span class='ocrx_word' id='word_1_248' title='bbox 670 3994 743 4056; x_wconf 91' lang='lat' dir='ltr'><strong>di</strong></span> <span class='ocrx_word' id='word_1_249' title='bbox 791 3994 1090 4056; x_wconf 89' lang='lat' dir='ltr'><strong>mandar</strong></span> <span class='ocrx_word' id='word_1_250' title='bbox 1134 3992 1340 4055; x_wconf 88' lang='lat' dir='ltr'><strong>fuora</strong></span> <span class='ocrx_word' id='word_1_251' title='bbox 1389 3994 1645 4055; x_wconf 84' lang='lat' dir='ltr'><strong>alcuna</strong></span> <span class='ocrx_word' id='word_1_252' title='bbox 1691 4012 1896 4071; x_wconf 86' lang='lat' dir='ltr'><strong>cosa,</strong></span> <span class='ocrx_word' id='word_1_253' title='bbox 1965 3994 2224 4074; x_wconf 72' lang='lat' dir='ltr'><strong>perche</strong></span> <span class='ocrx_word' id='word_1_254' title='bbox 2274 3994 2371 4055; x_wconf 89' lang='lat' dir='ltr'><strong>lui</strong></span> <span class='ocrx_word' id='word_1_255' title='bbox 2421 4012 2699 4074; x_wconf 85' lang='lat' dir='ltr'><strong>sempre</strong></span> <span class='ocrx_word' id='word_1_256' title='bbox 2748 4012 3054 4074; x_wconf 74' lang='lat' dir='ltr'><strong>spei-ava</strong></span> <span class='ocrx_word' id='word_1_257' title='bbox 3102 3994 3244 4055; x_wconf 90' lang='lat' dir='ltr'><strong>che</strong></span> 
     </span>
     <span class='ocr_line' id='line_1_31' title="bbox 669 4097 3241 4183; baseline -0 -20"><span class='ocrx_word' id='word_1_258' title='bbox 669 4120 800 4183; x_wconf 86' lang='lat' dir='ltr'><strong>per</strong></span> <span class='ocrx_word' id='word_1_259' title='bbox 846 4102 917 4165; x_wconf 90' lang='lat' dir='ltr'><strong>la</strong></span> <span class='ocrx_word' id='word_1_260' title='bbox 963 4102 1238 4183; x_wconf 83' lang='lat' dir='ltr'><strong>grande</strong></span> <span class='ocrx_word' id='word_1_261' title='bbox 1287 4098 1591 4162; x_wconf 75' lang='lat' dir='ltr'><strong>autorita</strong></span> <span class='ocrx_word' id='word_1_262' title='bbox 1641 4101 1755 4161; x_wconf 88' lang='lat' dir='ltr'><strong>del</strong></span> <span class='ocrx_word' id='word_1_263' title='bbox 1806 4102 2010 4162; x_wconf 87' lang='lat' dir='ltr'><strong>Duca</strong></span> <span class='ocrx_word' id='word_1_264' title='bbox 2050 4098 2340 4163; x_wconf 86' lang='lat' dir='ltr'><strong>Saxone</strong></span> <span class='ocrx_word' id='word_1_265' title='bbox 2390 4110 2461 4162; x_wconf 90' lang='lat' dir='ltr'><strong>et</strong></span> <span class='ocrx_word' id='word_1_266' title='bbox 2510 4100 2660 4162; x_wconf 88' lang='lat' dir='ltr'><strong>suoi</strong></span> <span class='ocrx_word' id='word_1_267' title='bbox 2711 4097 3035 4181; x_wconf 86' lang='lat' dir='ltr'><strong>complici</strong></span> <span class='ocrx_word' id='word_1_268' title='bbox 3088 4118 3241 4162; x_wconf 87' lang='lat' dir='ltr'><strong>non</strong></span> 
     </span>
     <span class='ocr_line' id='line_1_32' title="bbox 670 4206 3239 4290; baseline -0.001 -20"><span class='ocrx_word' id='word_1_269' title='bbox 670 4229 747 4271; x_wconf 89' lang='lat' dir='ltr'><strong>se</strong></span> <span class='ocrx_word' id='word_1_270' title='bbox 794 4217 1081 4290; x_wconf 88' lang='lat' dir='ltr'><strong>potesse</strong></span> <span class='ocrx_word' id='word_1_271' title='bbox 1131 4216 1444 4277; x_wconf 83' lang='lat' dir='ltr'><strong>ottener;</strong></span> <span class='ocrx_word' id='word_1_272' title='bbox 1507 4226 1618 4268; x_wconf 91' lang='lat' dir='ltr'><strong>ma</strong></span> <span class='ocrx_word' id='word_1_273' title='bbox 1668 4225 1805 4269; x_wconf 87' lang='lat' dir='ltr'><strong>non</strong></span> <span class='ocrx_word' id='word_1_274' title='bbox 1858 4209 2141 4271; x_wconf 86' lang='lat' dir='ltr'><strong>lassava</strong></span> <span class='ocrx_word' id='word_1_275' title='bbox 2186 4208 2363 4289; x_wconf 75' lang='lat' dir='ltr'><strong>pero</strong></span> <span class='ocrx_word' id='word_1_276' title='bbox 2420 4208 2511 4270; x_wconf 92' lang='lat' dir='ltr'><strong>de</strong></span> <span class='ocrx_word' id='word_1_277' title='bbox 2560 4206 2935 4289; x_wconf 84' lang='lat' dir='ltr'><strong>parechiar</strong></span> <span class='ocrx_word' id='word_1_278' title='bbox 2981 4206 3027 4268; x_wconf 89' lang='lat' dir='ltr'><strong>li</strong></span> <span class='ocrx_word' id='word_1_279' title='bbox 3078 4207 3239 4269; x_wconf 88' lang='lat' dir='ltr'><strong>suoi</strong></span> 
     </span>
     <span class='ocr_line' id='line_1_33' title="bbox 669 4313 3243 4397; baseline 0 -21"><span class='ocrx_word' id='word_1_280' title='bbox 669 4314 961 4393; x_wconf 87' lang='lat' dir='ltr'><strong>tosichi,</strong></span> <span class='ocrx_word' id='word_1_281' title='bbox 1031 4314 1080 4376; x_wconf 90' lang='lat' dir='ltr'><strong>li</strong></span> <span class='ocrx_word' id='word_1_282' title='bbox 1129 4314 1320 4397; x_wconf 89' lang='lat' dir='ltr'><strong>quali</strong></span> <span class='ocrx_word' id='word_1_283' title='bbox 1383 4313 1504 4395; x_wconf 90' lang='lat' dir='ltr'><strong>poi</strong></span> <span class='ocrx_word' id='word_1_284' title='bbox 1552 4314 1818 4376; x_wconf 86' lang='lat' dir='ltr'><strong>veduto</strong></span> <span class='ocrx_word' id='word_1_285' title='bbox 1866 4313 2234 4393; x_wconf 85' lang='lat' dir='ltr'><strong>publicato</strong></span> <span class='ocrx_word' id='word_1_286' title='bbox 2296 4316 2389 4376; x_wconf 89' lang='lat' dir='ltr'><strong>ha</strong></span> <span class='ocrx_word' id='word_1_287' title='bbox 2436 4334 2685 4395; x_wconf 88' lang='lat' dir='ltr'><strong>sparso</strong></span> <span class='ocrx_word' id='word_1_288' title='bbox 2750 4334 2881 4396; x_wconf 87' lang='lat' dir='ltr'><strong>per</strong></span> <span class='ocrx_word' id='word_1_289' title='bbox 2927 4320 3113 4376; x_wconf 90' lang='lat' dir='ltr'><strong>tutto</strong></span> <span class='ocrx_word' id='word_1_290' title='bbox 3164 4324 3243 4376; x_wconf 90' lang='lat' dir='ltr'><strong>et</strong></span> 
     </span>
     <span class='ocr_line' id='line_1_34' title="bbox 671 4419 3242 4502; baseline 0 -19"><span class='ocrx_word' id='word_1_291' title='bbox 671 4422 764 4484; x_wconf 91' lang='lat' dir='ltr'><strong>ha</strong></span> <span class='ocrx_word' id='word_1_292' title='bbox 811 4420 1057 4484; x_wconf 90' lang='lat' dir='ltr'><strong>scritto</strong></span> <span class='ocrx_word' id='word_1_293' title='bbox 1105 4442 1246 4485; x_wconf 85' lang='lat' dir='ltr'><strong>una</strong></span> <span class='ocrx_word' id='word_1_294' title='bbox 1293 4422 1528 4484; x_wconf 86' lang='lat' dir='ltr'><strong>littera</strong></span> <span class='ocrx_word' id='word_1_295' title='bbox 1578 4420 1834 4484; x_wconf 88' lang='lat' dir='ltr'><strong>bestial</strong></span> <span class='ocrx_word' id='word_1_296' title='bbox 1899 4441 1941 4483; x_wconf 91' lang='lat' dir='ltr'><strong>a</strong></span> <span class='ocrx_word' id='word_1_297' title='bbox 1988 4419 2284 4500; x_wconf 90' lang='lat' dir='ltr'><strong>Cesare‚</strong></span> <span class='ocrx_word' id='word_1_298' title='bbox 2348 4422 2537 4483; x_wconf 88' lang='lat' dir='ltr'><strong>della</strong></span> <span class='ocrx_word' id='word_1_299' title='bbox 2584 4422 2795 4502; x_wconf 89' lang='lat' dir='ltr'><strong>quale</strong></span> <span class='ocrx_word' id='word_1_300' title='bbox 2842 4439 2982 4482; x_wconf 89' lang='lat' dir='ltr'><strong>non</strong></span> <span class='ocrx_word' id='word_1_301' title='bbox 3032 4420 3089 4481; x_wconf 88' lang='lat' dir='ltr'><strong>si</strong></span> <span class='ocrx_word' id='word_1_302' title='bbox 3143 4421 3242 4483; x_wconf 87' lang='lat' dir='ltr'><strong>ha</strong></span> 
     </span>
     <span class='ocr_line' id='line_1_35' title="bbox 668 4526 3239 4609; baseline -0.001 -18"><span class='ocrx_word' id='word_1_303' title='bbox 668 4536 964 4609; x_wconf 88' lang='lat' dir='ltr'><strong>possuto</strong></span> <span class='ocrx_word' id='word_1_304' title='bbox 1023 4530 1249 4591; x_wconf 86' lang='lat' dir='ltr'><strong>haver</strong></span> <span class='ocrx_word' id='word_1_305' title='bbox 1295 4548 1562 4590; x_wconf 89' lang='lat' dir='ltr'><strong>ancora</strong></span> <span class='ocrx_word' id='word_1_306' title='bbox 1623 4526 1868 4609; x_wconf 85' lang='lat' dir='ltr'><strong>copia,</strong></span> <span class='ocrx_word' id='word_1_307' title='bbox 1940 4548 2055 4592; x_wconf 90' lang='lat' dir='ltr'><strong>ma</strong></span> <span class='ocrx_word' id='word_1_308' title='bbox 2115 4535 2381 4609; x_wconf 88' lang='lat' dir='ltr'><strong>quanto</strong></span> <span class='ocrx_word' id='word_1_309' title='bbox 2444 4526 2502 4590; x_wconf 89' lang='lat' dir='ltr'><strong>si</strong></span> <span class='ocrx_word' id='word_1_310' title='bbox 2549 4529 2718 4608; x_wconf 90' lang='lat' dir='ltr'><strong>puol</strong></span> <span class='ocrx_word' id='word_1_311' title='bbox 2769 4526 3099 4589; x_wconf 88' lang='lat' dir='ltr'><strong>intender</strong></span> <span class='ocrx_word' id='word_1_312' title='bbox 3162 4528 3239 4589; x_wconf 90' lang='lat' dir='ltr'><strong>di</strong></span> 
     </span>
     <span class='ocr_line' id='line_1_36' title="bbox 667 4633 3211 4717; baseline -0 -19"><span class='ocrx_word' id='word_1_313' title='bbox 667 4634 875 4698; x_wconf 84' lang='lat' dir='ltr'><strong>fuora</strong></span> <span class='ocrx_word' id='word_1_314' title='bbox 922 4634 1072 4716; x_wconf 84' lang='lat' dir='ltr'><strong>via,</strong></span> <span class='ocrx_word' id='word_1_315' title='bbox 1130 4635 1226 4698; x_wconf 92' lang='lat' dir='ltr'><strong>lui</strong></span> <span class='ocrx_word' id='word_1_316' title='bbox 1275 4636 1504 4698; x_wconf 87' lang='lat' dir='ltr'><strong>scrive</strong></span> <span class='ocrx_word' id='word_1_317' title='bbox 1550 4634 2072 4717; x_wconf 85' lang='lat' dir='ltr'><strong>maravigliarsi</strong></span> <span class='ocrx_word' id='word_1_318' title='bbox 2121 4637 2253 4699; x_wconf 89' lang='lat' dir='ltr'><strong>che</strong></span> <span class='ocrx_word' id='word_1_319' title='bbox 2304 4633 2522 4698; x_wconf 89' lang='lat' dir='ltr'><strong>Cesar</strong></span> <span class='ocrx_word' id='word_1_320' title='bbox 2569 4634 2627 4697; x_wconf 92' lang='lat' dir='ltr'><strong>si</strong></span> <span class='ocrx_word' id='word_1_321' title='bbox 2676 4636 2769 4696; x_wconf 90' lang='lat' dir='ltr'><strong>ha</strong></span> <span class='ocrx_word' id='word_1_322' title='bbox 2816 4636 3079 4697; x_wconf 89' lang='lat' dir='ltr'><strong>lassato</strong></span> <span class='ocrx_word' id='word_1_323' title='bbox 3128 4654 3211 4697; x_wconf 86' lang='lat' dir='ltr'><strong>se</strong></span> 
     </span>
     <span class='ocr_line' id='line_1_37' title="bbox 668 4739 3239 4825; baseline 0 -21"><span class='ocrx_word' id='word_1_324' title='bbox 668 4743 880 4805; x_wconf 88' lang='lat' dir='ltr'><strong>durre</strong></span> <span class='ocrx_word' id='word_1_325' title='bbox 947 4743 1040 4805; x_wconf 91' lang='lat' dir='ltr'><strong>da</strong></span> <span class='ocrx_word' id='word_1_326' title='bbox 1087 4742 1208 4804; x_wconf 90' lang='lat' dir='ltr'><strong>doi</strong></span> <span class='ocrx_word' id='word_1_327' title='bbox 1269 4742 1652 4805; x_wconf 85' lang='lat' dir='ltr'><strong>oratorculi</strong></span> <span class='ocrx_word' id='word_1_328' title='bbox 1711 4742 1831 4806; x_wconf 90' lang='lat' dir='ltr'><strong>del</strong></span> <span class='ocrx_word' id='word_1_329' title='bbox 1878 4742 2082 4825; x_wconf 83' lang='lat' dir='ltr'><strong>Papa</strong></span> <span class='ocrx_word' id='word_1_330' title='bbox 2148 4743 2391 4824; x_wconf 91' lang='lat' dir='ltr'><strong>(utitur</strong></span> <span class='ocrx_word' id='word_1_331' title='bbox 2450 4741 2633 4804; x_wconf 91' lang='lat' dir='ltr'><strong>enim</strong></span> <span class='ocrx_word' id='word_1_332' title='bbox 2700 4740 2810 4804; x_wconf 89' lang='lat' dir='ltr'><strong>his</strong></span> <span class='ocrx_word' id='word_1_333' title='bbox 2857 4739 3123 4821; x_wconf 86' lang='lat' dir='ltr'><strong>verbis)</strong></span> <span class='ocrx_word' id='word_1_334' title='bbox 3192 4762 3239 4805; x_wconf 88' lang='lat' dir='ltr'><strong>a</strong></span> 
     </span>
     <span class='ocr_line' id='line_1_38' title="bbox 670 4850 3239 4933; baseline -0 -21"><span class='ocrx_word' id='word_1_335' title='bbox 670 4852 871 4913; x_wconf 88' lang='lat' dir='ltr'><strong>voler</strong></span> <span class='ocrx_word' id='word_1_336' title='bbox 920 4850 1281 4933; x_wconf 80' lang='lat' dir='ltr'><strong>opprimet</strong></span> <span class='ocrx_word' id='word_1_337' title='bbox 1325 4860 1580 4932; x_wconf 90' lang='lat' dir='ltr'><strong>questo</strong></span> <span class='ocrx_word' id='word_1_338' title='bbox 1630 4859 1832 4914; x_wconf 90' lang='lat' dir='ltr'><strong>tanto</strong></span> <span class='ocrx_word' id='word_1_339' title='bbox 1880 4852 2092 4914; x_wconf 89' lang='lat' dir='ltr'><strong>homo</strong></span> <span class='ocrx_word' id='word_1_340' title='bbox 2142 4852 2231 4912; x_wconf 90' lang='lat' dir='ltr'><strong>de</strong></span> <span class='ocrx_word' id='word_1_341' title='bbox 2264 4850 2531 4912; x_wconf 85' lang='lat' dir='ltr'><strong>Luther</strong></span> <span class='ocrx_word' id='word_1_342' title='bbox 2578 4859 2649 4911; x_wconf 90' lang='lat' dir='ltr'><strong>et</strong></span> <span class='ocrx_word' id='word_1_343' title='bbox 2698 4850 3075 4930; x_wconf 87' lang='lat' dir='ltr'><strong>destruger</strong></span> <span class='ocrx_word' id='word_1_344' title='bbox 3108 4868 3239 4911; x_wconf 89' lang='lat' dir='ltr'><strong>sue</strong></span> 
     </span>
    </p>
   </div>
   <div class='ocr_carea' id='block_1_8' title="bbox 3523 0 3528 5709">
    <p class='ocr_par' dir='ltr' id='par_1_8' title="bbox 3523 0 3528 5709">
     <span class='ocr_line' id='line_1_39' title="bbox 3523 0 3528 5709; baseline 0 0"><span class='ocrx_word' id='word_1_345' title='bbox 3523 0 3528 5709; x_wconf 95' lang='lat' dir='ltr'><strong> </strong></span> 
     </span>
    </p>
   </div>
  </div>
 </body>
</html>
