3575 5775
1697 577 2154 636 0-<13508>-0

1864 831 1951 896 20

1069 936 1454 1018 Cuiusdam
1510 938 1818 1040 epistola
1874 940 1957 1019 de
2014 939 2251 1019 Rebus
2308 937 2768 1020 Germanicis,

1523 1070 1694 1138 (m
1732 1069 1807 1127 11.
1844 1069 1994 1143 caps.
2032 1069 2074 1126 ι
2113 1068 2181 1126 n.
2220 1069 2319 1138 ει.)

1619 1173 1687 1233 (7.
1730 1171 2007 1222 Februarii
2052 1175 2220 1233 1521.)

855 1267 1488 1330 Reverendissimo
1521 1268 1943 1351 Monsignor
1972 1268 2111 1331 mio
2142 1268 2813 1333 observandissimO.
2886 1269 3130 1351 Hoggi
3169 1271 3205 1332 e

639 1373 898 1436 intrato
962 1375 1009 1437 il
1060 1375 1435 1438 Mai-chese
1484 1375 2137 1458 Brandeburgense
2200 1379 2420 1440 molto
2488 1379 2673 1442 bene
2732 1398 2774 1438 a
2822 1377 3071 1439 ordine
3136 1389 3207 1438 et

638 1500 793 1542 cum
845 1499 986 1544 una
1031 1483 1222 1544 bella
1269 1482 1731 1564 compagnia;
1789 1485 1967 1547 hora
2015 1504 2097 1547 ce
2146 1503 2373 1548 sonno
2422 1483 2583 1546 tutti
2632 1483 2680 1545 li
2728 1484 3042 1565 electori,
3092 1505 3207 1546 ma

637 1587 865 1668 prima
927 1590 1059 1651 che
1127 1589 1222 1650 lui
1275 1588 1468 1652 fusse
1517 1600 1819 1669 venuto,
1888 1590 2005 1671 gia
2055 1601 2163 1653 tre
2211 1591 2407 1654 volte
2453 1592 2523 1652 la
2572 1590 2849 1654 Maesta
2896 1591 3205 1654 Cesarea

637 1715 794 1757 cum
830 1695 875 1756 li
910 1696 1071 1758 altri
1105 1697 1398 1759 electori
1448 1706 1518 1760 et
1566 1697 1823 1779 grandi
1873 1719 1950 1762 se
1999 1718 2219 1761 erano
2268 1697 2562 1761 adunati
2606 1698 2900 1761 insieme
2951 1708 3023 1760 et
3077 1718 3206 1780 per

636 1804 950 1866 anchora
997 1823 1137 1866 non
1189 1804 1241 1866 s’
1278 1803 1313 1866 ὲ
1363 1814 1614 1886 potuto
1663 1805 2036 1868 intendere
2081 1826 2249 1868 cosa
2280 1815 2477 1868 certa
2512 1805 2583 1866 di
2617 1807 2855 1886 quello
2890 1807 3203 1868 habbino

635 1919 1001 1990 propost0.
1098 1909 1364 1974 Tamen
1413 1931 1490 1974 se
1541 1913 1698 1975 dice
1749 1923 1943 1976 certe
1992 1933 2158 1976 cose
2208 1914 2570 1994 generale,
2622 1912 2773 1974 cioe
2824 1915 2955 1975 che
3003 1909 3075 1975 S.
3106 1911 3203 1975 M.

632 2016 683 2076 li
745 2017 840 2078 ha
901 2017 1270 2098 regratiati
1335 2019 1424 2080 de
1488 2020 1558 2081 la
1623 2020 1930 2082 electiori
1993 2022 2148 2083 loro
2204 2019 2396 2082 facta
2445 2019 2515 2081 in
2565 2038 2877 2100 persona
2924 2039 3082 2098 sua,
3134 2029 3205 2080 et

636 2125 768 2186 che
831 2144 962 2204 per
1025 2145 1168 2187 non
1223 2127 1447 2188 haver
1493 2128 1761 2190 havuto
1811 2137 2051 2208 tempo
2098 2127 2196 2188 lui
2246 2128 2334 2189 de
2385 2125 2674 2188 visitare
2721 2125 2773 2187 li
2819 2125 3067 2207 populi
3112 2125 3204 2186 de

637 2229 934 2312 Spagna
980 2231 1329 2296 facevano
1379 2253 1556 2314 gran
1607 2233 1851 2297 novitii
1902 2245 1973 2295 et
2019 2235 2151 2296 che
2198 2253 2328 2314 per
2358 2243 2609 2313 questo
2643 2241 2975 2312 respecto
3008 2231 3051 2292 Γ
3081 2252 3205 2295 era

633 2331 932 2400 forciato
994 2349 1363 2402 retornare
1411 2360 1543 2421 per
1585 2340 2066 2420 remediargli,
2117 2349 2189 2402 et
2234 2341 2367 2402 che
2418 2340 2462 2401 'l
2511 2339 2558 2402 li
2607 2359 2931 2421 pregava
2976 2339 3199 2400 voles-

635 2463 795 2506 sero
857 2443 1016 2508 finir
1071 2455 1321 2526 questa
1371 2447 1563 2510 dieta
1611 2457 1680 2509 et
1725 2447 1884 2509 fare
1932 2445 2282 2509 electione
2334 2447 2424 2508 de
2472 2465 2781 2528 persone
2826 2445 3083 2508 idonee
3134 2453 3207 2506 et

633 2551 816 2613 iuste
881 2571 1012 2632 per
1075 2573 1476 2634 governare
1538 2554 1609 2617 in
1675 2552 2003 2617 absentia
2068 2573 2197 2616 sua
2242 2554 2312 2615 la
2362 2551 2747 2615 Germania
2796 2561 2867 2614 et
2912 2551 3201 2614 admini-

633 2658 920 2738 strargli
980 2659 1280 2740 iustitia,
1349 2670 1421 2722 et
1483 2662 1618 2723 che
1679 2660 2114 2723 concordato
2172 2661 2305 2722 che
2354 2659 2397 2721 Γ
2430 2660 2735 2722 havesse
2783 2660 2849 2720 le
2898 2679 3063 2720 cose
3112 2659 3203 2720 de

635 2763 965 2846 Spagna,
1033 2765 1226 2848 dipoi
1288 2767 1486 2828 daria
1549 2767 1902 2850 principio
1966 2769 2106 2830 alla
2156 2766 2619 2849 expeditione
2670 2767 2758 2828 de
2810 2765 3042 2838 Italia:
3111 2766 3203 2827 de

633 2883 824 2936 sorte
887 2875 1018 2937 che
1083 2873 1200 2957 qui
1250 2896 1326 2938 se
1375 2883 1495 2938 ten
1544 2896 1676 2957 per
1724 2875 1951 2938 fermo
2002 2876 2133 2937 che
2180 2872 2291 2935 fra
2340 2873 2458 2935 dui
2506 2872 2683 2937 mesi
2731 2869 2879 2935 Sua
2926 2872 3201 2936 Maesta

631 2981 902 3044 andara
948 2981 1019 3043 in
1055 2982 1363 3045 Fiandra
1412 2993 1485 3045 et
1533 2985 1601 3045 al
1649 2985 1791 3046 bon
1842 2994 2083 3064 tempo
2127 3002 2204 3044 se
2238 2980 2683 3043 imbarchara
2717 3000 2849 3061 per
2882 2978 3201 3062 Spagna,

631 3098 702 3150 et
749 3090 910 3151 chel
957 3088 1062 3151 sia
1107 3110 1281 3151 vero
1331 3091 1548 3153 credo
1598 3092 1728 3153 che
1779 3089 1822 3151 Γ
1856 3091 2121 3153 andata
2169 3090 2283 3151 del
2323 3107 2501 3168 gran
2538 3086 2858 3150 Scudero
2892 3088 2965 3149 in
2996 3087 3199 3149 Fian—

630 3196 761 3257 dra
823 3215 963 3258 non
1027 3194 1220 3259 fosse
1283 3217 1414 3277 per
1461 3197 1680 3275 altr0,
1749 3217 1825 3259 se
1874 3218 2013 3260 non
2062 3216 2194 3276 per
2240 3195 2395 3258 fare
2444 3196 2576 3257 che
2626 3194 2856 3275 questi
2908 3196 3203 3257 electori

631 3303 1154 3365 accelerassero
1218 3304 1289 3365 la
1353 3303 1548 3365 dieta
1609 3316 1680 3365 et
1729 3324 1861 3384 per
1908 3304 2399 3367 demonstrare
2448 3323 2491 3365 a
2541 3300 2893 3385 Spagnoli
2942 3304 3073 3364 che
3124 3302 3197 3364 S.

627 3408 905 3469 Maesta
953 3410 1184 3471 havea
1231 3410 1670 3473 comenciato
1719 3432 1761 3471 a
1812 3412 1984 3473 dare
2032 3410 2383 3493 principio
2418 3430 2461 3472 a
2502 3409 2546 3471 Γ
2582 3419 2857 3472 armata
2902 3429 3035 3490 per
3080 3428 3198 3471 vo-

630 3516 778 3576 lere
842 3515 1147 3595 andare,
1217 3516 1372 3579 acio
1423 3538 1562 3580 non
1609 3517 1987 3580 facesseno
2036 3519 2217 3581 altre
2267 3516 2538 3588 novit-³213
2608 3516 2891 3579 alchum'
2940 3516 3197 3577 dicono

632 3624 762 3684 che
813 3622 884 3684 S.
935 3622 1212 3685 Maesta
1259 3624 1548 3688 menara
1601 3625 1676 3687 X
1724 3625 1797 3688 in
1846 3624 1997 3687 XII
2052 3624 2219 3687 mila
2271 3626 2779 3703 lancechenec,
2846 3623 2914 3685 el
2978 3626 3109 3685 che
3159 3624 3195 3685 ὲ

629 3729 992 3808 credibile,
1041 3731 1303 3811 perche
1355 3732 1396 3793 Γ
1429 3734 1611 3795 altro
1653 3732 1931 3814 giornO,
1982 3732 2283 3795 essendo
2314 3732 2382 3793 io
2414 3731 2532 3793 dal
2568 3748 2745 3810 gran
2779 3730 3197 3793 Cancellero

631 3842 808 3899 senti
859 3840 992 3900 che
1043 3858 1180 3900 uno
1233 3840 1422 3902 della
1469 3840 1668 3904 Cova
1715 3842 2052 3904 mandato
2104 3841 2218 3902 dal
2271 3838 2757 3902 Contestabile
2806 3839 2873 3899 al
2922 3858 3030 3916 re,
3096 3838 3197 3918 gli

629 3944 817 4007 disse
883 3947 1146 4007 havere
1211 3945 1402 4008 facto
1466 3947 1841 4009 intendere
1905 3949 2045 4009 alla
2100 3945 2377 4008 Maesta
2429 3944 2739 4008 Cesarea
2798 3964 2927 4025 per
2991 3956 3196 4025 parte

629 4051 819 4113 dicto
870 4052 1324 4115 Conestabile
1374 4055 1506 4115 che
1554 4055 1624 4115 la
1689 4074 1829 4117 non
1896 4054 2201 4115 andasse
2251 4072 2463 4115 senza
2510 4061 2761 4134 gente,
2810 4064 2879 4113 et
2926 4072 3005 4113 se
3054 4072 3194 4113 non

629 4160 929 4221 bastava
985 4180 1271 4222 menate
1321 4160 1669 4239 todeschi,
1719 4181 2044 4223 menasse
2092 4159 2341 4223 turchi.
2422 4158 2604 4221 Altri
2652 4158 2993 4239 vogliono
3043 4159 3196 4221 dire

627 4265 758 4327 che
807 4265 856 4326 li
906 4266 1199 4329 electori
1247 4278 1319 4329 et
1367 4266 1528 4329 altri
1578 4265 1914 4330 Germani
1963 4266 2083 4348 gia
2134 4269 2373 4329 hanno
2424 4266 2934 4329 commenciato
2966 4288 3009 4328 a
3038 4287 3189 4347 par-

629 4373 778 4433 lare
827 4373 916 4434 de
964 4375 1033 4433 la
1082 4374 1544 4455 expeditione
1593 4375 1684 4435 de
1719 4374 1960 4454 Italia,
2030 4394 2198 4436 cosa
2245 4376 2376 4436 che
2425 4372 2705 4454 poteria
2752 4394 3033 4453 essere,
3083 4394 3195 4435 ma

627 4497 768 4540 non
819 4480 888 4541 la
936 4498 1152 4559 posso
1201 4483 1517 4559 credere,
1575 4500 1704 4561 per
1753 4500 1895 4543 non
1945 4480 2207 4543 esserci
2258 4479 2506 4543 dinari.
2602 4480 2867 4542 Tamen
2915 4480 3195 4560 poteria

627 4605 865 4647 essere
915 4587 1078 4665 che,
1129 4587 1544 4651 trovandosi
1595 4588 1641 4650 li
1689 4588 1951 4669 grandi
1998 4590 2137 4650 ben
2188 4586 2489 4668 disposti
2540 4598 2609 4649 et
2658 4588 2725 4649 le
2772 4599 2961 4648 terre
3008 4586 3191 4651 fran-

627 4693 758 4754 che
807 4713 964 4755 cum
1015 4704 1229 4775 gente
1279 4705 1350 4757 et
1397 4694 1646 4773 dinari,
1698 4697 1790 4757 de
1836 4694 1885 4757 li
1934 4695 2123 4776 quali
2174 4695 2387 4757 credo
2438 4714 2526 4756 ne
2568 4693 2883 4755 habbino
2918 4696 3194 4774 grande

627 4800 968 4878 carestia,
1041 4798 1188 4863 Sua
1235 4802 1510 4865 Maesta
1582 4801 1764 4864 faria
1828 4801 2018 4864 dicta
2079 4803 2424 4881 impressi,
2492 4820 2623 4881 per
2686 4798 2797 4861 far
2843 4819 3044 4862 come
3093 4800 3191 4879 gli

626 4908 814 4971 disse
864 4912 928 4970 el
981 4910 1254 4971 duccha
1303 4910 1367 4969 (Γ
1399 4910 1612 4988 Alba,
1657 4912 1793 4972 che
1844 4908 2152 4971 volendo
2201 4926 2601 4989 governare
2650 4906 2723 4969 S.
2764 4906 2859 4969 M.
2894 4906 3192 4989 Spagna
