3575 5775
1313 563 1808 627 0-<133838>-0

423 711 537 779 ‘Io
585 735 680 780 vo
727 737 863 800 pur
907 714 1348 781 intendendo
1396 718 1528 781 che
1578 717 1776 781 molti
1825 716 1897 780 di
1946 716 2177 800 questi
2225 716 2532 801 principi
2562 716 2635 780 di
2667 716 2838 781 Ger·

301 822 816 889 mania-stanno
865 845 998 888 con
1048 825 1148 906 gli
1197 824 1400 888 occhi
1448 826 1680 907 aperti
1727 846 1770 887 a
1818 826 2081 889 vedere
2128 846 2207 888 se
2256 827 2323 887 le
2371 844 2537 888 cose
2596 824 2667 887 di
2718 824 2839 888 Ce-

302 948 436 993 sare
488 950 623 993 con
657 930 932 994 Franza
981 932 1480 1011 declinassinO,
1529 952 1660 995 con
1704 932 2043 1013 dissegno
2075 934 2207 995 che
2240 932 2525 1014 quando
2559 932 2841 995 vedano

304 1036 411 1097 che
460 1036 570 1101 sia
614 1057 746 1120 per
797 1058 1036 1101 essere
1084 1048 1434 1121 occupato
1495 1043 1551 1101 si
1619 1040 1752 1101 che
1797 1039 1841 1101 ’1
1912 1059 2051 1101 non
2119 1048 2408 1119 potesse
2462 1036 2707 1101 venire
2772 1037 2842 1100 in
2900 1041 2905 1052 '

305 1140 666 1207 Germania
713 1146 846 1207 che
893 1147 964 1208 lo
1025 1144 1671 1209 ricercharebbono
1743 1147 1835 1207 ad
1901 1147 2104 1208 voler
2166 1144 2409 1207 venire
2480 1154 2604 1208 aut
2669 1143 2847 1225 ipsis

305 1250 654 1331 resignare
690 1251 1062 1335 imperium
1112 1272 1242 1333 per
1289 1253 1630 1334 eleggere
1677 1272 1768 1316 un
1819 1253 2001 1315 altro
2051 1249 2418 1335 pigliando
2466 1270 2597 1333 per
2646 1270 2846 1313 occa·

305 1356 483 1420 sione
535 1368 605 1419 et
653 1358 1114 1421 fondamento
1163 1360 1232 1421 la
1282 1358 1720 1422 dissensione
1769 1359 1841 1420 di
1890 1358 2275 1421 Germania
2337 1366 2409 1420 et
2472 1357 2521 1420 li
2569 1356 2847 1422 tumulti

307 1471 366 1525 et
405 1465 682 1527 heresie
733 1484 824 1527 ne
870 1465 936 1527 le
987 1484 1153 1527 cose
1203 1467 1294 1528 de
1341 1467 1411 1528 la
1455 1465 1645 1546 fede,
1693 1467 1762 1529 le
1801 1466 1993 1547 quali
2038 1484 2182 1528 non
2230 1483 2472 1547 ponno
2520 1474 2710 1527 stare
2758 1463 2846 1526 ne

307 1568 545 1651 pigliar
594 1570 846 1635 ordine
895 1592 1108 1636 senza
1155 1574 1224 1636 la
1270 1592 1582 1654 persona
1629 1574 1718 1635 de
1748 1594 1890 1635 uno
1938 1573 2071 1635 che
2104 1580 2278 1654 agat
2314 1572 2845 1654 imperatorem:

307 1696 461 1739 sono
516 1676 695 1740 forsi
757 1678 1056 1741 discorsi
1127 1700 1168 1739 o
1229 1678 1472 1742 iudicii
1534 1681 1664 1743 che
1733 1678 1855 1761 poi
1904 1676 2049 1743 cosi
2118 1678 2522 1742 facilmente
2583 1695 2724 1739 non
2791 1674 2849 1737 si

307 1802 525 1863 ponno
575 1786 938 1865 exequire.

466 1889 601 1954 Gia
652 1891 906 1985 cinque
954 1892 1188 1973 giorni
1235 1891 1336 1955 fui
1386 1892 1458 1955 di
1507 1912 1742 1955 nuovo
1793 1891 2277 1956 crudelmente
2324 1892 2699 1954 molestato
2758 1889 2851 1950 da

311 2016 390 2059 un
435 1998 682 2062 dolore
731 1998 804 2061 di
850 1999 1065 2080 piede
1112 2018 1244 2081 per
1295 2019 1386 2061 un
1435 1999 1692 2081 giorno
1757 2008 1831 2062 et
1890 2017 2032 2060 una
2106 2006 2337 2067 notte;
2400 1996 2521 2078 poi
2596 1995 2690 2058 rni
2758 1996 2853 2057 ha

309 2104 574 2184 lassato,
625 2126 741 2167 ma
787 2126 1020 2188 zoppo
1069 2116 1139 2169 et
1187 2118 1659 2188 conquassato
1711 2106 1919 2173 assai.
2016 2103 2246 2186 Spero
2278 2103 2457 2185 pero
2490 2103 2851 2165 convaler-

312 2210 411 2291 mi,
457 2212 542 2275 nc
591 2212 686 2275 mi
735 2216 1174 2276 occorrendo
1242 2214 1424 2275 altro
1487 2212 1584 2275 mi
1636 2214 2112 2276 raccomando
2174 2211 2294 2273 alli
2357 2207 2478 2272 8¹³¹
2540 2208 2733 2291 piedi
2780 2206 2854 2269 di

313 2314 378 2381 S.
420 2318 538 2381 ΒΜ
601 2329 673 2383 et
720 2341 765 2382 a
810 2341 877 2383 v.
927 2340 978 2384 s,
1031 2341 1214 2401 quae
1261 2319 1670 2384 felicissirne
1718 2323 1959 2383 valeat
2073 2318 2397 2381 Viennae
2444 2304 2851 2379 XV'Octo-

315 2425 442 2487 bris
483 2426 924 2492 MDXXIV.

1511 2945 1653 3010 174.

939 3063 1211 3144 Paulus
1266 3063 1605 3144 Neideker
1663 3060 2008 3141 Clementi
2061 3059 2219 3140 VII.

1201 3209 1399 3284 (Epist.
1433 3211 1664 3283 princip.
1700 3207 1760 3266 11
1814 3207 1955 3276 ³0¹7.)

1273 3329 1380 3396 (24.
1423 3329 1674 3379 Octobris
1720 3331 1891 3391 1524.)

483 3483 900 3576 Beatissime
950 3482 1184 3562 Pater,
1235 3491 1397 3563 post
1448 3481 1708 3543 devota
1758 3481 2128 3541 beatorum
2178 3475 2437 3557 pedum
2486 3475 2751 3537 oscula.

488 3607 656 3672 Cum
721 3626 859 3689 ego
917 3604 1198 3668 humilis
1259 3624 1509 3667 servus
1557 3601 1629 3667 S.
1681 3603 1770 3666 V.
1835 3601 1953 3683 qui
2002 3599 2073 3663 in
2120 3601 2296 3661 urbe
2360 3607 2427 3660 et
2478 3603 2867 3680 conspectu

327 3715 395 3780 E.
441 3715 524 3780 V.
572 3715 645 3779 S.
698 3717 787 3778 ab
837 3712 1355 3789 adolescentia,
1419 3712 1664 3774 decem
1717 3716 1787 3772 et
1834 3699 1995 3771 octo
2046 3727 2269 3788 usque
2320 3725 2543 3770 annos
2560 3753 2577 3786 ,
2637 3704 2868 3766 causis

327 3821 388 3884 in
433 3832 661 3887 vestro
712 3821 1090 3886 Auditorio
1139 3819 1381 3882 Rotae
1429 3817 1825 3880 scribendis
1875 3825 1945 3877 et
1994 3813 2382 3876 tractandis
2396 3861 2412 3892 ,
2474 3820 2546 3874 et
2592 3809 2649 3873 si
2700 3808 2868 3892 quid

327 3927 570 3994 residui
629 3927 972 4012 temporis
1033 3925 1532 4005 facultatisque
1582 3922 2156 4005 permittebatur,
2232 3916 2599 3982 conductis
2658 3917 2868 3980 etiam

329 4036 516 4116 gravi
557 4057 720 4100 aere
760 4031 1138 4117 magistriS,
1188 4031 1396 4094 bonis
1427 4028 1680 4092 litteris
1710 4048 2002 4110 operam
2034 4027 2399 4098 dederam3
2448 4030 2871 4086 renascente

329 4154 544 4207 autem
587 4163 819 4225 nuper
863 4143 933 4204 in
985 4141 1235 4204 eadem
1283 4140 1461 4201 urbe
1510 4135 1905 4218 epidemiae
1954 4136 2105 4213 lue,
2157 4132 2306 4194 eius
2353 4131 2641 4210 timore,
2708 4130 2871 4192 loco

331 4252 703 4315 cedendum
753 4259 984 4328 ratuS,
1054 4249 1143 4310 ad
1191 4245 1402 4308 finem
1454 4243 1722 4325 Aprilis
1770 4240 2150 4304 novissime
2200 4235 2552 4316 abscessi,
2620 4255 2731 4296 me
2782 4234 2871 4298 ad

333 4359 548 4421 natale
593 4359 840 4437 solum,
890 4354 1263 4418 Civitatem
1299 4351 1566 4414 scilicet
1607 4352 1786 4413 hanc
1818 4348 2426 4425 Bambergensem
2472 4341 2545 4404 in
2579 4342 2873 4405 Germa·

333 4466 506 4528 niam
568 4465 982 4543 conferens,
1053 4460 1176 4522 ubi
1257 4470 1328 4522 et
1393 4457 1450 4520 si
1516 4457 1586 4519 in
1657 4454 1813 4519 aliis
1881 4450 2261 4516 Germanie
2330 4448 2736 4512 civitatibus
2802 4454 2876 4510 et

333 4572 530 4652 lociS,
571 4571 834 4656 passim
882 4569 1097 4651 impia
1145 4567 1517 4629 lutherana
1566 4559 1867 4645 perfidia
1913 4557 2291 4639 plurimum
2340 4553 2729 4637 grassavit,
2802 4553 2869 4616 in

337 4677 614 4744 Civitate
674 4689 909 4742 tamen
961 4677 1130 4755 hae,
1203 4683 1274 4735 et
1341 4672 1492 4734 eius
1539 4669 1777 4750 ampla
1825 4665 2129 4744 diocesi,
2200 4663 2509 4726 maxime
2570 4681 2741 4724 vero
2802 4661 2871 4722 in

337 4784 778 4850 famosissimo
850 4781 1113 4864 alioqui
1198 4781 1414 4863 opido
1487 4773 2071 4856 Nurenbergensi
2140 4769 2463 4834 mertium
2534 4767 2875 4850 emporio,

341 4892 626 4956 eiusdem
675 4889 1005 4972 diocesiS‚
1054 4907 1454 4969 exuperare
1503 4883 1805 4962 videtur,
1856 4880 1975 4942 ubi
2009 4877 2483 4942 Ecclesiarum
2530 4874 2877 4958 prepositi
