3575 5775
1309 558 1768 614 <>-<{3298>-<³

271 706 560 785 marani,
622 706 674 768 li
739 706 930 787 quali
989 706 1061 767 in
1109 706 1444 767 Antwers
1494 716 1564 767 et
1613 704 1782 767 alibi
1830 704 2351 787 favoreggiano
2402 728 2447 767 a
2492 705 2821 787 MartinO,

269 813 519 893 perche
585 814 681 874 ha
746 814 978 892 detto,
1047 814 1180 875 che
1230 812 1320 875 ne
1367 812 1664 875 heretici
1713 812 1802 875 ne
1852 812 2013 875 altri
2060 832 2136 874 se
2188 814 2518 876 debbeno
2568 816 2820 876 abbru-

267 920 459 998 sciar,
510 930 582 981 et
629 932 882 1001 questo
933 922 1064 983 che
1111 920 1181 983 io
1223 920 1476 997 scriVO,
1527 939 1745 981 ancor
1775 922 1906 982 che
1942 919 1980 981 e
2017 921 2107 981 da
2138 920 2393 999 ridere,
2442 922 2825 983 tuttavolta

269 1026 302 1087 ὲ
363 1046 534 1089 ν61·0
599 1028 732 1089 che
800 1028 846 1088 li
912 1027 1184 1089 marani
1249 1026 1296 1089 ii
1363 1026 1768 1089 defendano
1835 1037 2173 1108 quantum
2237 1038 2537 1109 possunt
2585 1029 2825 1091 verbis

265 1144 548 1196 tantum.

433 1242 544 1303 De
615 1241 655 1302 1’
685 1242 1122 1321 Alemag·na,
1190 1242 1257 1304 el
1303 1242 1728 1323 Moguntino
1777 1241 1897 1323 qui
1944 1241 2246 1324 plurima
2294 1253 2565 1324 potest,
2634 1265 2820 1306 mon-

263 1358 401 1410 stra
467 1369 602 1410 con
668 1351 915 1430 parole
979 1368 1218 1411 essere
1283 1359 1466 1410 tutto
1534 1348 1605 1410 di
1657 1346 2275 1429 NostroSignOre
2328 1350 2517 1412 della
2567 1351 2825 1413 Chiesa

262 1464 348 1547 et⁶
372 1455 444 1517 di
493 1457 764 1519 Vostra
813 1453 1150 1539 Signoria
1197 1450 1869 1535 Rev'erendissima,
1936 1475 2135 1518 come
2186 1454 2225 1517 e
2271 1465 2519 1519 tenuto
2570 1469 2641 1519 et
2696 1478 2823 1519 sua

263 1583 366 1625 res
424 1564 686 1642 agitur.
785 1564 902 1625 Ma
963 1563 1210 1625 invero
1261 1562 1300 1623 6
1348 1572 1546 1626 tanto
1615 1575 1683 1624 et
1731 1564 1971 1625 buono
2024 1574 2095 1625 et
2142 1562 2386 1625 timido
2436 1573 2509 1625 et
2556 1576 2818 1645 respet-

260 1670 398 1732 tivo
469 1671 541 1731 di
611 1672 842 1753 questi
907 1671 1070 1734 altri
1121 1670 1436 1751 Principi
1494 1681 1564 1732 et
1612 1668 2173 1733 Gentilhuomini
2224 1669 2295 1732 di
2344 1670 2575 1751 questi
2623 1673 2821 1753 paesi

253 1776 444 1856 juxta
495 1777 769 1859 patrias
819 1778 1259 1841 Cerimonias
1308 1776 1738 1840 che'invero
1786 1775 1883 1838 fin
1934 1776 2052 1858 qui
2101 1777 2143 1838 l'
2170 1778 2369 1841 harei
2418 1780 2661 1840 voluto
2704 1779 2821 1859 piu

258 1886 496 1967 caldo,
549 1906 750 1948 corne
799 1905 1010 1967 spero
1061 1884 1238 1947 forsi
1286 1886 1419 1947 che
1468 1886 1767 1966 posthac
1818 1886 1881 1945 el
1931 1882 2115 1961 fara,
2167 1904 2297 1946 nec
2348 1893 2455 1946 est
2503 1885 2845 1947 dubitari--

259 1993 414 2055 dum
466 1994 562 2055 de
597 1992 856 2054 Animo
908 2002 978 2053 et
1033 1994 1122 2054 de
1171 1992 1559 2071 voluntate,
1610 2011 1724 2053 ma
1774 1992 1862 2052 de
1913 1990 2032 2072 piu
2082 1991 2340 2052 ardore
2390 1993 2454 2053 el
2505 1994 2715 2073 quale
2749 2013 2825 2055 se

260 2099 300 2160 li
357 2109 662 2162 remette
727 2100 936 2163 etiam
985 2118 1118 2182 per
1162 2100 1429 2161 havere
1495 2117 1660 2161 seeo
1727 2118 1869 2159 una
1923 2107 2215 2161 caterva
2264 2096 2333 2158 di
2382 2096 2824 2180 Conseglieri

259 2208 761 2290 supramodum
797 2206 1206 2284 Lutherani,
1257 2206 1427 2269 dalli
1469 2205 1658 2287 quali
1712 2225 1849 2266 non
1903 2224 1979 2266 se
2027 2224 2117 2267 ne
2167 2204 2309 2287 pub
2360 2205 2647 2285 disfare,
2696 2226 2827 2287 per

259 2336 446 2377 esser
496 2314 571 2375 di
619 2313 889 2394 antiqui
937 2314 1287 2392 servitori,
1339 2323 1409 2375 et
1458 2312 1531 2375 di
1580 2312 1807 2395 primi,
1873 2321 1943 2373 et
1992 2313 2181 2392 quod
2231 2312 2432 2394 peius
2483 2321 2609 2391 est,
2660 2314 2825 2394 quia

257 2421 680 2501 profitentur
727 2442 804 2483 se
853 2440 1012 2483 esse
1060 2422 1302 2484 hostes
1355 2420 1672 2501 Lutheri,
1750 2440 1963 2501 quum
2012 2428 2247 2483 tamen
2298 2420 2488 2481 aliud
2538 2419 2825 2483 faciant.

427 2528 518 2591 El
581 2527 866 2591 fratello
932 2528 1003 2590 di
1051 2528 1514 2610 Moguntin0‚
1583 2530 1652 2589 10
1707 2528 2018 2605 Elettor,
2082 2536 2265 2589 tutto
2334 2526 2496 2589 sara
2560 2539 2823 2608 nostrO,

258 2656 450 2699 come
503 2644 858 2717 promette
908 2638 976 2697 61
1025 2635 1436 2707 Cardinale;
1488 2636 1585 2699 lui
1633 2656 1776 2697 non
1828 2634 1866 2696 ὲ
1916 2653 2180 2719 ancora
2227 2644 2490 2697 venuto
2528 2636 2620 2696 ad
2656 2634 2823 2697 Cae-

259 2764 515 2823 sarem,
587 2745 970 2807 vederemo
1035 2744 1270 2826 quello
1339 2744 1470 2805 che
1537 2743 1700 2805 sara
1759 2743 1831 2806 in
1896 2742 2129 2805 Dieta.
2242 2742 2323 2803 El
2390 2741 2719 2803 Palatino
2788 2740 2825 2801 e

258 2853 532 2930 grande
583 2852 838 2914 Amico
887 2852 1002 2915 del
1053 2850 1379 2931 Saxone,
1427 2852 1811 2915 tuttavolta
1858 2870 2077 2914 ancor
2126 2848 2165 2912 e
2215 2850 2331 2912 del
2378 2848 2845 2932 MoguntinO„

259 2973 322 3021 et
369 2981 588 3042 spero
639 2963 822 3022 bene
872 2960 942 3023 di
994 2959 1119 3040 lui,
1187 2960 1246 3022 si
1306 2979 1438 3041 per
1497 2958 1786 3041 meggio
1854 2959 1969 3020 del
2018 2959 2223 3018 Duca
2270 2957 2634 3019 Friderico
2699 2977 2825 3018 suo

257 3065 564 3149 frate110,
615 3070 679 3129 el
730 3069 894 3148 qual
943 3067 983 3128 6
1030 3076 1216 3130 stato
1265 3087 1400 3130 con
1430 3066 1690 3129 Cesare
1737 3066 1811 3126 in
1849 3064 2211 3146 Hispania,
2263 3075 2333 3125 et
2373 3063 2637 3144 judicio
2688 3084 2824 3126 om-

259 3175 442 3238 nium
495 3176 538 3237 e
589 3177 641 3238 il
686 3175 808 3257 piu
858 3177 1082 3255 gentil
1133 3193 1441 3256 segnore
1491 3184 1563 3238 et
1611 3173 1963 3254 prudente
2014 3180 2084 3234 et
2132 3173 2371 3232 buono
2403 3172 2534 3233 che
2568 3171 2650 3232 sii
2684 3190 2823 3232 non

259 3287 480 3347 solum
533 3283 605 3346 in
653 3285 1078 3365 Alemagna,
1127 3303 1243 3344 ma
1289 3302 1511 3343 ancor
1558 3283 1857 3359 altrove,
1907 3289 1976 3342 et
2025 3300 2068 3340 a
2116 3299 2225 3340 me
2273 3277 2347 3340 fa
2392 3278 2666 3359 grande
2717 3299 2822 3340 ca-

258 3410 474 3453 rezze.

429 3497 820 3562 Giovaraci
882 3517 1144 3560 ancora
1206 3498 1271 3560 61
1337 3497 1543 3558 Duca
1592 3494 2038 3576 Wolfgango
2106 3494 2387 3556 frateilo
2453 3494 2523 3555 di
2586 3515 2823 3576 sopra-

259 3605 466 3685 detti,
539 3607 601 3668 el
668 3607 834 3686 qual
883 3605 919 3666 e
969 3615 1155 3667 stato
1206 3606 1344 3666 due
1392 3603 1558 3666 anni
1607 3601 1922 3664 continui
1971 3601 2109 3664 mio
2159 3602 2481 3664 auditore
2532 3622 2575 3664 a
2622 3602 2827 3664 Paris

259 3724 325 3773 et
371 3733 522 3775 non
569 3733 1046 3775 mancaranno
1098 3711 1146 3773 li
1195 3711 1347 3774 suoi
1397 3710 1556 3772 altri
1603 3709 1891 3789 fratelli,
1940 3728 2236 3789 quorum
2286 3708 2426 3770 duo
2476 3719 2636 3770 sunt
2666 3706 2823 3789 Epi—

259 3819 476 3902 scopi,
528 3841 708 3883 unus
757 3819 1210 3902 praepositus
1258 3816 1638 3900 Aquensis,

431 3927 522 3990 El
565 3925 858 3992 Saxone
908 3927 1123 3991 credo
1173 3935 1370 3989 certo
1421 3946 1616 3988 esser
1664 3927 1903 3986 buono
1936 3923 2271 4005 Principe
2321 3945 2428 3986 ma
2484 3943 2675 3984 esser
2724 3943 2823 3984 se-

263 4037 458 4098 dotto
530 4037 623 4097 da
687 4034 839 4097 suoi
895 4033 1302 4116 consiglieri
1351 4032 1514 4095 tutti
1563 4031 1820 4095 scolari
1870 4030 1939 4092 di
1990 4031 2295 4098 Luther:
2365 4031 2657 4092 intendo
2708 4051 2823 4092 an-

263 4161 448 4222 cora,
501 4145 634 4205 che
682 4143 781 4204 lui
831 4141 870 4204 e
917 4143 1271 4223 sdegnato
1320 4159 1450 4221 per
1499 4159 1712 4202 causa
1761 4138 1834 4200 di
1881 4158 2020 4200 una
2055 4147 2251 4200 certa
2284 4137 2826 4211 commendaria‚

266 4251 450 4312 della
503 4252 712 4332 quale
760 4251 941 4312 altre
989 4250 1182 4312 volte
1227 4249 1304 4310 fu
1351 4246 1532 4310 fatto
1582 4245 1953 4308 coadiutor
2002 4265 2139 4308 uno
2190 4246 2320 4306 che
2370 4244 2444 4305 fu
2493 4264 2535 4305 a
2568 4244 2826 4316 Roma,

266 4368 330 4418 et
393 4359 454 4420 si
522 4358 668 4420 tien
736 4377 975 4420 essere
1043 4375 1171 4418 suo
1220 4357 1498 4418 occulto
1548 4352 1821 4435 figliolo
1872 4362 2076 4414 extra
2125 4349 2671 4422 matrimonium:
2742 4350 2827 4411 Et

268 4465 568 4527 essendo
633 4463 754 4546 gia
803 4485 844 4526 a
892 4465 1224 4545 Bologna
1289 4463 1379 4523 de
1442 4462 1713 4523 ritorno
1775 4480 1908 4541 per
1956 4461 2359 4538 Alemagna
2424 4466 2496 4519 et
2562 4478 2696 4519 con
2760 4459 2847 4538 la⁵

267 4571 702 4635 coadiutaria
748 4570 1120 4655 expedita,
1199 4570 1492 4633 intendo
1543 4571 1673 4630 che
1722 4567 1999 4629 interim
2065 4566 2314 4627 morite
2380 4566 2616 4646 quello
2672 4585 2824 4625 vec-

269 4677 422 4739 chio
475 4681 1084 4758 commendatore,
1153 4687 1224 4740 et
1272 4677 1403 4739 che
1453 4695 1590 4737 non
1645 4677 1975 4736 obstante
2026 4675 2092 4734 la
2141 4671 2578 4734 coadiutaria
2626 4674 2825 4733 beso-

271 4785 412 4863 gno
463 4805 688 4868 pagar
737 4787 1013 4868 grande
1063 4783 1578 4866 compositione
1641 4803 1684 4844 a
1745 4801 1885 4843 non
1952 4801 2029 4841 so
2094 4779 2204 4842 chi
2258 4779 2667 4846 Cardinale:
2739 4777 2827 4840 mi

271 4894 358 4954 ha
413 4895 608 4956 detto
677 4915 817 4956 uno
881 4892 952 4954 di
1020 4892 1173 4954 suoi
1237 4892 1394 4953 chel
1443 4891 1647 4952 Duca
1713 4910 1844 4973 per
1893 4898 2141 4972 questo
2194 4909 2331 4950 non
2384 4888 2503 4968 pol
2554 4885 2825 4968 acquie-
