3575 5775
1700 556 2195 617 0433me

665 700 1058 765 catholicae
1107 702 1263 766 orbi
1310 702 1641 768 universo
1689 706 2115 787 largiretur?
2187 706 2325 787 Qui
2372 726 2622 787 pacem
2680 708 3077 787 (parentem
3123 724 3223 768 re-

664 828 816 871 rum
865 809 1198 891 omnium)
1247 812 1547 874 nutriret
1594 834 1675 875 ac
1725 812 2042 892 foveret,
2094 813 2164 875 id
2214 814 2406 895 quod
2454 822 2532 875 ut
2576 813 2647 875 in
2697 812 2949 875 diebus
2996 813 3225 875 adhuc

664 916 923 978 nostris
984 916 1342 981 accideret
1405 940 1686 982 oramus
1755 931 1826 983 et
1873 920 2420 1003 ingemiscimus
2517 920 2889 983 Postremo
2956 918 3223 982 deside-

653 1022 840 1097 ,rium
891 1032 962 1086 et
1009 1035 1247 1087 votum
1283 1036 1600 1089 nostrum
1639 1036 1766 1089 est.
1848 1026 2209 1109 Siquidem
2253 1047 2547 1108 operam
2587 1046 2785 1090 suam
2830 1036 2903 1088 et
2930 1025 3227 1091 amicum

663 1129 868 1192 nobis
937 1130 1244 1195 animum
1307 1134 1542 1214 Ampl.
1597 1132 1684 1197 V.
1731 1133 1829 1197 R.
1886 1133 1957 1197 in
2030 1122 2575 1197 necessitatibus
2646 1133 2907 1197 nostris
2968 1130 3227 1195 offerre

663 1236 960 1319 dignata
1008 1248 1149 1303 est:
1223 1249 1298 1303 ut
1347 1240 1406 1302 si
1474 1240 1816 1322 temporis
1862 1261 2253 1324 progressu
2324 1240 2590 1322 aliquid
2638 1240 2709 1303 in
2761 1240 2999 1321 Ampl.
3046 1239 3141 1305 V.
3187 1260 3231 1301 a

660 1344 868 1409 nobis
929 1347 1240 1409 delatum
1288 1348 1510 1427 foret,
1581 1348 1927 1429 singulari
1974 1348 2332 1430 peticione
2402 1360 2473 1411 et
2520 1346 3029 1410 intercessione
3091 1366 3229 1428 pro

660 1451 886 1527 nobiS,
935 1454 1237 1534 primum
1271 1456 1364 1517 ad
1396 1452 1932 1518 Sanctissimum
1961 1454 2402 1535 Pontificem,
2448 1465 2595 1517 tum
2627 1455 2909 1517 demum
2943 1473 3228 1535 quoque

659 1560 750 1621 ad
817 1557 1358 1625 Serenissimum
1422 1562 1825 1644 Principem
1894 1562 2271 1625 Dominum
2340 1560 2721 1625 Dominum
2784 1558 3227 1623 Ludovicum

659 1666 1076 1749 Hungariae
1141 1678 1213 1730 et
1261 1669 1647 1731 Bohcmiae
1695 1670 1983 1753 Regem
2050 1690 2135 1731 ac
2184 1671 2389 1735 Dom.
2440 1680 2756 1731 nostrum
2804 1666 3227 1749 gratiosissi-

659 1794 843 1835 mum
893 1774 984 1837 ad
1035 1774 1468 1857 Ceterosque
1517 1776 1889 1858 Principes
1905 1825 1925 1858 ,
1996 1797 2295 1859 quorum
2343 1796 2481 1857 ope
2544 1774 2917 1858 negocium
2967 1774 3225 1837 Christi

657 1890 903 1962 posset
948 1883 1217 1963 augeri,
1267 1883 1731 1948 intercedere.

836 2007 1118 2088 Pragae
1168 2006 1282 2071 die
1326 2008 1623 2070 Decima
1668 2008 1933 2071 mensis
1978 2008 2409 2073 Novembris
2442 2008 2657 2071 Anno
2691 2006 2978 2070 Domini
3036 2026 3059 2068 ι
3074 2026 3227 2085 524.

1864 2456 1991 2519 179

1527 2578 1953 2683 Campegius
2009 2578 2353 2663 SadoletO.

1416 2720 1769 2790 (Nuntiat.
1810 2718 2114 2779 German.
2150 2719 2301 2779 12111.
2339 2719 2441 2791 81.)

1581 2826 1689 2894 (17.
1731 2831 2050 2879 Novembris
2094 2829 2271 2898 1524.)

838 2955 914 3018 L'
949 2955 1191 3018 ultime
1241 2954 1376 3019 mie
1425 2955 1682 3018 surono
1732 2957 1822 3018 de
1874 2955 1997 3036 IV,
2054 2956 2193 3018 alle
2244 2953 2463 3038 quali,
2514 2975 2654 3018 non
2707 2955 3011 3018 essendo
3058 2974 3216 3038 par-

649 3063 780 3126 tita
828 3066 897 3126 la
944 3073 1156 3146 posta
1189 3064 1308 3127 alli
1341 3064 1618 3146 cinque,
1668 3063 1949 3145 agiunsi
1982 3063 2095 3126 un'
2130 3065 2311 3126 altra
2342 3062 2481 3126 mia
2524 3066 2745 3126 breve
2796 3063 2925 3124 che
2958 3061 3221 3126 diceva

649 3171 698 3231 il
749 3171 1070 3252 recapito
1121 3173 1210 3232 de
1258 3173 1327 3234 le
1376 3172 1447 3233 di
1496 3171 1584 3235 V.
1635 3169 1708 3234 S.
1760 3172 1850 3233 de
1902 3171 2057 3232 XX
2108 3182 2177 3232 et
2229 3170 2457 3232 XXV
2506 3170 2624 3232 del
2678 3178 2989 3250 passam.
3084 3168 3219 3233 Poi

651 3276 708 3340 si
757 3297 932 3340 sono
981 3279 1248 3339 havute
1297 3278 1364 3338 le
1413 3296 1539 3340 sue
1587 3278 1809 3340 breve
1862 3279 1949 3339 de
2000 3277 2275 3338 XXIX
2324 3278 2391 3339 le
2438 3276 2631 3358 quali
2679 3276 3049 3358 capital-on
3096 3277 3217 3340 alli

651 3384 834 3446 XIII
883 3405 1016 3448 con
1063 3384 1532 3466 promissione
1583 3385 1653 3446 di
1699 3385 2122 3466 rispondere
2173 3386 2311 3446 alle
2340 3384 2478 3447 mie
2527 3384 2636 3447 fra
2683 3394 2792 3447 tre
2840 3383 3098 3464 giorni,
3146 3392 3219 3448 et

651 3489 794 3553 cosi
844 3492 962 3554 alli
1013 3491 1160 3554 XV
1210 3511 1385 3554 sono
1435 3511 1806 3574 comparse
1856 3492 2091 3573 quelle
2140 3490 2211 3554 di
2258 3491 2360 3554 III
2410 3501 2483 3554 et
2528 3491 2603 3553 di
2650 3499 2954 3572 quattro.
3048 3491 3217 3554 Alle

650 3597 839 3678 quali
888 3598 1116 3680 prima
1163 3600 1294 3661 che
1343 3597 1965 3680 particularmente
2023 3597 2367 3680 risponda
2430 3597 2585 3660 diro
2647 3617 2847 3660 come
2907 3597 2954 3660 ’l
3014 3596 3215 3661 Gran

649 3705 967 3768 Maestro
1018 3706 1089 3767 di
1139 3706 1430 3769 Prussia
1479 3705 1715 3789 capito
1764 3705 1884 3787 qui
1936 3705 2055 3768 alli
2102 3705 2242 3786 sei,
2307 3705 2374 3768 el
2431 3705 2596 3785 qual
2645 3702 2879 3766 subito
2928 3703 3219 3766 mandai

649 3832 692 3874 a
739 3811 1032 3876 visitare
1080 3811 1443 3875 facendoli
1511 3812 1881 3876 intendere
1952 3812 2057 3875 ch'
2116 3811 2185 3875 io
2250 3809 2673 3874 desideravo
2744 3809 3069 3891 parlarli,
3144 3819 3217 3872 et

648 3918 795 3983 cosi
842 3916 918 3980 fu
967 3939 1168 3982 meco
1217 3919 1266 3982 il
1317 3921 1384 3981 di
1435 3928 1782 4002 seguente
1846 3929 1915 3982 et
1960 3928 2128 4001 post
2192 3917 2560 4000 generalia
2624 3917 2727 4000 gli
2788 3916 3077 3980 mostrai
3146 3917 3213 3980 el

645 4026 882 4090 Breve
931 4030 1061 4090 che
1111 4025 1203 4090 mi
1251 4025 1529 4089 scrivea
1576 4027 1660 4091 N.
1711 4023 1786 4092 S.
1836 4047 2051 4108 sopra
2098 4027 2165 4089 le
2215 4045 2381 4088 cose
2429 4045 2592 4102 sue,
2649 4023 2699 4088 il
2762 4027 2926 4106 qual
2990 4025 3213 4087 molto

645 4133 746 4216 gli
796 4133 1129 4196 satisfece
1181 4142 1250 4194 et
1299 4132 1396 4213 gli
1447 4133 1820 4215 soggiunsi
1885 4133 2123 4215 quello
2188 4135 2319 4195 che
2365 4131 2459 4195 mi
2507 4151 2729 4214 parve
2778 4130 3215 4214 expediente

645 4241 719 4304 in
765 4240 929 4304 farli
977 4259 1366 4303 conoscere
1414 4250 1680 4321 quanta
1745 4261 1869 4302 era
1929 4243 2001 4303 la
2067 4239 2435 4322 benignita
2497 4238 2571 4302 di
2620 4238 2704 4302 N.
2755 4237 2828 4302 S.
2878 4259 3089 4302 verso
3140 4239 3215 4301 di

645 4347 747 4410 lui
795 4357 865 4410 et
912 4349 982 4410 la
1042 4367 1168 4410 soa
1231 4345 1582 4429 religione
1647 4356 1717 4409 et
1779 4348 1851 4409 lo
1916 4367 2157 4410 amore
2221 4347 2353 4408 che
2419 4365 2697 4428 sempre
2760 4345 2856 4406 ha
2923 4355 3213 4426 portato

647 4455 788 4517 alla
835 4453 993 4516 illm
1039 4474 1164 4516 soa
1213 4471 1380 4516 casa
1427 4452 1731 4516 dicendo
1783 4463 1965 4516 tutto
2016 4453 2252 4534 quello
2305 4454 2436 4515 che
2469 4452 2801 4515 iudicavo
2850 4471 3089 4514 essere
3138 4451 3209 4514 in

644 4561 1036 4644 proposito,
1131 4561 1385 4623 Donde
1452 4559 1724 4623 infinite
1787 4561 1979 4622 volte
2050 4558 2396 4642 ringratio
2468 4557 2541 4623 S.
2600 4557 2708 4621 St*
2776 4557 3212 4622 offerendosi

646 4669 862 4730 molto
929 4669 1069 4730 alla
1129 4666 1538 4731 obedientia
1598 4677 1670 4728 et
1733 4665 2059 4729 comandi
2123 4666 2194 4727 di
2260 4663 2332 4728 S.
2397 4666 2521 4728 Β1κὶ
2580 4674 2653 4728 et
2707 4662 2945 4728 disseli
3008 4665 3098 4726 de
3160 4663 3209 4727 li

644 4773 861 4838 Brevi
912 4773 1018 4837 ch’
1053 4773 1121 4837 io
1169 4774 1402 4837 havea
1449 4773 1569 4836 alli
1617 4773 1865 4837 arbitri
1913 4773 1983 4836 in
2033 4775 2102 4835 la
2136 4793 2350 4836 causa
2382 4793 2529 4856 soa,
2580 4771 3002 4836 offerendoli
3035 4771 3205 4855 ogni

646 4902 867 4971 opera
917 4882 1090 4963 mia3
1144 4901 1276 4968 per
1338 4883 1405 4945 el
1453 4881 1584 4944 che
1633 4881 1722 4943 mi
1772 4901 2067 4962 respose
2115 4882 2247 4944 che
2296 4901 2339 4942 a
2387 4877 2735 4942 Possonio
2782 4879 3049 4962 luogho
3098 4888 3207 4942 tra
