<?xml version="1.0" encoding="UTF-8"?>
<!DOCTYPE html PUBLIC "-//W3C//DTD XHTML 1.0 Transitional//EN"
    "http://www.w3.org/TR/xhtml1/DTD/xhtml1-transitional.dtd">
<html xmlns="http://www.w3.org/1999/xhtml" xml:lang="en" lang="en">
 <head>
  <title>
</title>
<meta http-equiv="Content-Type" content="text/html;charset=utf-8" />
  <meta name='ocr-system' content='tesseract 3.04.00' />
  <meta name='ocr-capabilities' content='ocr_page ocr_carea ocr_par ocr_line ocrx_word'/>
</head>
<body>
  <div class='ocr_page' id='page_1' title='image "./monumentareform02vatigoog_0415.png"; bbox 0 0 3575 5775; ppageno 0'>
   <div class='ocr_carea' id='block_1_1' title="bbox 1358 587 1853 653">
    <p class='ocr_par' dir='ltr' id='par_1_1' title="bbox 1358 587 1853 653">
     <span class='ocr_line' id='line_1_1' title="bbox 1358 587 1853 653; baseline -0.006 -9"><span class='ocrx_word' id='word_1_1' title='bbox 1358 587 1853 653; x_wconf 59' lang='grc' dir='ltr'>ο-43829ΕΡ-ο</span> 
     </span>
    </p>
   </div>
   <div class='ocr_carea' id='block_1_2' title="bbox 331 729 2889 1247">
    <p class='ocr_par' dir='ltr' id='par_1_2' title="bbox 331 729 2889 1247">
     <span class='ocr_line' id='line_1_2' title="bbox 331 729 2887 799; baseline 0 -4"><span class='ocrx_word' id='word_1_2' title='bbox 331 734 416 795; x_wconf 86' lang='lat' dir='ltr'><strong>ad</strong></span> <span class='ocrx_word' id='word_1_3' title='bbox 484 734 1004 799; x_wconf 82' lang='lat' dir='ltr'>correctionem</span> <span class='ocrx_word' id='word_1_4' title='bbox 1073 754 1346 798; x_wconf 89' lang='lat' dir='ltr'><strong>morum</strong></span> <span class='ocrx_word' id='word_1_5' title='bbox 1422 743 1494 798; x_wconf 93' lang='lat' dir='ltr'><strong>et</strong></span> <span class='ocrx_word' id='word_1_6' title='bbox 1563 732 2137 798; x_wconf 80' lang='lat' dir='ltr'><strong>reformationem</strong></span> <span class='ocrx_word' id='word_1_7' title='bbox 2212 733 2386 796; x_wconf 89' lang='lat' dir='ltr'><strong>cleri</strong></span> <span class='ocrx_word' id='word_1_8' title='bbox 2458 729 2887 796; x_wconf 84' lang='lat' dir='ltr'><strong>Germaniae</strong></span> 
     </span>
     <span class='ocr_line' id='line_1_3' title="bbox 331 840 2889 922; baseline 0 -19"><span class='ocrx_word' id='word_1_9' title='bbox 331 841 846 922; x_wconf 87' lang='lat' dir='ltr'><strong>pertinentibus</strong></span> <span class='ocrx_word' id='word_1_10' title='bbox 859 889 877 922; x_wconf 88' lang='lat'>‚</span> <span class='ocrx_word' id='word_1_11' title='bbox 937 862 1023 905; x_wconf 88' lang='lat' dir='ltr'><strong>ac</strong></span> <span class='ocrx_word' id='word_1_12' title='bbox 1083 840 1156 905; x_wconf 89' lang='lat' dir='ltr'><strong>in</strong></span> <span class='ocrx_word' id='word_1_13' title='bbox 1213 862 1300 907; x_wconf 91' lang='lat' dir='ltr'><strong>eo</strong></span> <span class='ocrx_word' id='word_1_14' title='bbox 1372 852 1614 906; x_wconf 89' lang='lat' dir='ltr'><strong>nostra</strong></span> <span class='ocrx_word' id='word_1_15' title='bbox 1661 842 1819 905; x_wconf 87' lang='lat' dir='ltr'><strong>vice</strong></span> <span class='ocrx_word' id='word_1_16' title='bbox 1866 850 1940 904; x_wconf 90' lang='lat' dir='ltr'><strong>et</strong></span> <span class='ocrx_word' id='word_1_17' title='bbox 1986 840 2266 904; x_wconf 90' lang='lat' dir='ltr'><strong>nomine</strong></span> <span class='ocrx_word' id='word_1_18' title='bbox 2312 842 2587 905; x_wconf 86' lang='lat' dir='ltr'><strong>honore</strong></span> <span class='ocrx_word' id='word_1_19' title='bbox 2636 840 2889 903; x_wconf 91' lang='lat' dir='ltr'><strong>eodem</strong></span> 
     </span>
     <span class='ocr_line' id='line_1_4' title="bbox 332 946 2889 1031; baseline 0.001 -23"><span class='ocrx_word' id='word_1_20' title='bbox 332 946 706 1029; x_wconf 82' lang='lat' dir='ltr'><strong>legationis</strong></span> <span class='ocrx_word' id='word_1_21' title='bbox 753 947 1242 1031; x_wconf 83' lang='lat' dir='ltr'><strong>praesidendi,</strong></span> <span class='ocrx_word' id='word_1_22' title='bbox 1292 950 1600 1031; x_wconf 88' lang='lat' dir='ltr'><strong>amplam</strong></span> <span class='ocrx_word' id='word_1_23' title='bbox 1648 958 1899 1011; x_wconf 90' lang='lat' dir='ltr'><strong>tenore</strong></span> <span class='ocrx_word' id='word_1_24' title='bbox 1945 946 2429 1031; x_wconf 88' lang='lat' dir='ltr'><strong>praesentium</strong></span> <span class='ocrx_word' id='word_1_25' title='bbox 2476 946 2889 1011; x_wconf 85' lang='lat' dir='ltr'><strong>facultatem</strong></span> 
     </span>
     <span class='ocr_line' id='line_1_5' title="bbox 333 1052 2888 1138; baseline 0.001 -23"><span class='ocrx_word' id='word_1_26' title='bbox 333 1052 532 1118; x_wconf 90' lang='lat' dir='ltr'><strong>simul</strong></span> <span class='ocrx_word' id='word_1_27' title='bbox 581 1055 1037 1119; x_wconf 86' lang='lat' dir='ltr'><strong>concedimus</strong></span> <span class='ocrx_word' id='word_1_28' title='bbox 1095 1065 1167 1119; x_wconf 89' lang='lat' dir='ltr'><strong>et</strong></span> <span class='ocrx_word' id='word_1_29' title='bbox 1212 1064 1684 1138; x_wconf 91' lang='lat' dir='ltr'><strong>potestatem;</strong></span> <span class='ocrx_word' id='word_1_30' title='bbox 1734 1054 1807 1119; x_wconf 90' lang='lat' dir='ltr'><strong>in</strong></span> <span class='ocrx_word' id='word_1_31' title='bbox 1838 1054 2268 1119; x_wconf 88' lang='lat' dir='ltr'><strong>contrarium</strong></span> <span class='ocrx_word' id='word_1_32' title='bbox 2296 1053 2723 1121; x_wconf 87' lang='lat' dir='ltr'><strong>facientibus</strong></span> <span class='ocrx_word' id='word_1_33' title='bbox 2754 1060 2888 1117; x_wconf 90' lang='lat' dir='ltr'><strong>ete.</strong></span> 
     </span>
     <span class='ocr_line' id='line_1_6' title="bbox 333 1161 1754 1247; baseline 0.003 -25"><span class='ocrx_word' id='word_1_34' title='bbox 333 1180 466 1223; x_wconf 89' lang='lat' dir='ltr'><strong>non</strong></span> <span class='ocrx_word' id='word_1_35' title='bbox 516 1161 966 1227; x_wconf 86' lang='lat' dir='ltr'><strong>obstantibus</strong></span> <span class='ocrx_word' id='word_1_36' title='bbox 1015 1161 1572 1247; x_wconf 90' lang='lat' dir='ltr'><strong>quibuscumque</strong></span> <span class='ocrx_word' id='word_1_37' title='bbox 1622 1170 1754 1227; x_wconf 81' lang='lat' dir='ltr'><strong>etc,</strong></span> 
     </span>
    </p>
   </div>
   <div class='ocr_carea' id='block_1_3' title="bbox 333 1284 2886 1475">
    <p class='ocr_par' dir='ltr' id='par_1_3' title="bbox 333 1284 2886 1475">
     <span class='ocr_line' id='line_1_7' title="bbox 501 1284 2886 1369; baseline -0.001 -20"><span class='ocrx_word' id='word_1_38' title='bbox 501 1286 785 1350; x_wconf 89' lang='lat' dir='ltr'><strong>Romae</strong></span> <span class='ocrx_word' id='word_1_39' title='bbox 849 1286 964 1349; x_wconf 90' lang='lat' dir='ltr'><strong>die</strong></span> <span class='ocrx_word' id='word_1_40' title='bbox 1022 1284 1208 1349; x_wconf 87' lang='lat' dir='ltr'><strong>XIV</strong></span> <span class='ocrx_word' id='word_1_41' title='bbox 1256 1287 1528 1369; x_wconf 86' lang='lat' dir='ltr'><strong>Aprilis</strong></span> <span class='ocrx_word' id='word_1_42' title='bbox 1589 1285 2008 1351; x_wconf 85' lang='lat' dir='ltr'>MDXXIV</span> <span class='ocrx_word' id='word_1_43' title='bbox 2075 1286 2283 1352; x_wconf 84' lang='lat' dir='ltr'><strong>Pont.</strong></span> <span class='ocrx_word' id='word_1_44' title='bbox 2384 1285 2629 1352; x_wconf 85' lang='lat' dir='ltr'><strong>Nostri</strong></span> <span class='ocrx_word' id='word_1_45' title='bbox 2697 1304 2886 1349; x_wconf 89' lang='lat' dir='ltr'><strong>anno</strong></span> 
     </span>
     <span class='ocr_line' id='line_1_8' title="bbox 333 1412 576 1475; baseline 0.004 -19"><span class='ocrx_word' id='word_1_46' title='bbox 333 1412 576 1475; x_wconf 74' lang='lat' dir='ltr'><strong>primo,</strong></span> 
     </span>
    </p>
   </div>
   <div class='ocr_carea' id='block_1_4' title="bbox 1392 1662 1804 1677">
    <p class='ocr_par' dir='ltr' id='par_1_4' title="bbox 1392 1662 1804 1677">
     <span class='ocr_line' id='line_1_9' title="bbox 1392 1662 1804 1677; baseline 0.01 -4"><span class='ocrx_word' id='word_1_47' title='bbox 1392 1662 1804 1677; x_wconf 48' lang='lat' dir='ltr'><strong>“W</strong></span> 
     </span>
    </p>
   </div>
   <div class='ocr_carea' id='block_1_5' title="bbox 1537 1959 1683 2027">
    <p class='ocr_par' dir='ltr' id='par_1_5' title="bbox 1537 1959 1683 2027">
     <span class='ocr_line' id='line_1_10' title="bbox 1537 1959 1683 2027; baseline 0.014 -2"><span class='ocrx_word' id='word_1_48' title='bbox 1537 1959 1683 2027; x_wconf 82' lang='lat'>150.</span> 
     </span>
    </p>
   </div>
   <div class='ocr_carea' id='block_1_6' title="bbox 721 2073 2497 2181">
    <p class='ocr_par' dir='ltr' id='par_1_6' title="bbox 721 2073 2497 2181">
     <span class='ocr_line' id='line_1_11' title="bbox 721 2073 2497 2181; baseline 0.001 -26"><span class='ocrx_word' id='word_1_49' title='bbox 721 2073 1244 2179; x_wconf 78' lang='lat' dir='ltr'><strong>Fragmentum</strong></span> <span class='ocrx_word' id='word_1_50' title='bbox 1300 2075 1643 2177; x_wconf 77' lang='lat' dir='ltr'><strong>epistolae</strong></span> <span class='ocrx_word' id='word_1_51' title='bbox 1700 2077 1782 2157; x_wconf 81' lang='lat' dir='ltr'><strong>de</strong></span> <span class='ocrx_word' id='word_1_52' title='bbox 1838 2076 2052 2158; x_wconf 83' lang='lat' dir='ltr'><strong>rebus</strong></span> <span class='ocrx_word' id='word_1_53' title='bbox 2107 2074 2497 2181; x_wconf 78' lang='lat' dir='ltr'><strong>Augustae.</strong></span> 
     </span>
    </p>
   </div>
   <div class='ocr_carea' id='block_1_7' title="bbox 1213 2222 2023 2411">
    <p class='ocr_par' dir='ltr' id='par_1_7' title="bbox 1213 2222 2023 2411">
     <span class='ocr_line' id='line_1_12' title="bbox 1213 2222 2023 2294; baseline 0 -11"><span class='ocrx_word' id='word_1_54' title='bbox 1213 2224 1380 2294; x_wconf 73' lang='lat' dir='ltr'><strong>(Aeto,</strong></span> <span class='ocrx_word' id='word_1_55' title='bbox 1413 2223 1849 2293; x_wconf 57' lang='lat' dir='ltr'><strong>wormatiensis</strong></span> <span class='ocrx_word' id='word_1_56' title='bbox 1883 2222 2023 2293; x_wconf 76' lang='lat'>201.)</span> 
     </span>
     <span class='ocr_line' id='line_1_13' title="bbox 1309 2341 1893 2411; baseline 0 -18"><span class='ocrx_word' id='word_1_57' title='bbox 1309 2341 1420 2411; x_wconf 83' lang='lat'><strong>(15.</strong></span> <span class='ocrx_word' id='word_1_58' title='bbox 1461 2343 1670 2409; x_wconf 86' lang='lat' dir='ltr'><strong>Aprilis</strong></span> <span class='ocrx_word' id='word_1_59' title='bbox 1713 2341 1893 2409; x_wconf 81' lang='lat'>1524.)</span> 
     </span>
    </p>
   </div>
   <div class='ocr_carea' id='block_1_8' title="bbox 498 2482 2456 2567">
    <p class='ocr_par' dir='ltr' id='par_1_8' title="bbox 498 2482 2456 2567">
     <span class='ocr_line' id='line_1_14' title="bbox 498 2482 2456 2567; baseline 0.001 -20"><span class='ocrx_word' id='word_1_60' title='bbox 498 2482 787 2549; x_wconf 87' lang='lat' dir='ltr'><strong>Domini</strong></span> <span class='ocrx_word' id='word_1_61' title='bbox 833 2484 1280 2549; x_wconf 84' lang='lat' dir='ltr'><strong>Balthazaris</strong></span> <span class='ocrx_word' id='word_1_62' title='bbox 1329 2485 1418 2549; x_wconf 88' lang='lat' dir='ltr'><strong>de</strong></span> <span class='ocrx_word' id='word_1_63' title='bbox 1467 2483 1861 2549; x_wconf 87' lang='lat' dir='ltr'><strong>Wolffstall</strong></span> <span class='ocrx_word' id='word_1_64' title='bbox 1908 2504 2093 2548; x_wconf 87' lang='lat' dir='ltr'><strong>uxor</strong></span> <span class='ocrx_word' id='word_1_65' title='bbox 2138 2482 2456 2567; x_wconf 88' lang='lat' dir='ltr'><strong>scripsit:</strong></span> 
     </span>
    </p>
   </div>
   <div class='ocr_carea' id='block_1_9' title="bbox 338 2608 2893 4190">
    <p class='ocr_par' dir='ltr' id='par_1_9' title="bbox 338 2608 2893 4190">
     <span class='ocr_line' id='line_1_15' title="bbox 501 2608 2891 2693; baseline 0 -22"><span class='ocrx_word' id='word_1_66' title='bbox 501 2609 890 2691; x_wconf 91' lang='lat' dir='ltr'><strong>Postquam</strong></span> <span class='ocrx_word' id='word_1_67' title='bbox 938 2608 1302 2693; x_wconf 90' lang='lat' dir='ltr'><strong>prefectus</strong></span> <span class='ocrx_word' id='word_1_68' title='bbox 1363 2609 1479 2675; x_wconf 89' lang='lat' dir='ltr'><strong>die</strong></span> <span class='ocrx_word' id='word_1_69' title='bbox 1543 2610 1880 2674; x_wconf 89' lang='lat' dir='ltr'><strong>Mercurii</strong></span> <span class='ocrx_word' id='word_1_70' title='bbox 1951 2611 2042 2674; x_wconf 91' lang='lat' dir='ltr'><strong>ad</strong></span> <span class='ocrx_word' id='word_1_71' title='bbox 2106 2610 2511 2692; x_wconf 82' lang='lat' dir='ltr'><strong>Augustam</strong></span> <span class='ocrx_word' id='word_1_72' title='bbox 2576 2610 2891 2674; x_wconf 88' lang='lat' dir='ltr'><strong>venisset</strong></span> 
     </span>
     <span class='ocr_line' id='line_1_16' title="bbox 339 2715 2889 2799; baseline 0.001 -23"><span class='ocrx_word' id='word_1_73' title='bbox 339 2715 648 2779; x_wconf 88' lang='lat' dir='ltr'><strong>redditae</strong></span> <span class='ocrx_word' id='word_1_74' title='bbox 694 2715 985 2779; x_wconf 88' lang='lat' dir='ltr'><strong>fuerunt</strong></span> <span class='ocrx_word' id='word_1_75' title='bbox 1031 2717 1200 2783; x_wconf 91' lang='lat' dir='ltr'><strong>mihi</strong></span> <span class='ocrx_word' id='word_1_76' title='bbox 1249 2718 1366 2781; x_wconf 89' lang='lat' dir='ltr'><strong>die</strong></span> <span class='ocrx_word' id='word_1_77' title='bbox 1413 2716 1456 2799; x_wconf 91' lang='lat' dir='ltr'>J</span> <span class='ocrx_word' id='word_1_78' title='bbox 1459 2717 1612 2781; x_wconf 87' lang='lat' dir='ltr'><strong>ovis</strong></span> <span class='ocrx_word' id='word_1_79' title='bbox 1659 2718 1841 2781; x_wconf 89' lang='lat' dir='ltr'><strong>hora</strong></span> <span class='ocrx_word' id='word_1_80' title='bbox 1887 2718 2091 2780; x_wconf 90' lang='lat' dir='ltr'><strong>tarda</strong></span> <span class='ocrx_word' id='word_1_81' title='bbox 2136 2715 2373 2780; x_wconf 89' lang='lat' dir='ltr'><strong>littere</strong></span> <span class='ocrx_word' id='word_1_82' title='bbox 2438 2715 2755 2779; x_wconf 89' lang='lat' dir='ltr'><strong>eiusdem</strong></span> <span class='ocrx_word' id='word_1_83' title='bbox 2816 2716 2889 2779; x_wconf 91' lang='lat' dir='ltr'><strong>in</strong></span> 
     </span>
     <span class='ocr_line' id='line_1_17' title="bbox 341 2821 2889 2912; baseline 0.002 -28"><span class='ocrx_word' id='word_1_84' title='bbox 341 2822 580 2904; x_wconf 86' lang='lat' dir='ltr'><strong>quibus</strong></span> <span class='ocrx_word' id='word_1_85' title='bbox 627 2822 940 2906; x_wconf 88' lang='lat' dir='ltr'><strong>scripsit:</strong></span> <span class='ocrx_word' id='word_1_86' title='bbox 991 2823 1375 2907; x_wconf 87' lang='lat' dir='ltr'><strong>Postquam</strong></span> <span class='ocrx_word' id='word_1_87' title='bbox 1407 2824 1562 2912; x_wconf 87' lang='lat' dir='ltr'><strong>ipse</strong></span> <span class='ocrx_word' id='word_1_88' title='bbox 1597 2824 1789 2889; x_wconf 88' lang='lat' dir='ltr'><strong>dicto</strong></span> <span class='ocrx_word' id='word_1_89' title='bbox 1834 2824 1949 2887; x_wconf 88' lang='lat' dir='ltr'><strong>die</strong></span> <span class='ocrx_word' id='word_1_90' title='bbox 1983 2825 2074 2887; x_wconf 87' lang='lat' dir='ltr'><strong>ad</strong></span> <span class='ocrx_word' id='word_1_91' title='bbox 2106 2824 2508 2907; x_wconf 81' lang='lat' dir='ltr'><strong>Augustam</strong></span> <span class='ocrx_word' id='word_1_92' title='bbox 2556 2821 2889 2906; x_wconf 84' lang='lat' dir='ltr'><strong>venisset,</strong></span> 
     </span>
     <span class='ocr_line' id='line_1_18' title="bbox 339 2927 2891 3014; baseline 0.002 -24"><span class='ocrx_word' id='word_1_93' title='bbox 339 2927 715 2994; x_wconf 88' lang='lat' dir='ltr'><strong>invenisset</strong></span> <span class='ocrx_word' id='word_1_94' title='bbox 778 2930 852 2994; x_wconf 91' lang='lat' dir='ltr'><strong>in</strong></span> <span class='ocrx_word' id='word_1_95' title='bbox 898 2929 1224 2994; x_wconf 88' lang='lat' dir='ltr'><strong>Ecclesia</strong></span> <span class='ocrx_word' id='word_1_96' title='bbox 1281 2931 1509 2995; x_wconf 88' lang='lat' dir='ltr'><strong>Beate</strong></span> <span class='ocrx_word' id='word_1_97' title='bbox 1570 2931 1801 2995; x_wconf 88' lang='lat' dir='ltr'><strong>Marie</strong></span> <span class='ocrx_word' id='word_1_98' title='bbox 1867 2931 2348 3014; x_wconf 86' lang='lat' dir='ltr'><strong>Augustensis</strong></span> <span class='ocrx_word' id='word_1_99' title='bbox 2414 2939 2486 2993; x_wconf 92' lang='lat' dir='ltr'><strong>et</strong></span> <span class='ocrx_word' id='word_1_100' title='bbox 2548 2930 2891 2994; x_wconf 90' lang='lat' dir='ltr'><strong>cimiterio</strong></span> 
     </span>
     <span class='ocr_line' id='line_1_19' title="bbox 342 3035 2889 3122; baseline -0 -21"><span class='ocrx_word' id='word_1_101' title='bbox 342 3035 640 3102; x_wconf 86' lang='lat' dir='ltr'><strong>eiusdem</strong></span> <span class='ocrx_word' id='word_1_102' title='bbox 706 3036 1227 3101; x_wconf 89' lang='lat' dir='ltr'><strong>multitudinem</strong></span> <span class='ocrx_word' id='word_1_103' title='bbox 1293 3039 1541 3122; x_wconf 88' lang='lat' dir='ltr'><strong>populi</strong></span> <span class='ocrx_word' id='word_1_104' title='bbox 1611 3039 1923 3102; x_wconf 85' lang='lat' dir='ltr'><strong>virorum</strong></span> <span class='ocrx_word' id='word_1_105' title='bbox 1990 3048 2061 3100; x_wconf 89' lang='lat' dir='ltr'><strong>et</strong></span> <span class='ocrx_word' id='word_1_106' title='bbox 2124 3037 2495 3102; x_wconf 87' lang='lat' dir='ltr'><strong>mulierum</strong></span> <span class='ocrx_word' id='word_1_107' title='bbox 2562 3048 2633 3102; x_wconf 90' lang='lat' dir='ltr'><strong>et</strong></span> <span class='ocrx_word' id='word_1_108' title='bbox 2698 3039 2889 3119; x_wconf 89' lang='lat' dir='ltr'><strong>apud</strong></span> 
     </span>
     <span class='ocr_line' id='line_1_20' title="bbox 342 3143 2890 3232; baseline 0 -26"><span class='ocrx_word' id='word_1_109' title='bbox 342 3143 486 3208; x_wconf 88' lang='lat' dir='ltr'><strong>illos</strong></span> <span class='ocrx_word' id='word_1_110' title='bbox 515 3155 795 3232; x_wconf 89' lang='lat' dir='ltr'><strong>septem</strong></span> <span class='ocrx_word' id='word_1_111' title='bbox 826 3144 1142 3227; x_wconf 88' lang='lat' dir='ltr'><strong>pictores</strong></span> <span class='ocrx_word' id='word_1_112' title='bbox 1175 3165 1332 3208; x_wconf 91' lang='lat' dir='ltr'><strong>cum</strong></span> <span class='ocrx_word' id='word_1_113' title='bbox 1378 3145 1682 3210; x_wconf 88' lang='lat' dir='ltr'><strong>madidis</strong></span> <span class='ocrx_word' id='word_1_114' title='bbox 1728 3144 2052 3230; x_wconf 86' lang='lat' dir='ltr'><strong>spongiis</strong></span> <span class='ocrx_word' id='word_1_115' title='bbox 2084 3145 2205 3227; x_wconf 88' lang='lat' dir='ltr'><strong>qui</strong></span> <span class='ocrx_word' id='word_1_116' title='bbox 2233 3144 2583 3226; x_wconf 88' lang='lat' dir='ltr'><strong>imagines</strong></span> <span class='ocrx_word' id='word_1_117' title='bbox 2629 3146 2890 3208; x_wconf 88' lang='lat' dir='ltr'><strong>beatae</strong></span> 
     </span>
     <span class='ocr_line' id='line_1_21' title="bbox 339 3249 2888 3334; baseline 0 -21"><span class='ocrx_word' id='word_1_118' title='bbox 339 3249 594 3318; x_wconf 86' lang='lat' dir='ltr'><strong>Mariae</strong></span> <span class='ocrx_word' id='word_1_119' title='bbox 663 3251 986 3334; x_wconf 87' lang='lat' dir='ltr'><strong>Virginis</strong></span> <span class='ocrx_word' id='word_1_120' title='bbox 1053 3261 1127 3315; x_wconf 90' lang='lat' dir='ltr'><strong>et</strong></span> <span class='ocrx_word' id='word_1_121' title='bbox 1189 3251 1612 3315; x_wconf 88' lang='lat' dir='ltr'><strong>Sanctorum</strong></span> <span class='ocrx_word' id='word_1_122' title='bbox 1678 3253 2096 3315; x_wconf 88' lang='lat' dir='ltr'><strong>deleverunt</strong></span> <span class='ocrx_word' id='word_1_123' title='bbox 2178 3272 2400 3334; x_wconf 87' lang='lat' dir='ltr'><strong>usque</strong></span> <span class='ocrx_word' id='word_1_124' title='bbox 2486 3252 2577 3314; x_wconf 89' lang='lat' dir='ltr'><strong>ad</strong></span> <span class='ocrx_word' id='word_1_125' title='bbox 2657 3260 2888 3314; x_wconf 90' lang='lat' dir='ltr'><strong>certas</strong></span> 
     </span>
     <span class='ocr_line' id='line_1_22' title="bbox 338 3356 2887 3444; baseline 0.001 -26"><span class='ocrx_word' id='word_1_126' title='bbox 338 3356 674 3440; x_wconf 87' lang='lat' dir='ltr'><strong>imagines</strong></span> <span class='ocrx_word' id='word_1_127' title='bbox 723 3356 1094 3439; x_wconf 82' lang='lat' dir='ltr'><strong>Crucifixi,</strong></span> <span class='ocrx_word' id='word_1_128' title='bbox 1143 3361 1271 3422; x_wconf 92' lang='lat' dir='ltr'><strong>sed</strong></span> <span class='ocrx_word' id='word_1_129' title='bbox 1331 3360 1406 3424; x_wconf 90' lang='lat' dir='ltr'><strong>in</strong></span> <span class='ocrx_word' id='word_1_130' title='bbox 1471 3368 1681 3423; x_wconf 90' lang='lat' dir='ltr'><strong>nocte</strong></span> <span class='ocrx_word' id='word_1_131' title='bbox 1738 3359 2065 3441; x_wconf 88' lang='lat' dir='ltr'><strong>sequenti</strong></span> <span class='ocrx_word' id='word_1_132' title='bbox 2126 3359 2475 3444; x_wconf 88' lang='lat' dir='ltr'><strong>imagines</strong></span> <span class='ocrx_word' id='word_1_133' title='bbox 2554 3356 2887 3421; x_wconf 84' lang='lat' dir='ltr'><strong>Crucifixi</strong></span> 
     </span>
     <span class='ocr_line' id='line_1_23' title="bbox 341 3464 2893 3550; baseline 0.001 -23"><span class='ocrx_word' id='word_1_134' title='bbox 341 3465 779 3546; x_wconf 90' lang='lat' dir='ltr'><strong>spurcissimo</strong></span> <span class='ocrx_word' id='word_1_135' title='bbox 843 3474 915 3528; x_wconf 89' lang='lat' dir='ltr'><strong>et</strong></span> <span class='ocrx_word' id='word_1_136' title='bbox 978 3464 1147 3528; x_wconf 89' lang='lat' dir='ltr'><strong>fedo</strong></span> <span class='ocrx_word' id='word_1_137' title='bbox 1211 3467 1558 3550; x_wconf 89' lang='lat' dir='ltr'><strong>sanguine</strong></span> <span class='ocrx_word' id='word_1_138' title='bbox 1625 3475 2086 3548; x_wconf 89' lang='lat' dir='ltr'><strong>asperserunt</strong></span> <span class='ocrx_word' id='word_1_139' title='bbox 2151 3475 2221 3529; x_wconf 89' lang='lat' dir='ltr'><strong>et</strong></span> <span class='ocrx_word' id='word_1_140' title='bbox 2293 3465 2754 3546; x_wconf 85' lang='lat' dir='ltr'><strong>defedarunt‚</strong></span> <span class='ocrx_word' id='word_1_141' title='bbox 2820 3475 2893 3530; x_wconf 89' lang='lat' dir='ltr'><strong>et</strong></span> 
     </span>
     <span class='ocr_line' id='line_1_24' title="bbox 347 3570 2888 3656; baseline 0 -25"><span class='ocrx_word' id='word_1_142' title='bbox 347 3570 609 3634; x_wconf 90' lang='lat' dir='ltr'><strong>cuidam</strong></span> <span class='ocrx_word' id='word_1_143' title='bbox 658 3581 894 3636; x_wconf 87' lang='lat' dir='ltr'><strong>statue</strong></span> <span class='ocrx_word' id='word_1_144' title='bbox 939 3574 1153 3635; x_wconf 89' lang='lat' dir='ltr'><strong>beate</strong></span> <span class='ocrx_word' id='word_1_145' title='bbox 1201 3571 1429 3637; x_wconf 90' lang='lat' dir='ltr'><strong>Marie</strong></span> <span class='ocrx_word' id='word_1_146' title='bbox 1477 3572 1776 3656; x_wconf 88' lang='lat' dir='ltr'><strong>virginis</strong></span> <span class='ocrx_word' id='word_1_147' title='bbox 1828 3591 2159 3636; x_wconf 88' lang='lat' dir='ltr'><strong>coronam</strong></span> <span class='ocrx_word' id='word_1_148' title='bbox 2208 3571 2424 3654; x_wconf 89' lang='lat' dir='ltr'><strong>capiti</strong></span> <span class='ocrx_word' id='word_1_149' title='bbox 2473 3572 2622 3635; x_wconf 89' lang='lat' dir='ltr'><strong>eius</strong></span> <span class='ocrx_word' id='word_1_150' title='bbox 2671 3572 2888 3655; x_wconf 90' lang='lat' dir='ltr'><strong>impo-</strong></span> 
     </span>
     <span class='ocr_line' id='line_1_25' title="bbox 345 3676 2889 3765; baseline 0.002 -26"><span class='ocrx_word' id='word_1_151' title='bbox 345 3676 536 3740; x_wconf 87' lang='lat' dir='ltr'><strong>sitam</strong></span> <span class='ocrx_word' id='word_1_152' title='bbox 582 3680 1067 3761; x_wconf 80' lang='lat' dir='ltr'><strong>deponenteS‚</strong></span> <span class='ocrx_word' id='word_1_153' title='bbox 1133 3678 1365 3742; x_wconf 87' lang='lat' dir='ltr'><strong>eidem</strong></span> <span class='ocrx_word' id='word_1_154' title='bbox 1425 3679 1640 3762; x_wconf 88' lang='lat' dir='ltr'><strong>capiti</strong></span> <span class='ocrx_word' id='word_1_155' title='bbox 1697 3679 1866 3742; x_wconf 88' lang='lat' dir='ltr'><strong>feda</strong></span> <span class='ocrx_word' id='word_1_156' title='bbox 1922 3688 2241 3742; x_wconf 88' lang='lat' dir='ltr'><strong>stercora</strong></span> <span class='ocrx_word' id='word_1_157' title='bbox 2300 3678 2889 3765; x_wconf 87' lang='lat' dir='ltr'><strong>reimposuerunt.</strong></span> 
     </span>
     <span class='ocr_line' id='line_1_26' title="bbox 348 3783 2889 3870; baseline 0 -23"><span class='ocrx_word' id='word_1_158' title='bbox 348 3783 664 3867; x_wconf 88' lang='lat' dir='ltr'><strong>Unquam</strong></span> <span class='ocrx_word' id='word_1_159' title='bbox 714 3787 967 3854; x_wconf 90' lang='lat' dir='ltr'><strong>diebus</strong></span> <span class='ocrx_word' id='word_1_160' title='bbox 1015 3786 1158 3851; x_wconf 85' lang='lat' dir='ltr'><strong>vite</strong></span> <span class='ocrx_word' id='word_1_161' title='bbox 1206 3807 1364 3850; x_wconf 86' lang='lat' dir='ltr'><strong>mee</strong></span> <span class='ocrx_word' id='word_1_162' title='bbox 1413 3807 1506 3850; x_wconf 84' lang='lat' dir='ltr'><strong>ex</strong></span> <span class='ocrx_word' id='word_1_163' title='bbox 1553 3787 1794 3869; x_wconf 91' lang='lat' dir='ltr'><strong>aliqua</strong></span> <span class='ocrx_word' id='word_1_164' title='bbox 1840 3807 1919 3850; x_wconf 89' lang='lat' dir='ltr'><strong>re</strong></span> <span class='ocrx_word' id='word_1_165' title='bbox 1967 3786 2195 3870; x_wconf 86' lang='lat' dir='ltr'><strong>magis</strong></span> <span class='ocrx_word' id='word_1_166' title='bbox 2244 3789 2529 3850; x_wconf 90' lang='lat' dir='ltr'><strong>turbata</strong></span> <span class='ocrx_word' id='word_1_167' title='bbox 2592 3785 2717 3850; x_wconf 84' lang='lat' dir='ltr'><strong>fui.</strong></span> <span class='ocrx_word' id='word_1_168' title='bbox 2812 3785 2889 3850; x_wconf 89' lang='lat' dir='ltr'><strong>Si</strong></span> 
     </span>
     <span class='ocr_line' id='line_1_27' title="bbox 347 3890 2887 3977; baseline -0.001 -19"><span class='ocrx_word' id='word_1_169' title='bbox 347 3890 541 3958; x_wconf 78' lang='lat' dir='ltr'><strong>solito</strong></span> <span class='ocrx_word' id='word_1_170' title='bbox 596 3893 980 3976; x_wconf 87' lang='lat' dir='ltr'><strong>gloriosam</strong></span> <span class='ocrx_word' id='word_1_171' title='bbox 1028 3893 1401 3977; x_wconf 86' lang='lat' dir='ltr'><strong>Virginem</strong></span> <span class='ocrx_word' id='word_1_172' title='bbox 1450 3893 1729 3975; x_wconf 83' lang='lat' dir='ltr'><strong>amatis,</strong></span> <span class='ocrx_word' id='word_1_173' title='bbox 1798 3893 1944 3957; x_wconf 92' lang='lat' dir='ltr'><strong>scio</strong></span> <span class='ocrx_word' id='word_1_174' title='bbox 1991 3914 2123 3959; x_wconf 88' lang='lat' dir='ltr'><strong>vos</strong></span> <span class='ocrx_word' id='word_1_175' title='bbox 2171 3893 2542 3957; x_wconf 90' lang='lat' dir='ltr'><strong>cordiatim</strong></span> <span class='ocrx_word' id='word_1_176' title='bbox 2611 3913 2703 3955; x_wconf 83' lang='lat' dir='ltr'><strong>ex</strong></span> <span class='ocrx_word' id='word_1_177' title='bbox 2750 3894 2887 3956; x_wconf 90' lang='lat' dir='ltr'><strong>hoc</strong></span> 
     </span>
     <span class='ocr_line' id='line_1_28' title="bbox 348 3997 2885 4083; baseline 0.003 -25"><span class='ocrx_word' id='word_1_178' title='bbox 348 3998 598 4065; x_wconf 85' lang='lat' dir='ltr'><strong>dolere.</strong></span> <span class='ocrx_word' id='word_1_179' title='bbox 677 3997 740 4064; x_wconf 92' lang='grc' dir='ltr'>Ο</span> <span class='ocrx_word' id='word_1_180' title='bbox 771 4001 968 4064; x_wconf 88' lang='lat' dir='ltr'><strong>Deus</strong></span> <span class='ocrx_word' id='word_1_181' title='bbox 1002 3999 1450 4083; x_wconf 88' lang='lat' dir='ltr'><strong>omnipotens</strong></span> <span class='ocrx_word' id='word_1_182' title='bbox 1499 4000 1808 4064; x_wconf 87' lang='lat' dir='ltr'><strong>defende</strong></span> <span class='ocrx_word' id='word_1_183' title='bbox 1840 4001 2293 4064; x_wconf 88' lang='lat' dir='ltr'><strong>benedictam</strong></span> <span class='ocrx_word' id='word_1_184' title='bbox 2322 3999 2625 4064; x_wconf 90' lang='lat' dir='ltr'><strong>Matrem</strong></span> <span class='ocrx_word' id='word_1_185' title='bbox 2674 4008 2885 4066; x_wconf 88' lang='lat' dir='ltr'><strong>tuam.</strong></span> 
     </span>
     <span class='ocr_line' id='line_1_29' title="bbox 349 4103 2253 4190; baseline 0.003 -25"><span class='ocrx_word' id='word_1_186' title='bbox 349 4103 596 4172; x_wconf 90' lang='lat' dir='ltr'><strong>Datum</strong></span> <span class='ocrx_word' id='word_1_187' title='bbox 638 4106 712 4173; x_wconf 83' lang='lat' dir='ltr'><strong>in</strong></span> <span class='ocrx_word' id='word_1_188' title='bbox 757 4107 1037 4172; x_wconf 91' lang='lat' dir='ltr'><strong>Worde</strong></span> <span class='ocrx_word' id='word_1_189' title='bbox 1085 4106 1200 4171; x_wconf 92' lang='lat' dir='ltr'><strong>die</strong></span> <span class='ocrx_word' id='word_1_190' title='bbox 1246 4107 1554 4175; x_wconf 89' lang='lat' dir='ltr'><strong>Veneris</strong></span> <span class='ocrx_word' id='word_1_191' title='bbox 1611 4128 1684 4187; x_wconf 86' lang='lat'><strong>15</strong></span> <span class='ocrx_word' id='word_1_192' title='bbox 1736 4107 2009 4190; x_wconf 86' lang='lat' dir='ltr'><strong>Aprilis</strong></span> <span class='ocrx_word' id='word_1_193' title='bbox 2066 4129 2253 4190; x_wconf 85' lang='lat'><strong>1524.</strong></span> 
     </span>
    </p>
   </div>
   <div class='ocr_carea' id='block_1_10' title="bbox 1395 4421 1810 4434">
    <p class='ocr_par' dir='ltr' id='par_1_10' title="bbox 1395 4421 1810 4434">
     <span class='ocr_line' id='line_1_30' title="bbox 1395 4421 1810 4434; baseline -0.002 0"><span class='ocrx_word' id='word_1_194' title='bbox 1395 4421 1810 4434; x_wconf 60' lang='grc' dir='ltr'><strong>ΜΝΜ</strong></span> 
     </span>
    </p>
   </div>
  </div>
 </body>
</html>
