<?xml version="1.0" encoding="UTF-8"?>
<!DOCTYPE html PUBLIC "-//W3C//DTD XHTML 1.0 Transitional//EN"
    "http://www.w3.org/TR/xhtml1/DTD/xhtml1-transitional.dtd">
<html xmlns="http://www.w3.org/1999/xhtml" xml:lang="en" lang="en">
 <head>
  <title>
</title>
<meta http-equiv="Content-Type" content="text/html;charset=utf-8" />
  <meta name='ocr-system' content='tesseract 3.04.00' />
  <meta name='ocr-capabilities' content='ocr_page ocr_carea ocr_par ocr_line ocrx_word'/>
</head>
<body>
  <div class='ocr_page' id='page_1' title='image "./monumentareform02vatigoog_0153.png"; bbox 0 0 3575 5775; ppageno 0'>
   <div class='ocr_carea' id='block_1_1' title="bbox 1341 561 1837 622">
    <p class='ocr_par' dir='ltr' id='par_1_1' title="bbox 1341 561 1837 622">
     <span class='ocr_line' id='line_1_1' title="bbox 1341 561 1837 622; baseline -0.008 0"><span class='ocrx_word' id='word_1_1' title='bbox 1341 561 1837 622; x_wconf 66' lang='lat' dir='ltr'><strong>0-&lt;3105G&gt;-0</strong></span> 
     </span>
    </p>
   </div>
   <div class='ocr_carea' id='block_1_2' title="bbox 325 703 2878 1117">
    <p class='ocr_par' dir='ltr' id='par_1_2' title="bbox 325 703 2878 1117">
     <span class='ocr_line' id='line_1_2' title="bbox 325 703 2877 796; baseline -0.003 -20"><span class='ocrx_word' id='word_1_2' title='bbox 325 735 440 796; x_wconf 85' lang='lat' dir='ltr'>per</span> <span class='ocrx_word' id='word_1_3' title='bbox 482 713 593 778; x_wconf 87' lang='lat' dir='ltr'>un&#39;</span> <span class='ocrx_word' id='word_1_4' title='bbox 645 714 862 795; x_wconf 86' lang='lat' dir='ltr'>altra,</span> <span class='ocrx_word' id='word_1_5' title='bbox 935 712 1047 775; x_wconf 87' lang='lat' dir='ltr'>chi</span> <span class='ocrx_word' id='word_1_6' title='bbox 1100 721 1350 794; x_wconf 87' lang='lat' dir='ltr'>aperte</span> <span class='ocrx_word' id='word_1_7' title='bbox 1401 721 1473 774; x_wconf 88' lang='lat' dir='ltr'>et</span> <span class='ocrx_word' id='word_1_8' title='bbox 1521 711 1633 774; x_wconf 88' lang='lat' dir='ltr'>chi</span> <span class='ocrx_word' id='word_1_9' title='bbox 1682 713 1817 774; x_wconf 88' lang='lat' dir='ltr'>sub</span> <span class='ocrx_word' id='word_1_10' title='bbox 1865 717 2201 791; x_wconf 85' lang='lat' dir='ltr'>pretextu</span> <span class='ocrx_word' id='word_1_11' title='bbox 2250 703 2441 772; x_wconf 88' lang='lat' dir='ltr'>boni.</span> <span class='ocrx_word' id='word_1_12' title='bbox 2538 705 2685 770; x_wconf 83' lang='lat' dir='ltr'>Sed</span> <span class='ocrx_word' id='word_1_13' title='bbox 2734 726 2877 768; x_wconf 89' lang='lat' dir='ltr'>non</span> 
     </span>
     <span class='ocr_line' id='line_1_3' title="bbox 325 811 2878 902; baseline -0.004 -18"><span class='ocrx_word' id='word_1_14' title='bbox 325 841 592 902; x_wconf 87' lang='lat' dir='ltr'>possum</span> <span class='ocrx_word' id='word_1_15' title='bbox 627 833 780 882; x_wconf 89' lang='lat' dir='ltr'>tute</span> <span class='ocrx_word' id='word_1_16' title='bbox 828 819 1066 884; x_wconf 91' lang='lat' dir='ltr'>omnia</span> <span class='ocrx_word' id='word_1_17' title='bbox 1112 819 1448 886; x_wconf 85' lang='lat' dir='ltr'>scribere.</span> <span class='ocrx_word' id='word_1_18' title='bbox 1521 817 1729 882; x_wconf 81' lang='lat' dir='ltr'>Felix</span> <span class='ocrx_word' id='word_1_19' title='bbox 1778 817 1973 880; x_wconf 87' lang='lat' dir='ltr'>vivat</span> <span class='ocrx_word' id='word_1_20' title='bbox 2005 825 2077 879; x_wconf 91' lang='lat' dir='ltr'>et</span> <span class='ocrx_word' id='word_1_21' title='bbox 2110 817 2349 878; x_wconf 89' lang='lat' dir='ltr'>valeat</span> <span class='ocrx_word' id='word_1_22' title='bbox 2379 811 2878 876; x_wconf 82' lang='lat' dir='ltr'>Sanctissimus</span> 
     </span>
     <span class='ocr_line' id='line_1_4' title="bbox 327 922 2877 1004; baseline -0.005 -12"><span class='ocrx_word' id='word_1_23' title='bbox 327 929 402 992; x_wconf 88' lang='lat' dir='ltr'>D.</span> <span class='ocrx_word' id='word_1_24' title='bbox 447 927 528 990; x_wconf 86' lang='lat' dir='ltr'>N.</span> <span class='ocrx_word' id='word_1_25' title='bbox 577 939 652 990; x_wconf 90' lang='lat' dir='ltr'>et</span> <span class='ocrx_word' id='word_1_26' title='bbox 697 927 1293 992; x_wconf 87' lang='lat' dir='ltr'>reverendissima</span> <span class='ocrx_word' id='word_1_27' title='bbox 1341 925 1726 990; x_wconf 81' lang='lat' dir='ltr'><strong>dominatio</strong></span> <span class='ocrx_word' id='word_1_28' title='bbox 1775 933 2055 1004; x_wconf 88' lang='lat' dir='ltr'>vestra,</span> <span class='ocrx_word' id='word_1_29' title='bbox 2114 941 2413 1004; x_wconf 87' lang='lat' dir='ltr'>quorum</span> <span class='ocrx_word' id='word_1_30' title='bbox 2459 922 2683 1002; x_wconf 87' lang='lat' dir='ltr'>pedes</span> <span class='ocrx_word' id='word_1_31' title='bbox 2736 939 2877 982; x_wconf 90' lang='lat' dir='ltr'>ma-</span> 
     </span>
     <span class='ocr_line' id='line_1_5' title="bbox 326 1033 1590 1117; baseline 0.002 -20"><span class='ocrx_word' id='word_1_32' title='bbox 326 1055 579 1117; x_wconf 89' lang='lat' dir='ltr'>nusque</span> <span class='ocrx_word' id='word_1_33' title='bbox 629 1036 1028 1098; x_wconf 83' lang='lat' dir='ltr'>deosculor.</span> <span class='ocrx_word' id='word_1_34' title='bbox 1123 1033 1590 1099; x_wconf 90' lang='lat' dir='ltr'>Wormatiae.</span> 
     </span>
    </p>
   </div>
   <div class='ocr_carea' id='block_1_3' title="bbox 1381 1229 1791 1242">
    <p class='ocr_par' dir='ltr' id='par_1_3' title="bbox 1381 1229 1791 1242">
     <span class='ocr_line' id='line_1_6' title="bbox 1381 1229 1791 1242; baseline 0 -2"><span class='ocrx_word' id='word_1_35' title='bbox 1381 1230 1504 1242; x_wconf 46' lang='lat' dir='ltr'>We</span> <span class='ocrx_word' id='word_1_36' title='bbox 1545 1231 1654 1238; x_wconf 63' lang='lat' dir='ltr'>-ae---—</span> <span class='ocrx_word' id='word_1_37' title='bbox 1703 1229 1791 1240; x_wconf 65' lang='grc' dir='ltr'>-ΛΜ</span> 
     </span>
    </p>
   </div>
   <div class='ocr_carea' id='block_1_4' title="bbox 1540 1497 1647 1563">
    <p class='ocr_par' dir='ltr' id='par_1_4' title="bbox 1540 1497 1647 1563">
     <span class='ocr_line' id='line_1_7' title="bbox 1540 1497 1647 1563; baseline 0.019 -3"><span class='ocrx_word' id='word_1_38' title='bbox 1540 1497 1647 1563; x_wconf 82' lang='grc'>37.</span> 
     </span>
    </p>
   </div>
   <div class='ocr_carea' id='block_1_5' title="bbox 973 1609 2196 1693">
    <p class='ocr_par' dir='ltr' id='par_1_5' title="bbox 973 1609 2196 1693">
     <span class='ocr_line' id='line_1_8' title="bbox 973 1609 2196 1693; baseline 0.001 -1"><span class='ocrx_word' id='word_1_39' title='bbox 973 1612 1396 1692; x_wconf 74' lang='lat' dir='ltr'>Aloander</span> <span class='ocrx_word' id='word_1_40' title='bbox 1449 1609 2196 1693; x_wconf 74' lang='lat' dir='ltr'>vicecancellariO.</span> 
     </span>
    </p>
   </div>
   <div class='ocr_carea' id='block_1_6' title="bbox 1140 1757 2046 1949">
    <p class='ocr_par' dir='ltr' id='par_1_6' title="bbox 1140 1757 2046 1949">
     <span class='ocr_line' id='line_1_9' title="bbox 1140 1757 2046 1832; baseline -0.003 -13"><span class='ocrx_word' id='word_1_41' title='bbox 1140 1761 1424 1832; x_wconf 69' lang='lat' dir='ltr'>(Nuntiat.</span> <span class='ocrx_word' id='word_1_42' title='bbox 1465 1760 1646 1820; x_wconf 69' lang='lat' dir='ltr'>Gom.</span> <span class='ocrx_word' id='word_1_43' title='bbox 1681 1757 1744 1818; x_wconf 69' lang='lat'>10.</span> <span class='ocrx_word' id='word_1_44' title='bbox 1778 1759 1869 1818; x_wconf 79' lang='lat' dir='ltr'>fol.</span> <span class='ocrx_word' id='word_1_45' title='bbox 1906 1759 2046 1830; x_wconf 75' lang='lat'><strong>160.)</strong></span> 
     </span>
     <span class='ocr_line' id='line_1_10' title="bbox 1306 1877 1883 1949; baseline -0.002 -17"><span class='ocrx_word' id='word_1_46' title='bbox 1306 1883 1378 1947; x_wconf 84' lang='lat'>(4.</span> <span class='ocrx_word' id='word_1_47' title='bbox 1418 1877 1663 1949; x_wconf 80' lang='lat' dir='ltr'>Martii(?)</span> <span class='ocrx_word' id='word_1_48' title='bbox 1709 1878 1883 1948; x_wconf 81' lang='lat'>1521.)</span> 
     </span>
    </p>
   </div>
   <div class='ocr_carea' id='block_1_7' title="bbox 311 2003 2941 4979">
    <p class='ocr_par' dir='ltr' id='par_1_7' title="bbox 311 2003 2877 4123">
     <span class='ocr_line' id='line_1_11' title="bbox 485 2003 2876 2087; baseline -0 -21"><span class='ocrx_word' id='word_1_49' title='bbox 485 2005 564 2068; x_wconf 94' lang='lat' dir='ltr'>Io</span> <span class='ocrx_word' id='word_1_50' title='bbox 627 2005 720 2066; x_wconf 90' lang='lat' dir='ltr'>ho</span> <span class='ocrx_word' id='word_1_51' title='bbox 787 2006 970 2066; x_wconf 90' lang='lat' dir='ltr'>lecto</span> <span class='ocrx_word' id='word_1_52' title='bbox 1033 2007 1102 2067; x_wconf 91' lang='lat' dir='ltr'>al</span> <span class='ocrx_word' id='word_1_53' title='bbox 1165 2006 1420 2068; x_wconf 90' lang='lat' dir='ltr'>doctor</span> <span class='ocrx_word' id='word_1_54' title='bbox 1466 2003 1817 2087; x_wconf 84' lang='lat' dir='ltr'>Capitone</span> <span class='ocrx_word' id='word_1_55' title='bbox 1866 2006 1932 2068; x_wconf 91' lang='lat' dir='ltr'>el</span> <span class='ocrx_word' id='word_1_56' title='bbox 1982 2003 2297 2086; x_wconf 89' lang='lat' dir='ltr'>capitulo</span> <span class='ocrx_word' id='word_1_57' title='bbox 2347 2004 2437 2065; x_wconf 90' lang='lat' dir='ltr'>de</span> <span class='ocrx_word' id='word_1_58' title='bbox 2484 2005 2739 2065; x_wconf 85' lang='lat' dir='ltr'>lettere</span> <span class='ocrx_word' id='word_1_59' title='bbox 2788 2003 2876 2065; x_wconf 91' lang='lat' dir='ltr'>de</span> 
     </span>
     <span class='ocr_line' id='line_1_12' title="bbox 321 2108 2876 2194; baseline 0 -24"><span class='ocrx_word' id='word_1_60' title='bbox 321 2111 396 2170; x_wconf 77' lang='lat' dir='ltr'>V.</span> <span class='ocrx_word' id='word_1_61' title='bbox 439 2111 514 2174; x_wconf 79' lang='lat' dir='ltr'>S.</span> <span class='ocrx_word' id='word_1_62' title='bbox 562 2111 755 2174; x_wconf 77' lang='lat' dir='ltr'>Rma</span> <span class='ocrx_word' id='word_1_63' title='bbox 801 2123 872 2174; x_wconf 90' lang='lat' dir='ltr'>et</span> <span class='ocrx_word' id='word_1_64' title='bbox 919 2113 990 2174; x_wconf 92' lang='lat' dir='ltr'>la</span> <span class='ocrx_word' id='word_1_65' title='bbox 1037 2115 1224 2174; x_wconf 89' lang='lat' dir='ltr'>bona</span> <span class='ocrx_word' id='word_1_66' title='bbox 1273 2131 1620 2194; x_wconf 82' lang='lat' dir='ltr'>speranza</span> <span class='ocrx_word' id='word_1_67' title='bbox 1676 2111 1890 2174; x_wconf 89' lang='lat' dir='ltr'>cheli</span> <span class='ocrx_word' id='word_1_68' title='bbox 1925 2111 2143 2184; x_wconf 78' lang='lat' dir='ltr'>dona:</span> <span class='ocrx_word' id='word_1_69' title='bbox 2193 2109 2519 2192; x_wconf 87' lang='lat' dir='ltr'>supplico</span> <span class='ocrx_word' id='word_1_70' title='bbox 2551 2108 2608 2171; x_wconf 89' lang='lat' dir='ltr'>si</span> <span class='ocrx_word' id='word_1_71' title='bbox 2638 2108 2876 2172; x_wconf 87' lang='lat' dir='ltr'>mandi</span> 
     </span>
     <span class='ocr_line' id='line_1_13' title="bbox 316 2213 2877 2300; baseline -0.001 -20"><span class='ocrx_word' id='word_1_72' title='bbox 316 2217 398 2280; x_wconf 82' lang='lat' dir='ltr'>ad</span> <span class='ocrx_word' id='word_1_73' title='bbox 456 2217 884 2281; x_wconf 84' lang='lat' dir='ltr'>executione</span> <span class='ocrx_word' id='word_1_74' title='bbox 945 2220 1207 2300; x_wconf 64' lang='lat' dir='ltr'>perche</span> <span class='ocrx_word' id='word_1_75' title='bbox 1273 2218 1552 2300; x_wconf 87' lang='lat' dir='ltr'>questui</span> <span class='ocrx_word' id='word_1_76' title='bbox 1612 2219 1648 2282; x_wconf 82' lang='grc' dir='ltr'>ὲ</span> <span class='ocrx_word' id='word_1_77' title='bbox 1713 2239 1855 2280; x_wconf 90' lang='lat' dir='ltr'>uno</span> <span class='ocrx_word' id='word_1_78' title='bbox 1920 2219 2011 2282; x_wconf 90' lang='lat' dir='ltr'>de</span> <span class='ocrx_word' id='word_1_79' title='bbox 2058 2216 2315 2298; x_wconf 84' lang='lat' dir='ltr'>grandi</span> <span class='ocrx_word' id='word_1_80' title='bbox 2366 2213 2737 2298; x_wconf 87' lang='lat' dir='ltr'>Capitanei</span> <span class='ocrx_word' id='word_1_81' title='bbox 2780 2215 2877 2278; x_wconf 82' lang='lat' dir='ltr'>de</span> 
     </span>
     <span class='ocr_line' id='line_1_14' title="bbox 316 2321 2875 2406; baseline -0 -22"><span class='ocrx_word' id='word_1_82' title='bbox 316 2323 356 2385; x_wconf 84' lang='lat' dir='ltr'>li</span> <span class='ocrx_word' id='word_1_83' title='bbox 385 2323 800 2388; x_wconf 85' lang='lat' dir='ltr'>Academici</span> <span class='ocrx_word' id='word_1_84' title='bbox 851 2326 1074 2388; x_wconf 83' lang='lat' dir='ltr'>nostri</span> <span class='ocrx_word' id='word_1_85' title='bbox 1121 2325 1377 2388; x_wconf 89' lang='lat' dir='ltr'>nemici</span> <span class='ocrx_word' id='word_1_86' title='bbox 1429 2345 1650 2389; x_wconf 89' lang='lat' dir='ltr'>ancor</span> <span class='ocrx_word' id='word_1_87' title='bbox 1695 2327 1831 2388; x_wconf 88' lang='lat' dir='ltr'>che</span> <span class='ocrx_word' id='word_1_88' title='bbox 1880 2325 2157 2387; x_wconf 90' lang='lat' dir='ltr'>occulto</span> <span class='ocrx_word' id='word_1_89' title='bbox 2207 2343 2337 2406; x_wconf 87' lang='lat' dir='ltr'>per</span> <span class='ocrx_word' id='word_1_90' title='bbox 2384 2331 2711 2404; x_wconf 90' lang='lat' dir='ltr'>respecto</span> <span class='ocrx_word' id='word_1_91' title='bbox 2761 2321 2875 2384; x_wconf 92' lang='lat' dir='ltr'>del</span> 
     </span>
     <span class='ocr_line' id='line_1_15' title="bbox 315 2427 2873 2514; baseline -0 -23"><span class='ocrx_word' id='word_1_92' title='bbox 315 2429 730 2512; x_wconf 76' lang='lat' dir='ltr'>Magantino</span> <span class='ocrx_word' id='word_1_93' title='bbox 779 2451 912 2494; x_wconf 91' lang='lat' dir='ltr'>con</span> <span class='ocrx_word' id='word_1_94' title='bbox 960 2432 1027 2494; x_wconf 91' lang='lat' dir='ltr'>el</span> <span class='ocrx_word' id='word_1_95' title='bbox 1077 2433 1242 2513; x_wconf 87' lang='lat' dir='ltr'>qual</span> <span class='ocrx_word' id='word_1_96' title='bbox 1289 2431 1387 2496; x_wconf 91' lang='lat' dir='ltr'>lui</span> <span class='ocrx_word' id='word_1_97' title='bbox 1435 2441 1574 2496; x_wconf 87' lang='lat' dir='ltr'>sta:</span> <span class='ocrx_word' id='word_1_98' title='bbox 1625 2441 1698 2496; x_wconf 91' lang='lat' dir='ltr'>et</span> <span class='ocrx_word' id='word_1_99' title='bbox 1745 2441 1999 2514; x_wconf 87' lang='lat' dir='ltr'>questo</span> <span class='ocrx_word' id='word_1_100' title='bbox 2047 2434 2286 2494; x_wconf 91' lang='lat' dir='ltr'>buono</span> <span class='ocrx_word' id='word_1_101' title='bbox 2336 2432 2545 2494; x_wconf 90' lang='lat' dir='ltr'>homo</span> <span class='ocrx_word' id='word_1_102' title='bbox 2581 2428 2681 2490; x_wconf 91' lang='lat' dir='ltr'>dil</span> <span class='ocrx_word' id='word_1_103' title='bbox 2711 2427 2873 2492; x_wconf 88' lang='lat' dir='ltr'>Car-</span> 
     </span>
     <span class='ocr_line' id='line_1_16' title="bbox 315 2534 2875 2621; baseline 0 -23"><span class='ocrx_word' id='word_1_104' title='bbox 315 2535 544 2601; x_wconf 87' lang='lat' dir='ltr'>dinale</span> <span class='ocrx_word' id='word_1_105' title='bbox 606 2559 748 2600; x_wconf 92' lang='lat' dir='ltr'>non</span> <span class='ocrx_word' id='word_1_106' title='bbox 813 2539 880 2600; x_wconf 92' lang='lat' dir='ltr'>lo</span> <span class='ocrx_word' id='word_1_107' title='bbox 947 2539 1112 2600; x_wconf 86' lang='lat' dir='ltr'>vole</span> <span class='ocrx_word' id='word_1_108' title='bbox 1179 2540 1476 2602; x_wconf 87' lang='lat' dir='ltr'>credere</span> <span class='ocrx_word' id='word_1_109' title='bbox 1528 2539 1686 2602; x_wconf 90' lang='lat' dir='ltr'>anci</span> <span class='ocrx_word' id='word_1_110' title='bbox 1735 2560 1865 2621; x_wconf 89' lang='lat' dir='ltr'>per</span> <span class='ocrx_word' id='word_1_111' title='bbox 1915 2541 2219 2602; x_wconf 86' lang='lat' dir='ltr'>lassarse</span> <span class='ocrx_word' id='word_1_112' title='bbox 2267 2538 2592 2620; x_wconf 86' lang='lat' dir='ltr'>aggabar</span> <span class='ocrx_word' id='word_1_113' title='bbox 2640 2537 2733 2598; x_wconf 90' lang='lat' dir='ltr'>da</span> <span class='ocrx_word' id='word_1_114' title='bbox 2778 2534 2875 2598; x_wconf 88' lang='lat' dir='ltr'>lui</span> 
     </span>
     <span class='ocr_line' id='line_1_17' title="bbox 314 2643 2876 2730; baseline 0 -24"><span class='ocrx_word' id='word_1_115' title='bbox 314 2655 682 2708; x_wconf 89' lang='lat' dir='ltr'>commette</span> <span class='ocrx_word' id='word_1_116' title='bbox 733 2645 802 2707; x_wconf 86' lang='lat' dir='ltr'>di</span> <span class='ocrx_word' id='word_1_117' title='bbox 854 2645 1050 2708; x_wconf 88' lang='lat' dir='ltr'>molti</span> <span class='ocrx_word' id='word_1_118' title='bbox 1100 2645 1344 2727; x_wconf 91' lang='lat' dir='ltr'>errori,</span> <span class='ocrx_word' id='word_1_119' title='bbox 1393 2667 1484 2710; x_wconf 90' lang='lat' dir='ltr'>ne</span> <span class='ocrx_word' id='word_1_120' title='bbox 1530 2646 1623 2710; x_wconf 89' lang='lat' dir='ltr'>mi</span> <span class='ocrx_word' id='word_1_121' title='bbox 1671 2647 1892 2730; x_wconf 87' lang='lat' dir='ltr'>giova</span> <span class='ocrx_word' id='word_1_122' title='bbox 1938 2649 2067 2710; x_wconf 88' lang='lat' dir='ltr'>che</span> <span class='ocrx_word' id='word_1_123' title='bbox 2114 2645 2184 2712; x_wconf 87' lang='lat' dir='ltr'>io</span> <span class='ocrx_word' id='word_1_124' title='bbox 2231 2666 2325 2728; x_wconf 86' lang='lat' dir='ltr'>ge</span> <span class='ocrx_word' id='word_1_125' title='bbox 2374 2645 2417 2708; x_wconf 89' lang='lat'>1&#39;</span> <span class='ocrx_word' id='word_1_126' title='bbox 2450 2643 2645 2709; x_wconf 90' lang='lat' dir='ltr'>habii</span> <span class='ocrx_word' id='word_1_127' title='bbox 2677 2644 2876 2706; x_wconf 89' lang='lat' dir='ltr'>detto</span> 
     </span>
     <span class='ocr_line' id='line_1_18' title="bbox 315 2749 2875 2833; baseline -0 -20"><span class='ocrx_word' id='word_1_128' title='bbox 315 2760 380 2813; x_wconf 89' lang='lat' dir='ltr'>et</span> <span class='ocrx_word' id='word_1_129' title='bbox 423 2761 818 2816; x_wconf 87' lang='lat' dir='ltr'>monstrato</span> <span class='ocrx_word' id='word_1_130' title='bbox 835 2801 854 2833; x_wconf 92' lang='lat'>,</span> <span class='ocrx_word' id='word_1_131' title='bbox 919 2754 1050 2816; x_wconf 89' lang='lat' dir='ltr'>che</span> <span class='ocrx_word' id='word_1_132' title='bbox 1113 2773 1254 2816; x_wconf 88' lang='lat' dir='ltr'>non</span> <span class='ocrx_word' id='word_1_133' title='bbox 1311 2755 1384 2816; x_wconf 94' lang='lat' dir='ltr'>lo</span> <span class='ocrx_word' id='word_1_134' title='bbox 1446 2755 1564 2817; x_wconf 90' lang='lat' dir='ltr'>vol</span> <span class='ocrx_word' id='word_1_135' title='bbox 1626 2755 1907 2818; x_wconf 86' lang='lat' dir='ltr'>creder:</span> <span class='ocrx_word' id='word_1_136' title='bbox 2002 2755 2260 2818; x_wconf 90' lang='lat' dir='ltr'>Donde</span> <span class='ocrx_word' id='word_1_137' title='bbox 2316 2753 2539 2816; x_wconf 86' lang='lat' dir='ltr'>siamo</span> <span class='ocrx_word' id='word_1_138' title='bbox 2586 2749 2875 2815; x_wconf 82' lang='lat' dir='ltr'>sforzati</span> 
     </span>
     <span class='ocr_line' id='line_1_19' title="bbox 311 2857 2873 2943; baseline 0 -23"><span class='ocrx_word' id='word_1_139' title='bbox 311 2857 567 2941; x_wconf 85' lang='lat' dir='ltr'>pigliar</span> <span class='ocrx_word' id='word_1_140' title='bbox 613 2860 812 2923; x_wconf 89' lang='lat' dir='ltr'>detto</span> <span class='ocrx_word' id='word_1_141' title='bbox 862 2859 1212 2941; x_wconf 89' lang='lat' dir='ltr'>Capitano</span> <span class='ocrx_word' id='word_1_142' title='bbox 1261 2880 1392 2943; x_wconf 91' lang='lat' dir='ltr'>per</span> <span class='ocrx_word' id='word_1_143' title='bbox 1438 2881 1532 2925; x_wconf 89' lang='lat' dir='ltr'>un</span> <span class='ocrx_word' id='word_1_144' title='bbox 1581 2864 1764 2926; x_wconf 90' lang='lat' dir='ltr'>altro</span> <span class='ocrx_word' id='word_1_145' title='bbox 1814 2883 2046 2942; x_wconf 84' lang='lat' dir='ltr'>verso,</span> <span class='ocrx_word' id='word_1_146' title='bbox 2096 2870 2169 2925; x_wconf 92' lang='lat' dir='ltr'>et</span> <span class='ocrx_word' id='word_1_147' title='bbox 2201 2862 2439 2943; x_wconf 90' lang='lat' dir='ltr'>quello</span> <span class='ocrx_word' id='word_1_148' title='bbox 2474 2861 2604 2923; x_wconf 85' lang='lat' dir='ltr'>che</span> <span class='ocrx_word' id='word_1_149' title='bbox 2638 2858 2873 2922; x_wconf 89' lang='lat' dir='ltr'>vorrei</span> 
     </span>
     <span class='ocr_line' id='line_1_20' title="bbox 313 2965 2872 3055; baseline -0 -28"><span class='ocrx_word' id='word_1_150' title='bbox 313 2966 498 3031; x_wconf 87' lang='lat' dir='ltr'>fusse</span> <span class='ocrx_word' id='word_1_151' title='bbox 547 2980 658 3029; x_wconf 87' lang='lat' dir='ltr'>sta</span> <span class='ocrx_word' id='word_1_152' title='bbox 703 2977 909 3030; x_wconf 87' lang='lat' dir='ltr'>usato</span> <span class='ocrx_word' id='word_1_153' title='bbox 961 2970 1054 3031; x_wconf 91' lang='lat' dir='ltr'>da</span> <span class='ocrx_word' id='word_1_154' title='bbox 1099 2968 1453 3051; x_wconf 89' lang='lat' dir='ltr'>principio</span> <span class='ocrx_word' id='word_1_155' title='bbox 1500 2968 1662 3055; x_wconf 89' lang='lat' dir='ltr'>(che</span> <span class='ocrx_word' id='word_1_156' title='bbox 1709 2972 1889 3034; x_wconf 87' lang='lat' dir='ltr'>hora</span> <span class='ocrx_word' id='word_1_157' title='bbox 1936 2991 2079 3034; x_wconf 89' lang='lat' dir='ltr'>non</span> <span class='ocrx_word' id='word_1_158' title='bbox 2128 2970 2163 3032; x_wconf 80' lang='grc' dir='ltr'>ὲ</span> <span class='ocrx_word' id='word_1_159' title='bbox 2214 2969 2483 3049; x_wconf 88' lang='lat' dir='ltr'>tempo)</span> <span class='ocrx_word' id='word_1_160' title='bbox 2531 2967 2753 3029; x_wconf 89' lang='lat' dir='ltr'>veder</span> <span class='ocrx_word' id='word_1_161' title='bbox 2802 2965 2872 3027; x_wconf 92' lang='lat' dir='ltr'>di</span> 
     </span>
     <span class='ocr_line' id='line_1_21' title="bbox 312 3074 2871 3159; baseline -0 -23"><span class='ocrx_word' id='word_1_162' title='bbox 312 3074 737 3155; x_wconf 85' lang='lat' dir='ltr'>acquistarlo</span> <span class='ocrx_word' id='word_1_163' title='bbox 785 3095 920 3137; x_wconf 90' lang='lat' dir='ltr'>con</span> <span class='ocrx_word' id='word_1_164' title='bbox 967 3077 1269 3156; x_wconf 89' lang='lat' dir='ltr'>qualche</span> <span class='ocrx_word' id='word_1_165' title='bbox 1316 3077 1552 3158; x_wconf 85' lang='lat' dir='ltr'>gratia</span> <span class='ocrx_word' id='word_1_166' title='bbox 1599 3078 1692 3140; x_wconf 94' lang='lat' dir='ltr'>da</span> <span class='ocrx_word' id='word_1_167' title='bbox 1721 3079 1963 3141; x_wconf 89' lang='lat' dir='ltr'>Roma</span> <span class='ocrx_word' id='word_1_168' title='bbox 2010 3087 2081 3141; x_wconf 89' lang='lat' dir='ltr'>et</span> <span class='ocrx_word' id='word_1_169' title='bbox 2127 3075 2501 3159; x_wconf 82' lang='lat' dir='ltr'>presertim</span> <span class='ocrx_word' id='word_1_170' title='bbox 2540 3094 2671 3138; x_wconf 88' lang='lat' dir='ltr'>con</span> <span class='ocrx_word' id='word_1_171' title='bbox 2707 3094 2871 3155; x_wconf 90' lang='lat' dir='ltr'>que-</span> 
     </span>
     <span class='ocr_line' id='line_1_22' title="bbox 313 3180 2872 3267; baseline -0 -24"><span class='ocrx_word' id='word_1_172' title='bbox 313 3192 415 3244; x_wconf 84' lang='lat' dir='ltr'>sta</span> <span class='ocrx_word' id='word_1_173' title='bbox 477 3182 970 3264; x_wconf 85' lang='lat' dir='ltr'>prepositura,</span> <span class='ocrx_word' id='word_1_174' title='bbox 1035 3183 1107 3245; x_wconf 92' lang='lat' dir='ltr'>di</span> <span class='ocrx_word' id='word_1_175' title='bbox 1170 3186 1240 3246; x_wconf 92' lang='lat' dir='ltr'>la</span> <span class='ocrx_word' id='word_1_176' title='bbox 1301 3186 1466 3265; x_wconf 88' lang='lat' dir='ltr'>qual</span> <span class='ocrx_word' id='word_1_177' title='bbox 1515 3187 1846 3249; x_wconf 89' lang='lat' dir='ltr'>havendo</span> <span class='ocrx_word' id='word_1_178' title='bbox 1894 3189 1967 3249; x_wconf 89' lang='lat' dir='ltr'>la</span> <span class='ocrx_word' id='word_1_179' title='bbox 2012 3186 2246 3267; x_wconf 82' lang='lat' dir='ltr'>gratia</span> <span class='ocrx_word' id='word_1_180' title='bbox 2295 3205 2433 3247; x_wconf 91' lang='lat' dir='ltr'>non</span> <span class='ocrx_word' id='word_1_181' title='bbox 2480 3182 2575 3245; x_wconf 91' lang='lat' dir='ltr'>mi</span> <span class='ocrx_word' id='word_1_182' title='bbox 2624 3180 2872 3245; x_wconf 88' lang='lat' dir='ltr'>dubito</span> 
     </span>
     <span class='ocr_line' id='line_1_23' title="bbox 311 3289 2870 3374; baseline 0 -23"><span class='ocrx_word' id='word_1_183' title='bbox 311 3310 444 3353; x_wconf 88' lang='lat' dir='ltr'>non</span> <span class='ocrx_word' id='word_1_184' title='bbox 477 3292 548 3352; x_wconf 94' lang='lat' dir='ltr'>lo</span> <span class='ocrx_word' id='word_1_185' title='bbox 580 3289 802 3353; x_wconf 88' lang='lat' dir='ltr'>siamo</span> <span class='ocrx_word' id='word_1_186' title='bbox 833 3310 967 3371; x_wconf 86' lang='lat' dir='ltr'>per</span> <span class='ocrx_word' id='word_1_187' title='bbox 1015 3292 1258 3371; x_wconf 87' lang='lat' dir='ltr'>haver,</span> <span class='ocrx_word' id='word_1_188' title='bbox 1307 3313 1384 3356; x_wconf 91' lang='lat' dir='ltr'>se</span> <span class='ocrx_word' id='word_1_189' title='bbox 1428 3312 1570 3356; x_wconf 90' lang='lat' dir='ltr'>non</span> <span class='ocrx_word' id='word_1_190' title='bbox 1611 3294 1730 3356; x_wconf 91' lang='lat' dir='ltr'>del</span> <span class='ocrx_word' id='word_1_191' title='bbox 1761 3302 1945 3355; x_wconf 90' lang='lat' dir='ltr'>tutto</span> <span class='ocrx_word' id='word_1_192' title='bbox 1976 3313 2107 3374; x_wconf 90' lang='lat' dir='ltr'>per</span> <span class='ocrx_word' id='word_1_193' title='bbox 2136 3292 2276 3371; x_wconf 90' lang='lat' dir='ltr'>noi,</span> <span class='ocrx_word' id='word_1_194' title='bbox 2308 3293 2588 3355; x_wconf 89' lang='lat' dir='ltr'>almeno</span> <span class='ocrx_word' id='word_1_195' title='bbox 2620 3308 2870 3351; x_wconf 89' lang='lat' dir='ltr'>manco</span> 
     </span>
     <span class='ocr_line' id='line_1_24' title="bbox 311 3396 2872 3482; baseline -0 -24"><span class='ocrx_word' id='word_1_196' title='bbox 311 3396 559 3459; x_wconf 88' lang='lat' dir='ltr'>nocivo</span> <span class='ocrx_word' id='word_1_197' title='bbox 608 3398 752 3459; x_wconf 90' lang='lat' dir='ltr'>alla</span> <span class='ocrx_word' id='word_1_198' title='bbox 797 3418 1013 3460; x_wconf 87' lang='lat' dir='ltr'>causa</span> <span class='ocrx_word' id='word_1_199' title='bbox 1061 3397 1434 3478; x_wconf 88' lang='lat' dir='ltr'>catholica,</span> <span class='ocrx_word' id='word_1_200' title='bbox 1483 3420 1562 3462; x_wconf 86' lang='lat' dir='ltr'>se</span> <span class='ocrx_word' id='word_1_201' title='bbox 1610 3420 1752 3463; x_wconf 90' lang='lat' dir='ltr'>non</span> <span class='ocrx_word' id='word_1_202' title='bbox 1801 3398 1995 3463; x_wconf 87' lang='lat' dir='ltr'>fusse</span> <span class='ocrx_word' id='word_1_203' title='bbox 2042 3420 2173 3482; x_wconf 90' lang='lat' dir='ltr'>per</span> <span class='ocrx_word' id='word_1_204' title='bbox 2206 3400 2387 3463; x_wconf 90' lang='lat' dir='ltr'>altro</span> <span class='ocrx_word' id='word_1_205' title='bbox 2419 3400 2550 3461; x_wconf 90' lang='lat' dir='ltr'>che</span> <span class='ocrx_word' id='word_1_206' title='bbox 2582 3416 2713 3478; x_wconf 89' lang='lat' dir='ltr'>per</span> <span class='ocrx_word' id='word_1_207' title='bbox 2742 3415 2872 3458; x_wconf 90' lang='lat' dir='ltr'>suo</span> 
     </span>
     <span class='ocr_line' id='line_1_25' title="bbox 311 3502 2867 3589; baseline 0 -25"><span class='ocrx_word' id='word_1_208' title='bbox 311 3502 648 3569; x_wconf 87' lang='lat' dir='ltr'>interesse</span> <span class='ocrx_word' id='word_1_209' title='bbox 695 3524 827 3586; x_wconf 90' lang='lat' dir='ltr'>per</span> <span class='ocrx_word' id='word_1_210' title='bbox 875 3524 1340 3569; x_wconf 71' lang='lat' dir='ltr'>conservat-se</span> <span class='ocrx_word' id='word_1_211' title='bbox 1388 3508 1588 3569; x_wconf 91' lang='lat' dir='ltr'>detta</span> <span class='ocrx_word' id='word_1_212' title='bbox 1635 3506 2110 3589; x_wconf 88' lang='lat' dir='ltr'>prepositura,</span> <span class='ocrx_word' id='word_1_213' title='bbox 2164 3506 2469 3569; x_wconf 90' lang='lat' dir='ltr'>essendo</span> <span class='ocrx_word' id='word_1_214' title='bbox 2518 3504 2566 3566; x_wconf 89' lang='lat' dir='ltr'>li</span> <span class='ocrx_word' id='word_1_215' title='bbox 2616 3503 2867 3569; x_wconf 86' lang='lat' dir='ltr'>Luthe-</span> 
     </span>
     <span class='ocr_line' id='line_1_26' title="bbox 311 3609 2868 3695; baseline 0.001 -26"><span class='ocrx_word' id='word_1_216' title='bbox 311 3610 456 3672; x_wconf 87' lang='lat' dir='ltr'>rani</span> <span class='ocrx_word' id='word_1_217' title='bbox 521 3610 934 3675; x_wconf 87' lang='lat' dir='ltr'>destruttori</span> <span class='ocrx_word' id='word_1_218' title='bbox 997 3613 1084 3675; x_wconf 92' lang='lat' dir='ltr'>de</span> <span class='ocrx_word' id='word_1_219' title='bbox 1147 3611 1320 3695; x_wconf 87' lang='lat' dir='ltr'>ogni</span> <span class='ocrx_word' id='word_1_220' title='bbox 1381 3624 1576 3677; x_wconf 88' lang='lat' dir='ltr'>sorta</span> <span class='ocrx_word' id='word_1_221' title='bbox 1637 3612 1708 3675; x_wconf 89' lang='lat' dir='ltr'>di</span> <span class='ocrx_word' id='word_1_222' title='bbox 1771 3612 2089 3676; x_wconf 86' lang='lat' dir='ltr'>benefitii</span> <span class='ocrx_word' id='word_1_223' title='bbox 2136 3610 2619 3677; x_wconf 86' lang='lat' dir='ltr'>ecclesiastici.</span> <span class='ocrx_word' id='word_1_224' title='bbox 2704 3609 2868 3692; x_wconf 91' lang='lat' dir='ltr'>Ipse</span> 
     </span>
     <span class='ocr_line' id='line_1_27' title="bbox 311 3718 2871 3802; baseline -0.001 -23"><span class='ocrx_word' id='word_1_225' title='bbox 311 3720 523 3781; x_wconf 89' lang='lat' dir='ltr'>multa</span> <span class='ocrx_word' id='word_1_226' title='bbox 566 3728 808 3800; x_wconf 86' lang='lat' dir='ltr'>potest</span> <span class='ocrx_word' id='word_1_227' title='bbox 852 3738 984 3800; x_wconf 91' lang='lat' dir='ltr'>per</span> <span class='ocrx_word' id='word_1_228' title='bbox 1029 3721 1257 3782; x_wconf 89' lang='lat' dir='ltr'>haver</span> <span class='ocrx_word' id='word_1_229' title='bbox 1302 3720 1420 3802; x_wconf 73' lang='lat' dir='ltr'>gia</span> <span class='ocrx_word' id='word_1_230' title='bbox 1471 3724 1616 3783; x_wconf 80' lang='lat' dir='ltr'>cosi</span> <span class='ocrx_word' id='word_1_231' title='bbox 1664 3720 2149 3784; x_wconf 88' lang='lat' dir='ltr'>infenochiato</span> <span class='ocrx_word' id='word_1_232' title='bbox 2182 3718 2607 3802; x_wconf 88' lang='lat' dir='ltr'>Moguntino</span> <span class='ocrx_word' id='word_1_233' title='bbox 2641 3726 2712 3779; x_wconf 91' lang='lat' dir='ltr'>et</span> <span class='ocrx_word' id='word_1_234' title='bbox 2740 3736 2871 3798; x_wconf 89' lang='lat' dir='ltr'>per</span> 
     </span>
     <span class='ocr_line' id='line_1_28' title="bbox 312 3824 2863 3909; baseline 0 -24"><span class='ocrx_word' id='word_1_235' title='bbox 312 3845 539 3887; x_wconf 82' lang='lat' dir='ltr'>essere</span> <span class='ocrx_word' id='word_1_236' title='bbox 597 3824 1048 3907; x_wconf 87' lang='lat' dir='ltr'>predicatore</span> <span class='ocrx_word' id='word_1_237' title='bbox 1109 3826 1474 3889; x_wconf 89' lang='lat' dir='ltr'>ordinario</span> <span class='ocrx_word' id='word_1_238' title='bbox 1538 3829 1626 3891; x_wconf 90' lang='lat' dir='ltr'>de</span> <span class='ocrx_word' id='word_1_239' title='bbox 1675 3829 1744 3890; x_wconf 92' lang='lat' dir='ltr'>la</span> <span class='ocrx_word' id='word_1_240' title='bbox 1793 3827 2037 3890; x_wconf 85' lang='lat' dir='ltr'>chiesa</span> <span class='ocrx_word' id='word_1_241' title='bbox 2084 3826 2529 3909; x_wconf 86' lang='lat' dir='ltr'>Moguntina,</span> <span class='ocrx_word' id='word_1_242' title='bbox 2592 3835 2664 3887; x_wconf 92' lang='lat' dir='ltr'>et</span> <span class='ocrx_word' id='word_1_243' title='bbox 2710 3843 2863 3906; x_wconf 86' lang='lat' dir='ltr'>pre-</span> 
     </span>
     <span class='ocr_line' id='line_1_29' title="bbox 313 3930 2868 4017; baseline -0 -25"><span class='ocrx_word' id='word_1_244' title='bbox 313 3941 592 4013; x_wconf 88' lang='lat' dir='ltr'>ceptore</span> <span class='ocrx_word' id='word_1_245' title='bbox 639 3932 734 3995; x_wconf 90' lang='lat' dir='ltr'>de</span> <span class='ocrx_word' id='word_1_246' title='bbox 780 3931 984 4013; x_wconf 80' lang='lat' dir='ltr'>quasi</span> <span class='ocrx_word' id='word_1_247' title='bbox 1031 3932 1192 3995; x_wconf 90' lang='lat' dir='ltr'>tutti</span> <span class='ocrx_word' id='word_1_248' title='bbox 1243 3934 1332 3996; x_wconf 90' lang='lat' dir='ltr'>de</span> <span class='ocrx_word' id='word_1_249' title='bbox 1382 3933 1615 4015; x_wconf 81' lang='lat' dir='ltr'>questi</span> <span class='ocrx_word' id='word_1_250' title='bbox 1649 3934 2222 4017; x_wconf 85' lang='lat' dir='ltr'>Theologopoeti</span> <span class='ocrx_word' id='word_1_251' title='bbox 2269 3930 2702 4016; x_wconf 88' lang='lat' dir='ltr'>predicatori</span> <span class='ocrx_word' id='word_1_252' title='bbox 2736 3932 2868 3992; x_wconf 89' lang='lat' dir='ltr'>che</span> 
     </span>
     <span class='ocr_line' id='line_1_30' title="bbox 311 4036 2651 4123; baseline 0.001 -26"><span class='ocrx_word' id='word_1_253' title='bbox 311 4056 622 4117; x_wconf 86' lang='lat' dir='ltr'>regnano</span> <span class='ocrx_word' id='word_1_254' title='bbox 671 4040 740 4101; x_wconf 91' lang='lat' dir='ltr'>al</span> <span class='ocrx_word' id='word_1_255' title='bbox 785 4049 1126 4119; x_wconf 83' lang='lat' dir='ltr'>presente</span> <span class='ocrx_word' id='word_1_256' title='bbox 1173 4040 1246 4102; x_wconf 89' lang='lat' dir='ltr'>in</span> <span class='ocrx_word' id='word_1_257' title='bbox 1293 4041 1360 4103; x_wconf 87' lang='lat' dir='ltr'>le</span> <span class='ocrx_word' id='word_1_258' title='bbox 1409 4040 1789 4123; x_wconf 87' lang='lat' dir='ltr'>principali</span> <span class='ocrx_word' id='word_1_259' title='bbox 1839 4041 2077 4105; x_wconf 89' lang='lat' dir='ltr'>chiese</span> <span class='ocrx_word' id='word_1_260' title='bbox 2126 4040 2198 4104; x_wconf 88' lang='lat' dir='ltr'>di</span> <span class='ocrx_word' id='word_1_261' title='bbox 2246 4036 2651 4103; x_wconf 82' lang='lat' dir='ltr'>Germania.</span> 
     </span>
    </p>

    <p class='ocr_par' dir='ltr' id='par_1_8' title="bbox 313 4135 2941 4979">
     <span class='ocr_line' id='line_1_31' title="bbox 477 4135 2941 4230; baseline 0 -23"><span class='ocrx_word' id='word_1_262' title='bbox 477 4144 706 4208; x_wconf 91' lang='lat' dir='ltr'>Molto</span> <span class='ocrx_word' id='word_1_263' title='bbox 753 4147 848 4208; x_wconf 91' lang='lat' dir='ltr'>ha</span> <span class='ocrx_word' id='word_1_264' title='bbox 895 4146 1188 4226; x_wconf 83' lang='lat' dir='ltr'>giovato</span> <span class='ocrx_word' id='word_1_265' title='bbox 1237 4149 1370 4211; x_wconf 88' lang='lat' dir='ltr'>che</span> <span class='ocrx_word' id='word_1_266' title='bbox 1417 4148 1685 4211; x_wconf 89' lang='lat' dir='ltr'>Vostra</span> <span class='ocrx_word' id='word_1_267' title='bbox 1734 4146 2071 4230; x_wconf 85' lang='lat' dir='ltr'>Signoria</span> <span class='ocrx_word' id='word_1_268' title='bbox 2117 4144 2751 4211; x_wconf 88' lang='lat' dir='ltr'>Reverendissima</span> <span class='ocrx_word' id='word_1_269' title='bbox 2796 4142 2865 4207; x_wconf 86' lang='lat' dir='ltr'>in</span> <span class='ocrx_word' id='word_1_270' title='bbox 2934 4135 2941 4149; x_wconf 69' lang='lat'><strong>¹</strong></span> 
     </span>
     <span class='ocr_line' id='line_1_32' title="bbox 313 4250 2867 4319; baseline 0.001 -9"><span class='ocrx_word' id='word_1_271' title='bbox 313 4269 428 4313; x_wconf 88' lang='lat' dir='ltr'>sue</span> <span class='ocrx_word' id='word_1_272' title='bbox 475 4251 722 4315; x_wconf 88' lang='lat' dir='ltr'>ultime</span> <span class='ocrx_word' id='word_1_273' title='bbox 767 4253 974 4315; x_wconf 88' lang='lat' dir='ltr'>lettre</span> <span class='ocrx_word' id='word_1_274' title='bbox 1021 4252 1192 4317; x_wconf 90' lang='lat' dir='ltr'>habi</span> <span class='ocrx_word' id='word_1_275' title='bbox 1241 4254 1419 4317; x_wconf 89' lang='lat' dir='ltr'>fatto</span> <span class='ocrx_word' id='word_1_276' title='bbox 1470 4255 1607 4317; x_wconf 91' lang='lat' dir='ltr'>due</span> <span class='ocrx_word' id='word_1_277' title='bbox 1657 4277 1698 4318; x_wconf 97' lang='lat' dir='ltr'>o</span> <span class='ocrx_word' id='word_1_278' title='bbox 1747 4264 1856 4318; x_wconf 87' lang='lat' dir='ltr'>tre</span> <span class='ocrx_word' id='word_1_279' title='bbox 1904 4254 2071 4319; x_wconf 90' lang='lat' dir='ltr'>fiate</span> <span class='ocrx_word' id='word_1_280' title='bbox 2120 4254 2475 4318; x_wconf 88' lang='lat' dir='ltr'>mentione</span> <span class='ocrx_word' id='word_1_281' title='bbox 2526 4252 2637 4315; x_wconf 91' lang='lat' dir='ltr'>del</span> <span class='ocrx_word' id='word_1_282' title='bbox 2689 4250 2867 4315; x_wconf 90' lang='lat' dir='ltr'>Con·</span> 
     </span>
     <span class='ocr_line' id='line_1_33' title="bbox 313 4354 2869 4443; baseline 0.002 -27"><span class='ocrx_word' id='word_1_283' title='bbox 313 4354 551 4437; x_wconf 78' lang='lat' dir='ltr'>sessor,</span> <span class='ocrx_word' id='word_1_284' title='bbox 585 4360 654 4421; x_wconf 89' lang='lat' dir='ltr'>el</span> <span class='ocrx_word' id='word_1_285' title='bbox 689 4360 852 4439; x_wconf 90' lang='lat' dir='ltr'>qual</span> <span class='ocrx_word' id='word_1_286' title='bbox 889 4380 1019 4441; x_wconf 90' lang='lat' dir='ltr'>per</span> <span class='ocrx_word' id='word_1_287' title='bbox 1052 4360 1249 4424; x_wconf 87' lang='lat' dir='ltr'>molti</span> <span class='ocrx_word' id='word_1_288' title='bbox 1283 4360 1515 4442; x_wconf 83' lang='lat' dir='ltr'>giorni</span> <span class='ocrx_word' id='word_1_289' title='bbox 1548 4361 1776 4443; x_wconf 89' lang='lat' dir='ltr'>primo</span> <span class='ocrx_word' id='word_1_290' title='bbox 1809 4383 2031 4443; x_wconf 89' lang='lat' dir='ltr'>parea</span> <span class='ocrx_word' id='word_1_291' title='bbox 2071 4361 2416 4426; x_wconf 88' lang='lat' dir='ltr'>refredito</span> <span class='ocrx_word' id='word_1_292' title='bbox 2466 4360 2535 4423; x_wconf 91' lang='lat' dir='ltr'>in</span> <span class='ocrx_word' id='word_1_293' title='bbox 2583 4362 2653 4423; x_wconf 89' lang='lat' dir='ltr'>la</span> <span class='ocrx_word' id='word_1_294' title='bbox 2700 4378 2869 4421; x_wconf 87' lang='lat' dir='ltr'>cosa</span> 
     </span>
     <span class='ocr_line' id='line_1_34' title="bbox 317 4466 2864 4550; baseline 0.002 -26"><span class='ocrx_word' id='word_1_295' title='bbox 317 4473 561 4543; x_wconf 87' lang='lat' dir='ltr'>nostra,</span> <span class='ocrx_word' id='word_1_296' title='bbox 596 4466 666 4527; x_wconf 92' lang='lat' dir='ltr'>la</span> <span class='ocrx_word' id='word_1_297' title='bbox 697 4485 912 4528; x_wconf 88' lang='lat' dir='ltr'>causa</span> <span class='ocrx_word' id='word_1_298' title='bbox 936 4486 1076 4528; x_wconf 90' lang='lat' dir='ltr'>non</span> <span class='ocrx_word' id='word_1_299' title='bbox 1112 4468 1346 4531; x_wconf 88' lang='lat' dir='ltr'>scrivo</span> <span class='ocrx_word' id='word_1_300' title='bbox 1377 4488 1509 4549; x_wconf 89' lang='lat' dir='ltr'>per</span> <span class='ocrx_word' id='word_1_301' title='bbox 1535 4478 1789 4550; x_wconf 88' lang='lat' dir='ltr'>questa</span> <span class='ocrx_word' id='word_1_302' title='bbox 1814 4489 1943 4550; x_wconf 89' lang='lat' dir='ltr'>per</span> <span class='ocrx_word' id='word_1_303' title='bbox 1970 4490 2167 4533; x_wconf 87' lang='lat' dir='ltr'>esser</span> <span class='ocrx_word' id='word_1_304' title='bbox 2191 4471 2527 4549; x_wconf 90' lang='lat' dir='ltr'>alquanto</span> <span class='ocrx_word' id='word_1_305' title='bbox 2556 4468 2864 4548; x_wconf 79' lang='lat' dir='ltr'>prolixa3</span> 
     </span>
     <span class='ocr_line' id='line_1_35' title="bbox 315 4568 2867 4656; baseline 0.002 -28"><span class='ocrx_word' id='word_1_306' title='bbox 315 4568 436 4631; x_wconf 87' lang='lat' dir='ltr'>hor</span> <span class='ocrx_word' id='word_1_307' title='bbox 483 4572 544 4633; x_wconf 93' lang='lat' dir='ltr'>al</span> <span class='ocrx_word' id='word_1_308' title='bbox 601 4581 938 4653; x_wconf 86' lang='lat' dir='ltr'>presente</span> <span class='ocrx_word' id='word_1_309' title='bbox 987 4574 1214 4637; x_wconf 88' lang='lat' dir='ltr'>lettoli</span> <span class='ocrx_word' id='word_1_310' title='bbox 1263 4573 1310 4637; x_wconf 91' lang='lat' dir='ltr'>li</span> <span class='ocrx_word' id='word_1_311' title='bbox 1360 4574 1652 4656; x_wconf 88' lang='lat' dir='ltr'>capitoli</span> <span class='ocrx_word' id='word_1_312' title='bbox 1699 4576 1790 4639; x_wconf 91' lang='lat' dir='ltr'>de</span> <span class='ocrx_word' id='word_1_313' title='bbox 1840 4578 2047 4638; x_wconf 88' lang='lat' dir='ltr'>lettre</span> <span class='ocrx_word' id='word_1_314' title='bbox 2096 4575 2169 4638; x_wconf 90' lang='lat' dir='ltr'>di</span> <span class='ocrx_word' id='word_1_315' title='bbox 2218 4574 2483 4637; x_wconf 88' lang='lat' dir='ltr'>Vostra</span> <span class='ocrx_word' id='word_1_316' title='bbox 2531 4571 2867 4654; x_wconf 85' lang='lat' dir='ltr'>Signoria</span> 
     </span>
     <span class='ocr_line' id='line_1_36' title="bbox 315 4673 2863 4763; baseline 0.001 -27"><span class='ocrx_word' id='word_1_317' title='bbox 315 4673 932 4741; x_wconf 85' lang='lat' dir='ltr'>Reverendissima</span> <span class='ocrx_word' id='word_1_318' title='bbox 979 4702 1054 4743; x_wconf 88' lang='lat' dir='ltr'>se</span> <span class='ocrx_word' id='word_1_319' title='bbox 1102 4682 1197 4744; x_wconf 89' lang='lat' dir='ltr'>ha</span> <span class='ocrx_word' id='word_1_320' title='bbox 1245 4691 1428 4745; x_wconf 92' lang='lat' dir='ltr'>tutto</span> <span class='ocrx_word' id='word_1_321' title='bbox 1475 4682 2001 4745; x_wconf 86' lang='lat' dir='ltr'>reconfermato</span> <span class='ocrx_word' id='word_1_322' title='bbox 2048 4702 2180 4763; x_wconf 87' lang='lat' dir='ltr'>per</span> <span class='ocrx_word' id='word_1_323' title='bbox 2227 4681 2381 4760; x_wconf 88' lang='lat' dir='ltr'>noi,</span> <span class='ocrx_word' id='word_1_324' title='bbox 2430 4680 2657 4762; x_wconf 87' lang='lat' dir='ltr'>perho</span> <span class='ocrx_word' id='word_1_325' title='bbox 2704 4698 2863 4759; x_wconf 88' lang='lat' dir='ltr'>sup-</span> 
     </span>
     <span class='ocr_line' id='line_1_37' title="bbox 315 4782 2861 4871; baseline 0.002 -28"><span class='ocrx_word' id='word_1_326' title='bbox 315 4782 492 4860; x_wconf 91' lang='lat' dir='ltr'>plico</span> <span class='ocrx_word' id='word_1_327' title='bbox 537 4786 668 4847; x_wconf 87' lang='lat' dir='ltr'>che</span> <span class='ocrx_word' id='word_1_328' title='bbox 717 4784 788 4848; x_wconf 88' lang='lat' dir='ltr'>in</span> <span class='ocrx_word' id='word_1_329' title='bbox 839 4786 1009 4867; x_wconf 85' lang='lat' dir='ltr'>ogni</span> <span class='ocrx_word' id='word_1_330' title='bbox 1058 4808 1186 4850; x_wconf 87' lang='lat' dir='ltr'>sua</span> <span class='ocrx_word' id='word_1_331' title='bbox 1233 4788 1445 4851; x_wconf 86' lang='lat' dir='ltr'>lettra</span> <span class='ocrx_word' id='word_1_332' title='bbox 1493 4808 1582 4852; x_wconf 89' lang='lat' dir='ltr'>ne</span> <span class='ocrx_word' id='word_1_333' title='bbox 1629 4785 1814 4853; x_wconf 73' lang='lat' dir='ltr'>faeci</span> <span class='ocrx_word' id='word_1_334' title='bbox 1854 4792 2157 4871; x_wconf 88' lang='lat' dir='ltr'>qualche</span> <span class='ocrx_word' id='word_1_335' title='bbox 2186 4789 2545 4853; x_wconf 90' lang='lat' dir='ltr'>mentione</span> <span class='ocrx_word' id='word_1_336' title='bbox 2578 4788 2709 4851; x_wconf 90' lang='lat' dir='ltr'>che</span> <span class='ocrx_word' id='word_1_337' title='bbox 2742 4784 2861 4869; x_wconf 71' lang='lat' dir='ltr'>piu</span> 
     </span>
     <span class='ocr_line' id='line_1_38' title="bbox 317 4887 2861 4979; baseline 0.001 -28"><span class='ocrx_word' id='word_1_338' title='bbox 317 4887 518 4967; x_wconf 85' lang='lat' dir='ltr'>giova</span> <span class='ocrx_word' id='word_1_339' title='bbox 563 4892 754 4955; x_wconf 90' lang='lat' dir='ltr'>mille</span> <span class='ocrx_word' id='word_1_340' title='bbox 803 4896 1014 4973; x_wconf 88' lang='lat' dir='ltr'>volte,</span> <span class='ocrx_word' id='word_1_341' title='bbox 1065 4898 1198 4959; x_wconf 90' lang='lat' dir='ltr'>che</span> <span class='ocrx_word' id='word_1_342' title='bbox 1241 4916 1334 4958; x_wconf 92' lang='lat' dir='ltr'>un</span> <span class='ocrx_word' id='word_1_343' title='bbox 1366 4899 1586 4959; x_wconf 88' lang='lat' dir='ltr'>breve</span> <span class='ocrx_word' id='word_1_344' title='bbox 1619 4918 2007 4979; x_wconf 89' lang='lat' dir='ltr'>commune,</span> <span class='ocrx_word' id='word_1_345' title='bbox 2056 4898 2204 4961; x_wconf 89' lang='lat' dir='ltr'>scio</span> <span class='ocrx_word' id='word_1_346' title='bbox 2234 4899 2427 4979; x_wconf 89' lang='lat' dir='ltr'>quod</span> <span class='ocrx_word' id='word_1_347' title='bbox 2454 4894 2642 4958; x_wconf 89' lang='lat' dir='ltr'>dico:</span> <span class='ocrx_word' id='word_1_348' title='bbox 2694 4891 2861 4955; x_wconf 89' lang='lat' dir='ltr'>novi</span> 
     </span>
    </p>
   </div>
  </div>
 </body>
</html>
