3575 5775
1700 536 2159 594 0-2139853-0'

638 683 925 767 Signori
985 685 1058 746 di
1105 685 1342 748 Roma
1405 705 1532 746 son
1590 683 1749 746 fatti
1814 695 2013 748 tanto
2064 687 2295 748 securi
2344 684 2532 748 della
2582 703 2750 748 cosa
2798 686 3209 748 Lutherana

637 793 1008 874 pensando
1078 794 1208 855 che
1275 812 1406 873 per
1470 793 1568 855 tal
1634 801 1784 854 atto
1856 793 1925 854 16
1988 791 2185 855 fusse
2234 812 2527 876 prorsus
2596 793 2915 855 extincta
2962 803 3035 854 et
3082 794 3216 854 che

639 899 870 981 questi
929 900 1176 982 populi
1231 898 1510 962 fussero
1569 899 2129 963 christianissimi
2178 909 2249 962 et
2298 899 2542 964 devoti
2592 901 2733 962 alla
2780 898 2973 962 Sede
3022 900 3212 980 Apo-

641 1007 910 1088 stolica,
962 1007 1092 1068 6116
1133 1005 1269 1070 mai
1306 1006 1369 1068 61
1411 1007 1650 1068 hanno
1687 1007 1904 1089 dopoi
1937 1007 2059 1090 piu
2092 1017 2424 1088 pensat03
2476 1006 2787 1088 alioquin
2820 1027 2961 1068 non
2998 1008 3215 1069 credo

641 1116 771 1176 che
821 1124 1018 1176 tanto
1067 1124 1308 1195 tempo
1357 1114 1746 1177 havessero
1796 1113 1979 1176 fatto
2029 1111 2179 1177 cosi
2225 1133 2453 1196 pocca
2500 1114 2710 1178 stima
2756 1132 2899 1176 non
2949 1113 3111 1175 dico
3142 1111 3216 1174 di

641 1243 750 1284 me
803 1242 916 1284 ma
963 1221 1032 1284 di
1083 1241 1160 1284 se
1207 1222 1414 1284 stessi
1465 1230 1537 1285 et
1584 1221 1684 1284 dil
1731 1224 1961 1284 honor
2011 1230 2083 1283 et
2130 1223 2503 1284 commodo
2552 1222 2738 1300 loro,
2805 1221 2965 1282 anci
3012 1219 3086 1282 di
3148 1220 3219 1281 la

639 1349 908 1392 summa
957 1330 1048 1392 de
1096 1329 1165 1390 la
1213 1327 1670 1392 Christianita
1719 1339 1790 1390 et
1836 1327 2027 1392 Sede
2074 1327 2517 1410 Apostolica.
2596 1327 2719 1390 Ma
2774 1327 2857 1389 V.
2916 1325 2988 1390 S.
3024 1327 3219 1390 Rma

639 1457 714 1499 se
777 1435 993 1516 degni
1057 1455 1312 1518 sapere
1378 1435 1510 1497 che
1576 1437 1691 1498 nel
1757 1435 2109 1518 principio
2174 1437 2273 1498 tal
2336 1433 2683 1498 industria
2744 1435 2897 1500 usai
2961 1454 3097 1496 con
3148 1435 3219 1495 la

637 1543 873 1625 gratia
938 1543 1009 1605 di
1055 1543 1196 1605 Dio
1259 1543 1390 1606 che
1458 1552 1528 1605 et
1577 1541 1840 1606 Cesare
1905 1551 1975 1604 et
2039 1541 2085 1605 li
2149 1541 2525 1605 conselieri
2588 1542 2816 1624 primo
2866 1541 3115 1604 videro
3166 1541 3214 1604 il

637 1649 852 1712 fuoco
918 1648 1087 1713 delli
1151 1649 1314 1715 libri
1382 1651 1514 1712 che
1580 1649 1640 1713 si
1689 1669 2117 1730 pensassero
2168 1650 2489 1712 havermi
2537 1669 2880 1714 concesso
2928 1649 2975 1710 il
3024 1667 3215 1710 man-

640 1759 838 1830 dato:
891 1757 940 1820 il
989 1759 1156 1838 qual
1202 1767 1440 1820 tamen
1487 1757 1611 1839 gia
1660 1777 1782 1820 era
1832 1765 1943 1820 sta
1990 1777 2356 1836 601166550,
2406 1769 2479 1820 et
2521 1777 2788 1819 ancora
2819 1778 2861 1818 a
2896 1755 3215 1831 Colonia,

640 1864 764 1926 vix
814 1863 1054 1944 aliquo
1122 1863 1222 1925 ita
1280 1863 1664 1946 cogitante,
1732 1862 1810 1925 fu
1870 1861 2055 1924 fatta
2115 1865 2171 1926 sl
2223 1865 2414 1928 bella
2462 1863 2889 1928 executione
2940 1871 3011 1925 et
3059 1883 3217 1924 cum

639 1972 914 2052 grande
976 1970 1326 2034 industria
1386 1971 1518 2034 che
1567 1971 1787 2034 Cesar
1849 1989 2009 2033 esso
2074 1971 2373 2053 proprio
2436 1971 2629 2034 disse
2678 1972 2820 2033 allo
2870 1969 3217 2051 episcopo

643 2078 1044 2141 Leodiense
1104 2089 1174 2140 et
1239 2079 1438 2142 molti
1502 2078 1664 2141 altri
1731 2078 2007 2160 signori
2069 2079 2201 2140 che
2266 2079 2335 2140 in
2403 2099 2578 2141 vero
2640 2078 2709 2140 io
2770 2078 2864 2140 mi
2914 2087 3219 2158 portava

639 2187 858 2248 molto
906 2185 1486 2266 vigorosamente
1536 2195 1606 2246 et
1655 2186 1788 2248 che
1836 2183 1983 2247 cosi
2034 2205 2111 2248 se
2162 2187 2396 2248 dovea
2430 2184 2559 2248 far.
2632 2185 2753 2248 Ma
2782 2187 2849 2247 al
2882 2193 3219 2268 presente

640 2293 771 2354 6116
804 2301 987 2354 tutta
1026 2293 1094 2353 la
1142 2290 1530 2355 Germania
1578 2292 1614 2354 ὲ
1665 2292 1734 2354 111
1785 2293 2002 2372 volta,
2055 2302 2127 2354 et
2176 2293 2363 2354 delle
2416 2293 2513 2354 X.
2564 2293 2753 2374 parti
2804 2293 2878 2354 di
2926 2312 3086 2354 essa
3152 2293 3219 2354 le

640 2420 824 2462 nove
874 2399 1072 2462 crida
1120 2400 1386 2462 Luther
1449 2408 1519 2461 et
1567 2401 1635 2462 la
1698 2400 2005 2480 decima,
2048 2418 2149 2464 ,se
2212 2418 2353 2462 non
2419 2419 2496 2462 se
2546 2419 2717 2464 cura
2766 2400 2883 2464 dei
2934 2398 3095 2462 ditti
3144 2398 3217 2459 di

641 2506 927 2585 Luther,
976 2507 1224 2570 saltem
1275 2505 1474 2568 crida
1523 2508 1594 2569 la
1647 2515 1877 2569 morte
1926 2507 2067 2569 alla
2108 2505 2321 2569 Corte
2371 2507 2443 2568 di
2491 2508 2733 2570 Roma
2780 2517 2852 2569 et
2900 2506 3219 2587 ogniuno

639 2614 993 2677 domanda
1040 2623 1113 2676 et
1160 2614 1357 2677 crida
1405 2614 1710 2677 concilio
1760 2623 1833 2676 et
1880 2615 1951 2676 lo
2000 2614 2267 2678 voleno
2318 2614 2389 2677 in
2417 2613 2824 2694 Germania,
2876 2624 2947 2676 et
2999 2613 3219 2694 quelli

641 2723 771 2784 che
821 2721 942 2804 piu
993 2721 1498 2784 deverebbeno
1545 2721 1656 2784 far
1707 2741 1839 2805 per
1888 2722 2029 2801 noi,
2078 2721 2222 2785 imo
2274 2741 2405 2803 per
2438 2722 2512 2784 se
2544 2722 2771 2802 stessi,
2822 2721 3056 2784 alcuni
3087 2740 3223 2801 per

639 2828 974 2909 timidita,
1039 2830 1273 2907 alcuni
1337 2850 1466 2911 per
1515 2830 1866 2912 dispett0‚
1930 2830 2093 2894 altri
2143 2850 2273 2912 per
2328 2831 2635 2913 qualche
2684 2849 2812 2893 suo
2862 2830 3217 2909 desegno:

640 2937 888 2999 invero
957 2939 1088 3000 che
1155 2939 1248 2999 da
1295 2938 1534 3000 Roma
1591 2958 1667 3001 se
1718 2958 1810 3002 ne
1860 2938 2272 3001 deverebbe
2318 2938 2430 3000 far
2481 2940 2783 3021 qualche
2834 2937 3218 2999 demostra-

637 3046 832 3107 tione
881 3045 953 3106 di
1002 3044 1204 3107 farne
1253 3044 1459 3107 stima
1507 3056 1579 3107 et
1622 3046 1942 3108 havermi
1994 3045 2329 3111 mandato
2376 3047 2446 3107 la
2480 3045 2689 3106 Bulla
2736 3045 2827 3107 de
2858 3044 2999 3105 mia
3032 3064 3218 3105 com—

638 3152 976 3214 missione
1026 3172 1182 3214 eum
1227 3161 1585 3232 potestate
1633 3153 2134 3232 substituendi,
2186 3162 2257 3214 et
2306 3152 2537 3234 questi
2590 3151 2807 3213 Brevi
2856 3150 3219 3213 adirizzati

641 3280 682 3321 a
732 3260 844 3321 chi
911 3262 1004 3321 ho
1066 3258 1188 3341 gia
1256 3259 1684 3322 demandato
1753 3271 1826 3321 et
1872 3260 2068 3323 molti
2121 3258 2543 3322 credentiali
2592 3278 2634 3319 a
2684 3258 3004 3338 Principi
3054 3268 3126 3319 et
3176 3278 3221 3319 a

641 3350 983 3447 Episcopi
1033 3375 1102 3428 et
1135 3367 1400 3429 Prelati
1452 3376 1523 3429 et
1571 3366 1821 3428 denari
1872 3365 1928 3429 si
1978 3386 2108 3449 per
2156 3366 2297 3429 mio
2348 3366 2548 3427 viver
2597 3384 2795 3427 come
2827 3385 2957 3448 per
2992 3366 3221 3427 donar

639 3494 682 3535 a
717 3473 1083 3536 secretarii
1118 3484 1190 3536 et
1236 3494 1278 3536 a
1325 3474 1562 3555 sbirri,
1609 3474 1660 3535 li
1706 3474 1900 3555 quali
1934 3475 2097 3536 tutti
2128 3472 2483 3536 ancorche
2519 3472 2721 3537 sieno
2756 3471 3219 3535 infensissimi

641 3582 784 3642 alla
814 3580 1025 3643 Corte
1059 3582 1131 3642 di
1163 3580 1422 3661 Roma,
1472 3583 1855 3643 tuttavolta
1888 3582 2190 3662 qualche
2233 3582 2501 3643 denaro
2551 3579 2599 3641 li
2651 3580 2949 3643 farebbe
2998 3581 3221 3641 saltar

641 3710 685 3751 a
731 3699 976 3752 nostro
1023 3690 1257 3769 mod0,
1307 3688 1475 3770 quia
1522 3689 1732 3752 aliter
1778 3689 1955 3751 nihil
2002 3688 2083 3751 fit
2131 3699 2201 3753 et
2243 3688 2363 3751 vix
2402 3687 2502 3749 sic
2537 3687 2881 3751 faciemus
2913 3686 3217 3767 aliquid:

641 3797 800 3859 anci
833 3818 910 3859 se
947 3796 1072 3879 piu
1122 3806 1560 3878 expettam0‚
1611 3796 1684 3859 in
1733 3798 1833 3860 tal
1881 3797 2095 3859 modo
2144 3795 2417 3879 piliano
2448 3794 2661 3877 piede
2697 3793 2926 3875 questi
2960 3793 3217 3856 Luthe-

639 3906 830 3983 rani‚
899 3906 1031 3967 6116
1101 3912 1296 3967 certo
1345 3904 1441 3967 mi
1490 3904 1790 3967 dubbito
1842 3906 1973 3966 che
2023 3912 2358 3985 questoro
2407 3904 2730 3965 haranno
2780 3920 3009 3981 paura
3055 3920 3215 3961 con—

640 4012 950 4080 cedermi
1002 4013 1087 4075 ne
1137 4012 1474 4075 mandato
1524 4012 1611 4073 ne
1661 4010 2090 4073 executione
2140 4018 2389 4072 contra
2437 4011 2627 4089 lom,
2697 4008 2771 4070 id
2824 4008 3014 4088 quod
3076 4006 3219 4069 iam

639 4117 792 4181 fere
825 4119 1224 4183 concedere
1271 4119 1542 4199 timent,
1592 4128 1670 4180 ut
1719 4119 1857 4200 ipsi
1900 4117 2145 4179 dicunt
2176 4137 2267 4179 ne
2300 4119 2608 4199 populus
2640 4114 3055 4177 concitetur.
3126 4113 3221 4175 Et

639 4226 1022 4287 tuttavolta
1069 4228 1252 4288 altra
1299 4226 1417 4287 via
1465 4246 1606 4287 non
1656 4226 1692 4288 ὲ
1743 4226 1816 4287 di
1864 4232 2121 4287 metter
2168 4223 2411 4302 frenc,
2460 4223 2725 4304 perche
2776 4222 2824 4283 li
2874 4220 3219 4284 Germani

638 4333 912 4395 hormai
979 4332 1220 4395 niente
1285 4332 1620 4415 stimanO,
1691 4332 1830 4395 imo
1893 4352 1968 4394 se
2015 4331 2270 4393 ridono
2320 4332 2409 4393 de
2460 4328 3106 4392 excomunicationi
3144 4336 3219 4390 et

641 4439 688 4501 li
751 4440 918 4503 frati
989 4460 1128 4502 non
1197 4440 1461 4503 audent
1520 4441 1637 4502 vel
1701 4440 1951 4502 nolunt
2017 4439 2086 4501 in
2150 4438 2445 4521 pulpitis
2492 4437 2917 4519 praedicare
2967 4446 3219 4497 contra

640 4546 1048 4628 Lutherum‚
1099 4549 1191 4610 ad
1240 4548 1338 4609 tal
1388 4548 1519 4609 6116
1570 4548 1606 4611 ὲ
1657 4556 1843 4609 stato
1892 4546 2141 4608 scritto
2191 4566 2232 4608 6
2266 4544 2489 4608 Cesar
2530 4552 2601 4607 et
2636 4546 2811 4607 letto
2844 4543 2915 4603 in
2952 4544 3017 4604 el
3052 4562 3217 4605 con·

641 4654 818 4715 selio
853 4656 986 4717 che
1035 4674 1176 4717 una
1226 4656 1465 4718 donna
1512 4654 1582 4717 in
1621 4656 1953 4717 Anversa
2001 4652 2307 4715 affront&
2356 4651 2427 4713 in
2478 4670 2823 4733 pergamo
2872 4670 2963 4712 un
3029 4649 3218 4713 frate

643 4773 715 4822 et
777 4762 1126 4825 mostrolli
1193 4782 1283 4824 un
1334 4762 1518 4825 libro
1569 4762 1640 4824 di
1691 4762 1959 4825 Luther
2008 4761 2077 4823 in
2128 4762 2501 4823 alemanno
2551 4770 2620 4821 et
2670 4758 2912 4821 disseli
2962 4757 3095 4819 che
3142 4756 3215 4818 in

643 4870 955 4953 dispetto
1007 4889 1133 4931 suo
1185 4870 1252 4931 lo
1302 4870 1768 4952 leggerebbe.
1858 4868 2214 4931 Innumeri
2265 4868 2502 4929 hanno
2553 4876 2832 4929 cessato
2882 4864 3003 4947 piu
3054 4884 3213 4927 con·
