3575 5775
1341 579 1835 635 &amics-0

319 727 503 788 brevi
578 728 878 807 qualche
943 727 1199 790 bestial
1250 726 1659 805 insolentia,
1725 729 1772 789 il
1838 728 1971 789 che
2043 726 2098 788 si
2151 727 2677 809 comprehende
2740 747 2869 807 per

320 834 499 896 molti
557 834 776 896 strani
839 833 1042 915 segni
1106 843 1175 896 et
1237 835 1484 916 parole
1553 855 1676 896 sue
1741 837 1872 896 che
1932 834 2075 916 egli
2126 833 2471 896 minaccia
2519 843 2768 895 contra
2819 833 2868 894 il

319 942 496 1002 clero
544 949 618 1002 et
663 941 782 1003 noi
831 950 904 1004 et
950 961 1080 1023 per
1130 943 1194 1003 el
1242 941 1428 1004 tenir
1477 941 1566 1004 de
1617 942 1888 1004 Hutten
1941 952 2011 1004 et
2059 945 2212 1004 suoi
2254 914 2583 1023 complici
2634 949 2703 1002 et
2749 942 2866 1002 ha-

316 1068 433 1109 ver
478 1068 618 1110 uno
666 1048 904 1110 studio
956 1048 1025 1110 di
1073 1047 1238 1109 libri
1286 1049 1659 1126 lutherani,
1708 1047 1901 1128 quali
1950 1070 2027 1111 se
2074 1048 2148 1110 fa
2195 1050 2449 1130 legger
2483 1047 2869 1110 ordinaria·

315 1163 538 1216 mente
586 1153 655 1215 in
709 1175 972 1235 mensa,
1025 1165 1096 1216 et
1143 1175 1369 1236 pocca
1417 1155 1624 1218 stima
1657 1155 1731 1217 fa
1761 1157 1951 1218 dello
1980 1155 2284 1235 Imperio
2312 1163 2383 1217 et
2419 1155 2608 1217 della
2631 1153 2866 1234 Dieta,

313 1263 520 1340 (dalla
567 1263 731 1342 qual
781 1281 981 1324 come
1031 1264 1120 1324 de
1170 1261 1289 1342 qui
1337 1262 1396 1324 si
1443 1259 1630 1346 dice)
1680 1263 1772 1324 da
1820 1261 1939 1344 piu
1989 1283 2296 1345 persone
2346 1261 2381 1324 ὲ
2432 1271 2617 1324 stato
2667 1260 2865 1323 udito

312 1366 400 1428 lui
448 1368 634 1428 soler
683 1366 836 1429 dire
898 1369 1030 1429 che
1082 1368 1344 1431 Cesare
1392 1378 1463 1431 et
1509 1370 1557 1430 li
1607 1366 1791 1430 Stati
1840 1369 1909 1431 in
1959 1372 2028 1431 la
2077 1370 2268 1432 dieta
2317 1367 2865 1432 deliberaranno

311 1483 374 1535 et
423 1473 516 1535 lui
565 1473 723 1535 fara
755 1477 822 1536 le
856 1475 1313 1555 conclusioni,
1366 1486 1437 1537 et
1466 1475 1694 1556 questi
1728 1475 1794 1537 di
1830 1475 2135 1556 proximi
2170 1474 2471 1538 essendo
2506 1484 2615 1537 sta
2650 1474 2867 1536 citato

310 1583 396 1642 ad
429 1601 799 1662 comparer
835 1601 1072 1643 coram
1097 1581 1357 1645 Cesare
1392 1604 1520 1664 per
1553 1602 1861 1647 evacuar
1894 1593 2089 1645 certa
2117 1603 2331 1645 causa
2361 1582 2432 1643 di
2458 1583 2863 1662 represalee

313 1687 628 1750 francese
689 1697 1035 1751 arrestate
1081 1689 1153 1750 in
1204 1711 1412 1752 mano
1464 1691 1578 1751 del
1628 1690 2110 1768 Treverense‚
2174 1689 2270 1750 lui
2336 1708 2629 1769 respose
2677 1687 2863 1750 assai

312 1794 784 1857 incivilmente
833 1795 901 1857 al
948 1796 1274 1858 heraldo:
1326 1797 1545 1859 Cesar
1590 1797 1750 1858 vole
1802 1798 1931 1859 che
1979 1795 2048 1858 io
2083 1795 2321 1858 cerchi
2368 1796 2549 1858 altro
2598 1795 2863 1875 partito

78 1895 81 1938 ¹
313 1902 460 1963 chel
509 1921 659 1981 su0‚
711 1910 782 1964 et
829 1903 1079 1963 alcune
1130 1904 1309 1964 altre
1358 1923 1499 1963 non
1549 1905 1767 1965 molto
1819 1905 2117 1965 honeste
2165 1905 2447 1984 parole;
2498 1911 2570 1964 et
2609 1913 2861 1982 questo

78 1985 81 2074 ἶ
312 2009 348 2069 e
391 2029 592 2071 come
641 2008 896 2088 serim,
946 2009 1062 2070 del
1113 2010 1242 2070 che
1291 2008 1384 2069 ho
1436 2012 1678 2071 voluto
1729 2010 2015 2072 advisar
2063 2009 2153 2071 V.
2205 2011 2275 2074 S.
2326 2010 2495 2074 Rm.

78 2077 81 2128 Ι
478 2116 568 2177 Et
617 2114 1011 2197 parimente
1062 2117 1195 2178 che
1243 2137 1418 2177 sono
1469 2116 1588 2198 gia
1640 2117 1927 2178 adunati
1995 2118 2112 2198 qui
2164 2117 2230 2178 in
2283 2136 2491 2178 cerco
2540 2116 2683 2178 fino
2734 2116 2861 2178 sei-

311 2233 509 2284 cento
561 2223 818 2285 cavalli
867 2232 938 2283 et
989 2243 1126 2284 non
1180 2245 1257 2285 so
1308 2223 1551 2303 quanti
1603 2223 1815 2301 fanti,
1886 2235 1955 2286 et
2005 2224 2221 2286 dicesi
2272 2225 2403 2286 che
2452 2221 2560 2285 fra
2610 2222 2861 2303 pocchi

312 2329 372 2391 di
437 2352 528 2392 ne
609 2351 915 2391 saranno
995 2328 1136 2390 fino
1214 2330 1354 2391 alla
1416 2351 1686 2392 summa
1735 2332 1805 2392 di
1854 2332 2040 2393 mille
2091 2330 2558 2412 cinquecento
2609 2331 2863 2393 cavalli

310 2449 484 2499 sotto
537 2458 746 2499 nome
811 2437 879 2498 di
931 2436 1372 2498 confederati
1423 2419 1950 2518 gentilhomini;
2002 2459 2114 2500 ma
2160 2457 2237 2500 re
2273 2457 2443 2500 vera
2478 2438 2567 2498 ad
2603 2437 2860 2499 instan-

309 2543 400 2604 tia
473 2553 546 2605 et
593 2552 780 2605 sotto
854 2543 901 2604 il
951 2543 1217 2605 vexillo
1287 2544 1356 2604 di
1407 2543 1885 2626 Sichinghen‚
1964 2547 2199 2606 donde
2248 2544 2671 2626 Moguntino
2720 2543 2859 2608 fila.

311 2650 432 2712 Noi
483 2671 828 2731 pensamo
905 2652 1036 2712 che
1099 2671 1175 2712 se
1234 2671 1408 2712 sono
1472 2651 1590 2733 gia
1657 2651 2041 2733 discoperti
2092 2673 2221 2732 per
2270 2652 2589 2714 metterci
2637 2671 2864 2733 paura

309 2768 376 2819 et
438 2759 573 2819 che
639 2779 778 2820 non
847 2757 1191 2819 facciamo
1258 2757 1634 2820 execution
1696 2759 1883 2821 delle
1952 2781 2117 2820 cose
2167 2760 2257 2820 de
2308 2759 2576 2821 Luther
2624 2758 2860 2840 quiin

307 2864 523 2937 dieta:
591 2874 826 2926 tamen
890 2884 1144 2927 revera
1193 2865 1594 2928 Francesco
1659 2866 1752 2928 ha
1802 2864 2071 2927 obietto
2123 2865 2348 2927 andar
2396 2873 2645 2928 contra
2692 2865 2856 2928 Tre-

309 2973 490 3052 veri,
554 2994 754 3035 come
813 2972 934 3054 gia
1001 2972 1234 3035 alcuni
1305 2974 1476 3034 mesi
1525 2972 1889 3035 minaceio.
1988 2972 2199 3033 Certo
2249 2973 2560 3034 Trevere
2628 2970 2720 3033 mi
2766 2974 2861 3034 ha

308 3080 496 3141 detto
545 3079 819 3140 haverli
884 3080 1062 3141 fatto
1121 3079 1450 3141 intender
1497 3081 1627 3140 che
1680 3082 1747 3141 lo
1800 3087 2090 3159 expetta
2144 3078 2213 3139 di
2265 3081 2457 3140 buon
2506 3078 2739 3141 animo
2791 3088 2861 3140 et

307 3188 430 3248 che
480 3208 694 3267 spera
741 3185 901 3248 sarli
949 3196 1315 3248 recontrar
1349 3206 1517 3247 cosa
1565 3188 1694 3247 che
1747 3186 1790 3247 li
1828 3184 1987 3247 altri
2019 3184 2355 3247 Germani
2402 3184 2495 3246 fin
2548 3184 2665 3265 qui
2718 3203 2857 3247 non

305 3293 536 3355 hanno
586 3292 789 3356 fatto,
885 3292 1062 3354 Esso
1111 3292 1406 3353 Treveri
1471 3293 1506 3353 ὲ
1557 3312 1698 3353 una
1742 3293 1957 3371 volpe
2009 3292 2079 3352 di
2127 3293 2365 3353 buona
2412 3301 2601 3353 sorte
2652 3302 2723 3353 et
2769 3294 2860 3353 ha

305 3401 536 3461 buona
587 3400 955 3480 alligantia
1004 3420 1136 3460 con
1188 3400 1253 3460 el
1305 3399 1485 3460 duca
1534 3398 1825 3460 Saxone
1876 3408 1947 3460 et
1995 3398 2433 3480 Lantgravio
2483 3398 2553 3460 di
2602 3400 2861 3462 Hassia

306 3505 650 3587 principal
701 3506 956 3567 nimico
1007 3505 1077 3566 di
1126 3504 1508 3567 Francisco
1559 3514 1628 3567 et
1679 3526 1819 3567 non
1868 3506 1917 3567 li
1964 3526 2215 3567 manca
2262 3505 2306 3567 l’
2335 3506 2570 3568 animo
2621 3506 2858 3569 defen-

305 3613 484 3673 dersi
540 3614 634 3674 da
660 3610 1042 3674 Francisco
1094 3623 1164 3675 et
1212 3613 1304 3673 da
1335 3612 1605 3673 Hutten
1656 3622 1724 3673 et
1774 3611 1926 3674 suoi
1978 3612 2390 3692 conlatroni‚
2440 3614 2570 3675 che
2606 3614 2743 3675 Dio
2792 3617 2860 3677 lo

305 3720 652 3781 benedica
699 3740 830 3800 per
876 3718 1064 3780 mille
1111 3720 1338 3791 volte;
1391 3728 1461 3780 et
1509 3720 1787 3781 volesse
1835 3718 1945 3781 far
1994 3740 2123 3800 per
2171 3740 2299 3782 sua
2343 3720 2583 3783 divina
2616 3733 2861 3803 poten·

305 3824 392 3888 tia
443 3828 577 3889 che
628 3827 866 3907 quello
915 3828 1098 3888 altro
1150 3827 1405 3887 elettor
1454 3826 1757 3907 galerito
1808 3827 2109 3888 havesse
2159 3828 2257 3888 tal
2308 3828 2540 3889 animo
2591 3830 2721 3890 che
2771 3830 2862 3890 ha

305 3934 592 3996 Treveri
672 3934 803 3995 che
853 3952 991 3994 non
1067 3933 1441 3995 saressimo
1515 3932 1648 4015 qua
1697 3932 1766 3994 in
1819 3933 2050 4013 questi
2100 3933 2404 4005 fastidii3
2477 3934 2738 4015 alioqui
2790 3933 2858 3996 in

303 4042 588 4123 reliquis
636 4040 736 4103 lui
785 4042 822 4103 ὁ
869 4060 960 4103 un
1013 4039 1338 4121 principe
1388 4040 1550 4121 pien
1604 4038 1674 4101 di
1723 4040 1897 4121 ogni
1944 4039 2161 4102 bonta
2227 4050 2295 4101 et
2343 4040 2525 4102 virtu
2578 4050 2861 4104 excetta

305 4149 366 4209 la
429 4158 696 4231 troppa
753 4146 1052 4209 timidita
1114 4148 1185 4208 la
1248 4148 1458 4228 quale
1530 4146 1576 4207 li
1640 4146 1859 4209 fanno
1909 4167 2191 4211 crescer
2255 4149 2325 4209 di
2372 4150 2764 4232 vantaggio
2813 4150 2862 4211 li

307 4255 888 4319 Lutheranissimi
951 4255 1084 4316 che
1145 4255 1238 4315 ha
1300 4254 1371 4316 in
1439 4274 1606 4316 casa
1673 4264 1742 4316 et
1791 4274 1932 4317 non
1982 4257 2102 4318 vol
2150 4258 2401 4318 creder
2450 4256 2520 4318 di
2569 4256 2861 4337 haverli,

307 4382 436 4425 non
505 4366 842 4425 obstante
914 4363 1042 4423 che
1093 4360 1142 4422 il
1191 4358 1296 4421 S‘0
1365 4360 1782 4423 Carrazzolo
1852 4372 1923 4423 et
1988 4360 2055 4424 io
2105 4361 2501 4425 assaissime
2550 4365 2741 4425 volte
2790 4366 2860 4426 lo

307 4472 681 4535 habbiamo
731 4470 1064 4532 ravisatO.

475 4578 580 4641 Lo
615 4578 772 4641 i11m⁰
823 4578 1103 4639 ellettor
1129 4575 1650 4654 Brandeburgh
1686 4573 2010 4656 principe
2045 4583 2226 4636 tutto
2258 4595 2613 4656 generoso
2640 4576 2863 4658 hoggi

311 4706 378 4747 se
423 4688 654 4749 devea
703 4684 970 4767 partir,
1030 4693 1101 4745 et
1149 4681 1506 4744 mandorni
1554 4682 1708 4744 heri
1755 4701 1915 4743 sero
1964 4704 2008 4744 a
2057 4681 2166 4743 dir
2216 4683 2345 4744 che
2397 4682 2773 4745 scrivendo
2822 4704 2866 4745 a

314 4790 535 4855 Roma
593 4794 666 4855 lo
735 4791 1330 4853 raccomandasse
1396 4788 1515 4850 alli
1587 4788 1780 4869 piedi
1840 4790 1956 4850 del
2008 4788 2136 4850 5⁸¹⁰
2186 4800 2257 4853 et
2304 4812 2347 4853 a
2395 4790 2483 4852 V.
2533 4789 2868 4873 Signoria

313 4897 450 4960 ΚΜ
495 4897 716 4973 assai;
767 4897 1151 4959 tuttavolta
1182 4898 1410 4980 hoggi
1459 4918 1674 4960 ancor
1714 4918 1852 4960 non
1903 4896 1941 4959 e
1976 4898 2259 4979 partito.
2356 4898 2518 4960 Cosi
2568 4900 2631 4961 el
2664 4900 2869 4961 Duca

87 4923 103 5048 ἱ-
2450 5002 2549 5055 14*
