3575 5775
1636 543 2128 600 0-<32988>-<>

600 693 943 775 quirente,
991 692 1374 773 plerasque
1421 690 1808 771 religiones
1857 699 1928 753 et
1977 691 2264 754 ordines
2296 693 2862 775 exemplaritate,
2911 693 3176 757 sancti·

599 799 836 864 monia
882 819 965 862 ac
1002 797 1363 862 hominum
1396 797 1719 860 doctrina
1762 805 2214 879 praestantes
2245 798 2552 880 elegisse
2601 820 2684 863 ac
2716 801 3176 864 substituisse

599 908 718 990 qui
767 906 1027 971 Christi
1088 927 1346 969 nomen
1408 905 1479 968 in
1542 905 1735 968 orbis
1798 914 2040 987 partes
2101 905 2638 988 praedicarent,
2709 907 3176 991 evangelium

598 1016 971 1095 docerent,
1022 1013 1381 1077 erroribus
1443 1021 1515 1076 et
1580 1011 2108 1076 declinantibus
2173 1025 2668 1096 occurrerent,
2737 1014 2923 1078 inter
2986 1035 3177 1096 quos

598 1123 884 1185 celeber
944 1123 1119 1183 ordo
1169 1119 1753 1183 Praedicatorum
1805 1129 1946 1200 est,
2018 1121 2138 1202 qui
2197 1119 2553 1201 religiosis
2599 1120 2770 1184 viris
2818 1122 3180 1204 singulari

597 1229 919 1292 doctrina
966 1229 1343 1290 admodum
1394 1225 1631 1290 floruit
1689 1246 1774 1288 ac
1822 1225 2066 1306 floret,
2137 1227 2341 1289 titulo
2391 1227 2974 1292 Praedicatorum
3027 1249 3174 1291 me-

594 1337 728 1400 rito
778 1336 1156 1399 decoratus
1206 1333 1537 1416 quoniam
1575 1333 1760 1396 inter
1793 1341 2118 1397 caeteros
2148 1334 2434 1397 ordines
2475 1336 2758 1416 pondus
2786 1335 3178 1398 veritatem

593 1443 1005 1525 indagandi,
1055 1442 1248 1505 illam
1278 1441 1765 1523 praedicandi,
1817 1449 2140 1504 errantes
2172 1441 2590 1524 instruendi,
2634 1442 2962 1523 docendi,
2995 1443 3175 1505 dolo

592 1571 765 1614 vero
834 1558 906 1614 et
970 1548 1388 1612 infidelitate
1454 1547 1951 1611 insidiantibus
2022 1548 2439 1628 resistendi,
2509 1548 2670 1612 illos
2735 1533 3178 1632 inquirendi,

593 1656 997 1740 castigandi
1057 1655 1325 1718 eisdem
1386 1654 1726 1718 fratribus
1786 1657 1880 1718 ab
1929 1655 2253 1719 Ecclesia
2299 1657 2439 1719 Dei
2487 1654 2753 1720 Sancta
2815 1657 3178 1720 creditum

590 1763 723 1827 fuit
769 1784 861 1828 ne
910 1763 1337 1827 christianae
1383 1760 1705 1825 veritatis
1767 1760 2266 1844 interpretatio
2313 1762 2712 1844 iniquorum
2761 1763 3044 1827 malicia
3095 1762 3176 1826 in

590 1871 985 1935 contrarios
1036 1879 1108 1933 et
1153 1869 1555 1932 haereticos
1604 1889 1854 1932 sensus
1902 1879 2460 1933 converteretur.

580 1957 591 1970 ’
771 1977 979 2059 Quod
1046 1985 1281 2040 autem
1332 1975 1613 2038 Ulricus
1662 1975 1954 2039 Huuten
2019 1985 2142 2039 aut
2189 1976 2307 2040 alii
2355 1975 2542 2040 forte
2589 1975 2984 2059 iniquitatis
3033 1975 3177 2040 filii

589 2084 877 2150 Martini
926 2083 1218 2148 Lutheri
1282 2083 1830 2146 haeresiarchae
1893 2103 2240 2166 sequaces
2305 2083 2578 2147 animos
2643 2083 3006 2147 hominum
3083 2103 3178 2147 ac

588 2215 788 2258 arma
834 2203 1083 2256 contra
1130 2192 1417 2254 eosdem
1468 2189 1724 2252 fratres
1764 2189 2108 2254 suscitent
2155 2201 2226 2254 et
2273 2190 2644 2272 impellant
2673 2211 2890 2254 nosce
2917 2200 3179 2272 potest

589 2300 923 2365 nobilitas
1000 2309 1157 2376 tua,
1232 2295 1743 2360 concitationes
1815 2298 2158 2361 adversus
2238 2298 2816 2378 praedicatorum
2895 2297 3178 2361 fratres

587 2407 837 2488 factas,
886 2417 1133 2469 contra
1166 2403 1362 2467 Petri
1412 2413 1483 2466 et
1530 2405 2020 2486 apostolorum
2067 2424 2232 2487 ymo
2283 2415 2533 2468 contra
2561 2404 2825 2469 Christi
2857 2404 3176 2468 nuncios

590 2524 663 2578 et
709 2523 959 2576 contra
1004 2511 1234 2595 ipsum
1283 2510 1639 2573 Christum
1686 2530 1818 2591 pro
1869 2531 2008 2593 quo
2059 2511 2316 2574 Petrus
2365 2522 2438 2574 et
2487 2511 2819 2594 Apostoli
2865 2510 3176 2576 fuerunt

590 2633 661 2686 et
720 2641 852 2704 pro
916 2641 1056 2703 quo
1105 2621 1480 2681 Romanus
1530 2617 1872 2681 Pontifex
1933 2627 2007 2679 et
2053 2627 2301 2680 sancta
2346 2618 2683 2682 Romana
2730 2618 3039 2682 ecclesia
3093 2617 3172 2682 in

587 2729 796 2793 terris
845 2735 967 2807 est,
1020 2748 1063 2790 a
1110 2725 1365 2809 quibus
1412 2724 1672 2787 fratres
1717 2723 1854 2806 ipsi
1887 2724 2255 2787 mittuntur
2300 2723 2453 2788 fieri
2503 2746 2585 2788 ac
2633 2725 2852 2789 fuisse
2887 2724 3173 2800 factas:

588 2858 718 2902 nec
787 2856 993 2901 secus
1038 2837 1216 2899 haec
1266 2854 1449 2897 nunc
1517 2834 1608 2896 ab
1658 2831 1905 2919 Ulrico
1952 2831 2023 2894 in
2075 2830 2460 2897 Germania
2515 2843 2894 2915 geruntur,
2968 2853 3175 2916 quae

586 2956 835 3009 contra
899 2945 1187 3007 eosdem
1235 2941 1495 3005 fratres
1556 2950 1680 3003 aut
1726 2940 1904 3003 alios
1953 2940 2308 3003 Christum
2368 2950 2438 3004 et
2486 2940 2636 3005 eius
2683 2940 3176 3025 Evangelium

584 3053 654 3115 in
704 3052 975 3115 Turcas
1034 3049 1454 3131 praedicare
1501 3049 1829 3111 volentes
1895 3067 2140 3110 omnes
2188 3050 2530 3129 expulsos
2595 3051 2713 3111 vel
2759 3048 3176 3113 trucidatos

586 3169 659 3222 et
718 3157 911 3222 facta
972 3156 1192 3220 fuisse
1261 3164 1333 3220 et
1395 3154 1550 3218 fieri
1598 3152 1916 3235 quotidie
1983 3154 2500 3236 cognoscimus·
2595 3154 2870 3236 Quibus
2935 3158 3176 3221 rebus

583 3266 851 3329 factum
911 3273 1020 3328 est
1080 3274 1156 3327 ut
1216 3262 1467 3345 populi
1528 3262 1743 3324 rudes
1809 3260 2260 3343 evangelium
2321 3261 2582 3325 Christi
2643 3271 2838 3327 recte
2905 3264 3176 3329 audire

584 3381 1027 3453 nequeuntes
1088 3370 1422 3433 adiuncta
1466 3368 1755 3432 licentia
1816 3366 2129 3431 libidinis
2179 3390 2218 3431 a
2267 3367 2548 3433 Christo
2613 3390 2694 3433 se
2741 3390 2818 3433 se
2865 3390 3170 3453 separa·

583 3478 817 3542 verint
884 3498 969 3541 ac
1040 3476 1566 3560 spurcissimum
1636 3484 1709 3538 et
1776 3474 2134 3538 infelicem
2196 3476 2730 3541 Mahumethum
2797 3496 2929 3559 pro
2991 3478 3172 3543 Deo

584 3588 823 3649 colant
869 3585 1204 3665 adorent,
1273 3591 1382 3645 tot
1428 3582 1870 3645 exercituum
1918 3580 2309 3645 animarum
2372 3582 2442 3645 in
2494 3584 2704 3665 Asia,
2773 3583 3032 3648 Africa
3089 3596 3176 3651 et

580 3692 915 3775 Europae
960 3700 1167 3773 parte
1214 3689 1617 3772 perditione
1666 3697 1739 3752 et
1782 3698 1986 3752 tanto
2033 3688 2202 3752 fidei
2250 3688 2512 3753 Christi
2561 3690 2986 3754 detrimento
3040 3714 3168 3758 ea-

582 3801 743 3864 dem
776 3799 1281 3862 Maumethana
1323 3817 1521 3860 mens
1570 3796 1765 3877 (licet
1798 3796 2302 3880 diversimode)
2349 3796 2422 3861 in
2455 3798 2886 3880 impiissimis
2917 3798 3170 3864 Ulrici

578 3906 951 3971 conatibus
990 3914 1099 3968 est
1131 3924 1338 3985 nunc,
1379 3903 1500 3985 qui
1533 3922 1880 3986 personas
1915 3913 1987 3967 et
2017 3906 2210 3967 bona
2241 3902 2540 3967 fratrum
2568 3904 3170 3985 praedicatorum

576 4035 709 4097 pro
756 4014 1081 4077 Ecclesia
1126 4012 1266 4075 Dei
1314 4020 1561 4074 sancta
1613 4031 1745 4093 pro
1796 4010 1952 4091 ipso
2003 4010 2284 4074 Christo
2333 4010 2974 4094 evangelizantium
3021 4032 3168 4095 po-

577 4121 763 4205 pulis
824 4120 1240 4202 dirripenda
1305 4117 1521 4182 tradit
1579 4127 1655 4179 ut
1702 4119 1918 4180 escha
1963 4116 2308 4181 avaritiae
2371 4125 2445 4181 et
2503 4138 2740 4182 rerum
2799 4138 3168 4185 novarum

579 4230 835 4311 quibus
880 4226 1126 4309 populi
1174 4226 1626 4289 oblectantur
1679 4224 1841 4286 illos
1890 4234 2333 4287 commoveat
2379 4224 2808 4305 incitetque,
2858 4234 2930 4289 et
2980 4226 3167 4291 defi-

578 4335 928 4399 cientibus
973 4335 1045 4397 in
1092 4334 1217 4396 illa
1262 4330 1692 4397 Germaniae
1740 4338 1946 4414 parte
2002 4329 2174 4411 ipsis
2223 4330 2648 4395 doctissimis
2697 4340 2768 4394 et
2813 4331 3168 4399 fidelibus

578 4442 749 4505 viris
811 4462 943 4524 pro
992 4440 1201 4504 nobis
1264 4448 1335 4503 et
1380 4440 1514 4502 hac
1564 4446 1814 4501 sancta
1861 4434 2082 4517 Sede,
2138 4456 2272 4519 pro
2323 4436 2602 4501 Christo
2653 4438 3164 4521 evangelizari-

576 4548 767 4612 tibus
816 4558 887 4611 et
933 4546 1279 4629 impietati
1314 4546 1713 4628 iniquorum
1747 4543 2266 4625 resistentibus,
2315 4543 2602 4607 Ulricus
2647 4544 2802 4626 ipse
2835 4550 3168 4627 populos

576 4654 725 4741 (qui
786 4654 1071 4737 plurimi
1118 4652 1379 4735 ubique
1426 4653 1640 4715 rudes
1688 4652 1875 4731 sunt)
1939 4671 1983 4714 a
2048 4650 2538 4715 sanctionibus
2583 4651 2952 4715 Ecclesiae
3003 4654 3163 4720 Dei

576 4770 649 4825 et
694 4764 787 4825 ab
833 4762 992 4842 ipso
1025 4758 1305 4823 Christo
1354 4770 1643 4841 separet
1690 4766 1763 4821 et
1807 4757 2081 4840 laqueis
2129 4756 2395 4820 diaboli
2437 4758 2636 4841 liget,
2687 4756 3160 4827 Germaniam

572 4869 741 4933 fidei
765 4866 1393 4951 propugnatricem
1422 4864 2030 4948 persequutricem
2058 4864 2296 4945 faciat,
2329 4884 2422 4927 ex
2445 4863 2859 4929 fidelissima
2879 4864 3162 4932 Christi
