3575 5775
1631 522 2125 582 0-431208m

1824 705 1931 772 45.

1378 821 1722 903 Gal-olus
1777 823 1858 904 V.
1914 823 2277 903 Luthero
2303 821 2371 922 ¹).

1497 962 1664 1032 (Aeta
1699 961 1969 1020 wormac.
2006 959 2099 1020 fol.
2134 961 2263 1034 110.)

1608 1071 1715 1140 (11.
1757 1074 1937 1122 Martii
1985 1077 2153 1136 1521.)

773 1197 1234 1261 Honorabilis
1284 1200 1544 1260 devote
1594 1198 1889 1264 dilecte:
1952 1197 2301 1280 Quoniam
2338 1198 2487 1262 Nos
2537 1209 2609 1261 et
2656 1197 2839 1262 sacri
2886 1199 3167 1280 imperii

595 1314 820 1368 status
868 1304 982 1367 hic
1033 1305 1459 1387 congregati
1491 1305 1943 1388 intendimuS‚
1994 1316 2066 1370 et
2098 1287 2571 1371 conclusimus
2598 1305 2876 1368 ratione
2907 1306 3163 1368 doctri-

591 1433 874 1492 narum,
945 1423 1015 1474 et
1078 1412 1418 1475 librorum
1481 1411 1602 1494 qui
1663 1432 1794 1494 per
1861 1412 2153 1496 aliquod
2222 1426 2501 1494 tempus
2546 1434 2591 1476 a
2638 1423 2707 1476 te
2758 1413 2930 1476 editi
2977 1422 3165 1493 sunt,

591 1540 684 1581 ex
732 1530 803 1581 te
853 1520 1345 1582 certitudinem
1399 1521 1763 1602 accipere:
1834 1521 2005 1584 Ideo
2054 1520 2203 1584 Nos
2252 1521 2380 1583 tibi
2427 1522 2564 1584 huc
2613 1521 3041 1584 adveniendi
3090 1531 3171 1584 et

589 1628 684 1687 ab
723 1625 888 1687 hinc
921 1626 1176 1688 iterum
1203 1627 1591 1690 recedendi
1623 1628 1715 1690 ad
1747 1637 1936 1690 tuam
1970 1647 2293 1692 securam
2326 1627 2797 1708 securitatem,
2844 1637 3171 1690 nostrum

589 1742 663 1795 et
713 1733 899 1796 sacri
944 1731 1220 1814 imperii
1271 1733 1602 1813 liberum,
1668 1744 1740 1796 et
1787 1734 2203 1816 expeditum
2250 1735 2522 1798 salvum
2572 1733 2995 1797 conductum
3044 1736 3162 1797 de-

591 1838 853 1920 dimus,
921 1859 1130 1920 quem
1195 1840 1398 1902 iuxta
1444 1850 1819 1922 presentes
1866 1841 1958 1902 ad
2009 1849 2078 1902 te
2126 1839 2496 1903 mittimus:
2579 1840 2949 1924 Cupiendo
2998 1862 3165 1923 qua-

589 1958 793 2008 tenus
843 1956 914 2008 te
963 1946 1303 2009 maturius
1351 1950 1586 2010 leves:
1644 1946 1746 2009 ita
1796 1948 1987 2028 quod
2037 1946 2107 2009 in
2152 1945 2407 2029 viginti
2460 1957 2531 2008 et
2578 1968 2719 2010 uno
2769 1949 3041 2028 diebus„
3091 1949 3167 2011 in

587 2053 988 2116 huiusmodi
1049 2063 1294 2116 nostro
1363 2055 1564 2116 salvo
1629 2055 1988 2116 conductu
2056 2054 2437 2116 nominatis
2453 2103 2469 2133 ,
2538 2063 2735 2118 certo
2797 2055 2911 2118 hic
2969 2057 3167 2137 apud

589 2180 718 2222 nos
781 2159 1087 2234 existas;
1157 2170 1228 2222 et
1291 2181 1381 2222 ne
1442 2163 1704 2223 absens
1771 2181 2097 2239 maneaS,
2169 2169 2240 2222 et
2304 2160 2433 2222 tibi
2500 2162 2591 2224 de
2658 2161 2996 2224 violentia
3040 2165 3163 2225 vel

589 2265 845 2330 iniuria
893 2268 1086 2329 nullo
1135 2268 1347 2329 modo
1386 2265 1674 2330 timeas:
1726 2266 1910 2347 Quia
1940 2287 2069 2329 nos
2101 2286 2275 2347 erga
2304 2275 2374 2329 te
2407 2266 2809 2348 praefatum
2842 2279 3165 2334 nostrum

589 2375 862 2436 salvum
911 2375 1336 2436 conductum
1385 2373 1679 2437 firmiter
1727 2375 2054 2438 obtinere
2101 2376 2457 2454 volumus,
2506 2396 2721 2458 super
2762 2376 3166 2441 huiusmodi

589 2479 802 2543 etiam
863 2481 1176 2543 adventu
1240 2491 1362 2544 tuo
1425 2501 1555 2544 nos
1616 2481 1903 2545 omnino
1964 2482 2377 2544 fundamus:
2447 2481 2536 2544 Et
2604 2493 2678 2545 tu
2726 2482 2905 2547 facis
2952 2485 3019 2547 in
3070 2505 3161 2548 eo

589 2598 904 2651 nostram
970 2587 1310 2651 seriosam
1369 2590 1847 2652 voluntatem:
1915 2590 2177 2652 Datum
2240 2590 2312 2653 in
2361 2589 2667 2652 Civitate
2732 2601 2975 2655 nostra
3037 2592 3161 2655 irn-

588 2695 842 2777 periali
889 2695 1292 2758 Wormatia
1353 2695 1489 2758 Die
1537 2695 1654 2759 XI
1713 2695 1977 2758 mensis
2041 2696 2281 2759 Martii
2340 2696 2686 2758 MDXXI
2734 2697 3161 2780 Regnorum

586 2812 990 2868 nostrorum
1036 2802 1352 2867 Romani
1399 2805 1717 2868 secundo
1767 2814 2213 2868 coeterorum
2264 2804 2379 2866 X⁰
2425 2801 2688 2867 Sexto:

765 2911 1190 2975 Honorabili
1255 2913 1517 2975 devoto
1585 2913 1793 2977 nobis
1842 2913 2102 2975 dilecto
2154 2912 2429 2975 doctori
2478 2912 2792 2975 Martino
2842 2912 3162 2977 Luthero

585 3019 855 3083 ordinis
903 3017 1151 3082 Sancti
1199 3019 1610 3101 Augustini.
2176 3012 2179 3015 ⁴

1815 3440 1922 3507 46.

1183 3562 1454 3647 Salvus
1511 3565 1903 3645 conductus
1960 3564 2173 3645 datus
2228 3564 2557 3645 Luthoro.

1472 3703 1643 3773 (Aeta
1679 3701 1950 3761 Womao.
1986 3701 2078 3761 fol.
2113 3702 2258 3773 100.)

763 3831 1060 3894 Carolus
1091 3841 1222 3895 ete.
1267 3831 1907 3914 RecognoscimuS,
1945 3851 2103 3895 cum
2135 3830 2285 3894 Nos
2320 3854 2410 3894 ex
2438 3832 2893 3895 moventibus
2921 3832 3158 3895 causis

584 3939 966 4001 Martinum
1017 3938 1403 4002 Lutherum
1455 3938 1724 4002 ordinis
1771 3939 1999 4002 sancti
2048 3938 2455 4021 Augustini,
2503 3941 2640 4003 huc
2684 3938 3155 4001 Wormatiam

583 4047 676 4107 ad
725 4066 855 4108 nos
902 4046 1418 4127 vocaverimus,
1468 4048 1659 4127 quod
1709 4045 1774 4108 ei
1822 4044 2009 4108 illius
2058 4044 2457 4126 occasione,
2508 4055 2825 4109 nostrum
2871 4056 2943 4108 et
2972 4044 3157 4108 sacri

583 4152 860 4233 imperii
909 4152 1230 4234 liberum,
1281 4152 1715 4234 expeditum,
1765 4154 2039 4215 salvum
2088 4154 2535 4235 conductum,
2587 4162 2655 4214 et
2704 4152 3154 4214 securitatem

582 4260 926 4321 adversus
976 4277 1460 4341 quoscumque
1509 4260 2009 4339 concessimuS,
2058 4268 2130 4321 et
2178 4259 2612 4323 addiximus:
2688 4269 2759 4321 et
2805 4262 2940 4322 hoc
2989 4258 3155 4322 faci-

585 4385 736 4427 mus
787 4386 877 4427 ex
927 4366 1284 4429 Caesarea
1329 4352 1724 4448 potestate,
1796 4387 1887 4429 ex
1940 4376 2137 4429 certa
2185 4366 2514 4447 scientia,
2582 4376 2653 4429 et
2699 4376 2949 4429 tenore
2998 4387 3154 4449 pre-

583 4472 904 4534 sentium.
1001 4472 1108 4535 Ita
1157 4494 1370 4555 quum
1415 4474 1572 4555 ipse
1620 4471 1809 4535 infra
1858 4473 2164 4555 spatium
2196 4472 2391 4535 XXI
2440 4472 2735 4553 dierum,
2784 4483 2949 4554 post
2996 4493 3153 4554 pre—

583 4579 1052 4642 sentationem
1087 4582 1334 4644 harum
1365 4592 1766 4643 nostrarum
1798 4580 2213 4661 litterarum,
2244 4580 2379 4641 huc
2408 4578 2881 4643 Wormatiam
2910 4580 3155 4643 venire

634 4714 751 4723 --n-ae-.-
766 4716 779 4722 -

651 4772 688 4839 ⁸)
728 4778 852 4825 Hoc
901 4778 1276 4825 documentum
1327 4793 1432 4826 non
1483 4793 1666 4842 parum
1717 4778 1772 4827 in
1822 4776 2049 4827 lectione
2102 4776 2277 4827 differt
2324 4792 2354 4825 a
2406 4792 2513 4840 quo
2552 4776 2689 4825 inter
2734 4790 2895 4840 opera
2934 4776 3154 4826 Lutheri

725 4866 852 4920 vol.
889 4868 960 4915 11.
1001 4873 1156 4919 extat.
