3575 5775
1685 590 2183 654 «4336οῷ4-

1866 886 2013 953 163.

1141 1012 1425 1095 Hieron.
1485 1012 1831 1093 Rorarius
1886 1011 2205 1092 Mattheo
2264 1012 2345 1091 de
2405 1008 2729 1091 (libet-tis·

1449 1160 1692 1231 (Aruer.
1725 1159 1825 1227 ΣΙ,
1861 1160 2015 1233 Ospa.
2052 1158 2179 1217 111.
2224 1158 2293 1217 N.
2328 1158 2430 1232 15.)

1689 1278 1797 1345 (31.
1836 1279 1972 1345 julii
2018 1276 2191 1348 1324.)

833 1423 947 1485 Da
1005 1422 1338 1504 Augusta
1407 1420 1665 1485 scrisse
1739 1419 2271 1503 copiosamente
2344 1442 2383 1484 3
2433 1418 2523 1483 V.
2574 1416 2647 1485 S.
2720 1427 2793 1482 et
2862 1420 2929 1482 le
3000 1418 3243 1481 avisai

658 1528 870 1592 etiam
921 1530 984 1591 el
1034 1530 1246 1590 modo
1293 1530 1526 1591 havea
1573 1527 1964 1610 imaginato
2015 1530 2104 1591 ad
2148 1527 2510 1608 extirpare
2559 1529 2627 1589 la
2668 1524 2971 1609 perfidia
3002 1526 3239 1589 luthe-

655 1657 861 1717 rana,
913 1646 984 1699 et
1032 1636 1337 1698 maxime
1385 1637 1549 1698 nele
1599 1644 1788 1698 terre
1836 1634 2170 1715 franche,
2222 1646 2293 1697 et
2339 1634 2589 1716 gionto
2640 1634 2757 1715 qui
2804 1634 2875 1696 lo
2922 1634 3016 1695 ho
3068 1653 3242 1694 con·

653 1742 867 1806 ferito
917 1762 1051 1807 con
1102 1744 1168 1805 el
1199 1740 1392 1805 Rmo
1427 1742 1727 1822 LegatO,
1776 1743 1943 1824 qual
1993 1742 2029 1805 ὲ
2078 1761 2422 1804 concorso
2470 1741 2538 1804 in
2573 1742 2810 1823 quella
2842 1739 3245 1803 medesima

657 1850 1029 1931 sententia,
1077 1850 1344 1931 perche
1380 1850 1452 1911 in
1489 1848 1746 1911 effecto
1791 1868 1935 1910 non
1974 1848 2011 1910 ὲ
2048 1850 2229 1910 altro
2276 1868 2469 1910 mezo
2508 1868 2551 1910 a
2581 1847 2861 1929 ponerli
2900 1850 2965 1909 el
2998 1846 3244 1925 freno,

660 1966 731 2020 et
791 1977 904 2020 me
951 1958 1044 2019 ha
1107 1956 1297 2019 dicto
1367 1958 1496 2019 che
1545 1954 1664 2036 gi&
1713 1974 1836 2018 era
1884 1968 1995 2017 sta
2042 1952 2398 2036 previsto,
2470 1967 2541 2018 et
2606 1953 2850 2037 scripti
2898 1951 3105 2017 brevi
3173 1956 3247 2016 al

659 2062 1106 2127 serenissimo
1155 2062 1274 2125 Re
1337 2062 1856 2144 d'Ingiltera¹).
1952 2062 2030 2125 Io
2094 2060 2143 2124 li
2208 2080 2503 2143 respose
2570 2063 2701 2125 che
2765 2069 3016 2143 questo
3085 2080 3245 2123 non

603 2248 606 2253 Ι
658 2173 959 2234 bastava
1022 2169 1284 2253 perche
1335 2170 1396 2232 el
1449 2190 1526 2231 re
1592 2171 1680 2232 de
1731 2168 2075 2249 Ingiltera
2124 2186 2265 2231 non
2314 2168 2722 2231 facilmente
2788 2186 2864 2231 se
2912 2168 3246 2233 moveria

660 2298 702 2341 a
749 2280 849 2341 tal
897 2296 1140 2356 cossa,
1190 2275 1582 2338 dubitando
1632 2274 1824 2367 fiorse
1874 2276 2009 2338 che
2060 2274 2181 2356 poi
2228 2272 2279 2337 li
2328 2273 2721 2357 Osterlingi
2770 2295 2909 2338 non
2960 2294 3038 2338 se
3090 2296 3243 2339 mo·

659 2405 964 2448 vesseno
1033 2393 1282 2445 contra
1331 2382 1401 2445 di
1451 2404 1526 2446 se
1573 2384 1970 2446 retenendo
2019 2383 2065 2444 11
2116 2383 2279 2464 quel
2328 2385 2626 2464 polvere
2689 2402 2819 2445 usa
2864 2382 2913 2445 li
2960 2381 3251 2464 Inglesi

661 2512 704 2555 a
751 2510 1135 2553 conservar
1180 2490 1248 2551 le
1297 2510 1421 2551 sue
1469 2509 1753 2571 pecore,
1804 2510 2019 2551 senza
2069 2491 2136 2552 el
2182 2490 2349 2570 qual
2398 2489 2469 2551 in
2518 2488 2747 2555 minor
2792 2489 3094 2553 termine
3149 2490 3249 2553 de

663 2598 782 2661 dui
845 2597 1010 2659 anni
1060 2596 1456 2660 morerieno
1519 2606 1736 2671 tutte;
1804 2616 1846 2658 a
1908 2597 1978 2659 13
2024 2599 2191 2677 qual
2256 2616 2463 2659 cossa
2510 2596 2549 2659 ὲ
2599 2596 2915 2679 provisto
2978 2616 3119 2661 con
3174 2599 3253 2661 la

663 2724 885 2786 opera
949 2705 1041 2767 ho
1105 2703 1370 2786 scripto
1420 2724 1462 2767 a
1508 2703 1594 2766 V.
1649 2702 1720 2766 S.
1769 2705 1996 2767 haver
2040 2702 2235 2767 facto
2300 2724 2429 2767 con
2493 2704 2710 2786 quelli
2776 2706 2866 2767 de
2916 2704 3249 2785 Lubech‚

663 2814 732 2874 la
781 2811 944 2893 qual
993 2823 1185 2873 terra
1233 2810 1268 2873 ὲ
1317 2813 1386 2875 13
1433 2810 1787 2894 principal
1837 2822 1908 2874 et
1956 2831 2136 2894 capo
2187 2813 2278 2874 de
2324 2812 2373 2874 li
2425 2811 2847 2893 Osterlingi,
2912 2820 2984 2875 et
3031 2832 3252 2875 come

665 2921 902 3002 quella
959 2918 1173 2981 habia
1222 2918 1622 2982 consentito
1667 2929 1849 2982 tutte
1899 2920 1966 2982 le
2018 2922 2193 2983 altre
2242 2919 2542 2984 convien
2594 2921 2819 2982 havet
2864 2919 3251 3003 patientia,

664 3027 851 3090 onde
899 3027 940 3090 e
985 3025 1391 3088 necessario
1441 3028 1573 3090 che
1621 3028 2077 3090 tractandose
2126 3028 2225 3089 tal
2256 3047 2461 3092 cossa
2508 3046 2642 3089 con
2685 3028 2753 3090 el
2782 3027 3251 3090 serenissimo

663 3133 784 3198 Re
845 3134 934 3196 de
981 3133 1327 3215 Ingiltera
1391 3155 1518 3196 sua
1567 3133 1895 3196 Sei-enit&
1944 3133 2051 3196 sia
2096 3132 2477 3196 informata
2542 3135 2632 3195 de
2679 3135 2749 3196 la
2794 3133 3087 3196 volunt&
3152 3137 3253 3198 de

665 3241 828 3323 quei
878 3243 966 3302 de
1001 3239 1360 3321 Lubecha‚
1411 3243 1543 3304 che
1592 3249 1791 3304 tanto
1834 3240 1953 3322 pin
1983 3238 2393 3304 facilmente
2428 3239 2846 3304 consentire.
2924 3239 3007 3302 El
3042 3239 3253 3305 Rmo

666 3349 942 3430 Legato
990 3347 1082 3410 ha
1132 3345 1325 3409 dicto
1373 3349 1668 3410 volerne
1732 3347 2044 3410 scrivere
2094 3368 2137 3410 3
2183 3347 2441 3412 Misser
2484 3347 2840 3410 Melchior
2901 3355 2971 3409 et
3026 3345 3097 3409 io
3154 3369 3253 3412 ne

663 3456 758 3518 ho
823 3455 1066 3516 voluto
1119 3456 1248 3516 dar
1309 3451 1508 3517 aviso
1571 3473 1614 3517 a
1661 3453 1750 3518 V.
1802 3453 1875 3518 S.
1942 3453 2097 3517 acio
2158 3453 2533 3537 parendoli
2600 3475 2686 3517 ne
2746 3475 2959 3536 possa
3021 3455 3255 3519 etiarn

666 3561 934 3624 scriver
1001 3560 1066 3622 al
1113 3559 1396 3641 prefato
1464 3569 1535 3623 et
1584 3559 1916 3624 credame
1964 3559 2051 3623 V.
2106 3557 2178 3624 S.
2238 3563 2368 3624 che
2437 3581 2578 3624 non
2630 3561 2664 3624 ἐ·
2716 3563 2898 3624 altra
2944 3561 3096 3642 via,
3176 3575 3255 3626 et

667 3668 953 3749 quando
1002 3685 1080 3730 se
1124 3666 1341 3730 habia
1391 3679 1687 3749 operato
1755 3668 1857 3730 tal
1906 3688 2110 3732 cossa
2160 3688 2294 3730 con
2344 3667 2688 3749 Ingiltera
2736 3687 2813 3731 se
2860 3667 3069 3750 potr&
3116 3670 3255 3752 poi

666 3782 866 3838 tanto
913 3774 1032 3855 pisi
1095 3773 1500 3837 facilmente
1551 3793 1811 3856 operar
1858 3795 1992 3837 con
2042 3773 2357 3836 Fiandra
2420 3784 2492 3838 et
2538 3795 2671 3837 con
2724 3773 3107 3838 Venetiani
3176 3789 3255 3840 et

668 3883 826 3946 sarii
875 3883 920 3944 11
973 3883 1065 3944 da
1115 3883 1285 3964 ogni
1333 3891 1538 3963 parte
1585 3883 1825 3946 levato
1877 3885 1941 3945 el
1971 3893 2181 3965 poter
2214 3903 2487 3946 mercar
2535 3892 2607 3946 et
2640 3895 3254 3965 consequemente

669 3991 734 4052 el
783 3998 993 4071 poter
1039 3989 1500 4071 lungamente
1547 3989 1618 4051 in
1668 3991 1768 4051 tal
1818 3985 2025 4052 Stato
2074 3989 2307 4053 durar.

845 4095 1176 4160 Referite
1239 4097 1306 4158 al
1356 4105 1548 4158 sei-¹¹¹⁰
1595 4095 1924 4177 Principe
1988 4095 2033 4158 li
2083 4095 2309 4178 gentil.
2357 4095 2788 4178 portamenti
2856 4097 2944 4160 de
2992 4097 3063 4160 13
3112 4119 3255 4164 sua

670 4201 1140 4265 Serenissima
1181 4199 1480 4282 Sor-ella,
1532 4213 1602 4265 et
1649 4203 1771 4285 poi
1821 4203 1937 4265 del
1987 4223 2115 4265 suo
2162 4203 2415 4266 marito
2467 4213 2538 4265 et
2587 4204 2717 4266 che
2748 4203 2833 4268 N.
2864 4200 2938 4269 S.
2989 4215 3255 4270 contra

728 4439 769 4510 ¹)
809 4443 1003 4492 Modus
1043 4459 1197 4507 quem
1241 4443 1502 4493 Rotarius
1541 4444 1868 4494 indicaverat
1906 4451 1957 4493 et
1997 4460 2149 4508 quem
2190 4443 2429 4494 historici
2472 4447 2649 4508 Papae
2687 4444 2947 4494 Clementi
2985 4447 3251 4507 tribuunt,

813 4523 900 4572 hic
938 4531 1078 4572 erat:
1119 4527 1304 4586 Reges
1329 4523 1562 4586 Angliae
1601 4533 1654 4572 et
1693 4523 2054 4587 Portugalliae
2095 4541 2199 4573 non
2240 4524 2498 4590 recipiant
2534 4524 2762 4590 propriis
2799 4525 3055 4590 portubus
3094 4543 3251 4577 com-

815 4603 1128 4652 merciantes
1166 4605 1496 4668 germinicos
1533 4605 1744 4654 illarum
1785 4603 2055 4667 regionum
2098 4620 2249 4669 quae,
2288 4620 2397 4654 non
2434 4605 2742 4656 obedientes
2778 4605 2954 4656 edicto
2988 4609 3251 4658 Worma·

813 4685 986 4744 tiensi‚
1026 4685 1380 4748 suspicionem
1419 4684 1748 4749 praebebant
1783 4685 2015 4734 haeresis
2051 4685 2379 4739 lutheranae.
2441 4687 2529 4734 Sic
2570 4685 2707 4734 enim
2746 4686 2955 4736 avidum
2982 4687 3249 4752 populum

813 4763 1196 4828 temporalibus
1248 4766 1454 4814 damnis
1491 4765 1839 4829 plectebatur.
1916 4763 2035 4813 Tali
2075 4766 2235 4813 modo
2284 4765 2496 4814 saeculo
2534 4767 2677 4815 XVI
2716 4767 2979 4816 Rotarius
3018 4769 3251 4817 Germa-

813 4859 912 4893 nos
965 4845 1312 4908 impugnabat
1360 4845 1548 4894 iisdem
1605 4845 1764 4894 armis
1816 4845 2007 4909 quibus
2064 4845 2277 4895 saeculo
2316 4847 2466 4896 XIX
2504 4845 2749 4910 Napoleo
2786 4845 3101 4910 imperator,
3159 4849 3251 4898 di·

815 4941 965 4975 versa
1001 4940 1100 4990 pro
1139 4939 1324 4986 causa,
1361 4926 1690 4991 impugnavit
1725 4925 2003 4988 Angliam.
