3575 5775
1367 561 1862 632 wasme-⁶

335 739 516 782 nunc
565 720 1081 804 laborantibus»,
1128 728 1428 803 paterne
1475 722 1891 805 prospicere
1927 730 2243 804 conatur,
2292 742 2435 786 non
2464 713 2747 806 vulgari
2780 732 2894 787 me

337 826 573 891 affecit
619 829 907 911 gaudio,
1001 828 1160 911 Ego
1207 828 1557 912 siquidem
1604 829 1724 911 qui
1772 830 1861 895 V.
1909 830 1993 895 B.
2044 839 2115 893 et
2166 828 2479 893 Sanctae
2526 830 2893 894 Ecclesiae

337 932 712 998 Romanae
757 956 871 999 me
919 936 1153 1000 omnia
1202 937 1469 1001 debere
1517 956 1875 1019 agnosco,
1925 957 2133 1000 omne
2180 936 2524 1018 studium,
2589 939 2898 1020 laboreS,

335 1042 758 1124 voluntateS,
809 1042 1118 1125 denique
1165 1064 1278 1107 me
1324 1043 1554 1126 ipsum
1587 1052 1813 1107 totum
1862 1045 1954 1108 ad
1988 1045 2121 1107 hoc
2152 1053 2472 1108 sanctum
2504 1044 2899 1109 institutum

337 1148 640 1214 Vestrae
687 1150 1125 1215 Beatitudini
1171 1148 1540 1233 polliceor,
1588 1162 1805 1233 atque
1841 1171 1973 1233 pro
2008 1152 2365 1225 servanda
2410 1150 2897 1215 incolumitate

338 1266 406 1318 et
451 1258 727 1321 honore
773 1258 960 1321 illius
1004 1256 1312 1321 fideliter
1358 1260 1721 1340 prestabo·
1817 1257 2047 1339 Quum
2096 1268 2332 1321 autem
2380 1277 2521 1339 ego
2580 1258 2723 1323 iam
2779 1258 2898 1323 ali-

337 1363 649 1444 quandiu
703 1364 912 1446 gravi
970 1362 1292 1447 corporis
1354 1372 1426 1426 et
1487 1364 1796 1428 adversa
1858 1366 2269 1429 valetudine
2325 1365 2653 1429 laboravi
2718 1366 2899 1429 adeo

339 1471 525 1551 quod
576 1470 788 1535 etiam
835 1470 906 1535 in
953 1471 1274 1555 periculo
1322 1472 1567 1535 mortis
1614 1472 1908 1553 fuerim,
1970 1472 2106 1535 Dei
2163 1483 2401 1535 tamen
2470 1472 2715 1555 optimi
2765 1494 2900 1536 ma·

337 1577 504 1641 ximi
553 1577 805 1643 favore
853 1578 1373 1662 aliquantisper
1429 1576 1738 1643 Sanitati
1784 1579 2187 1661 restitutus,
2249 1580 2349 1642 ita
2413 1588 2650 1643 tamen
2712 1582 2901 1663 quod

338 1687 608 1768 absque
656 1705 926 1749 summo
973 1685 1291 1769 periculo
1323 1706 1436 1749 me
1467 1686 1837 1750 laboribus
1876 1685 2205 1751 itinerum
2252 1706 2437 1749 nunc
2489 1686 2901 1751 submittere

339 1811 476 1855 non
523 1812 848 1875 possum,
897 1813 1119 1875 quare
1165 1793 1329 1857 huic
1376 1793 1778 1877 principum
1828 1794 2212 1857 conventui
2268 1793 2702 1857 intervenire
2758 1793 2902 1857 ine-

339 1898 613 1962 vitabili
661 1901 968 1982 quadam
1013 1902 1443 1965 necessitate
1491 1900 1751 1965 invitus
1784 1902 2146 1975 detineor;
2197 1910 2508 1965 attamen
2542 1902 2732 1983 quod
2767 1900 2904 1963 mei

339 2006 644 2071 muneris
692 2006 828 2071 erit
875 2026 1014 2089 ego
1063 2028 1194 2092 per
1241 2016 1561 2071 oratores
1609 2028 1692 2071 ac
1727 2008 2021 2071 nuncios
2068 2028 2265 2072 meos
2298 2027 2479 2090 quos
2510 2028 2695 2071 nunc
2744 2026 2901 2071 meo

339 2112 621 2177 nomine
677 2115 771 2176 ad
818 2115 1004 2179 hunc
1055 2124 1484 2179 conventum
1532 2114 2041 2198 delegaverim,
2089 2134 2222 2197 pro
2270 2116 2544 2177 honore
2584 2113 2674 2177 V.
2723 2114 2899 2177 Bea-

346 2219 665 2285 titudinis
713 2240 797 2284 ac
845 2222 1104 2305 Legati
1153 2222 1341 2285 illius
1389 2222 1581 2305 apud
1651 2222 1829 2285 alios
1885 2221 2243 2305 principes
2301 2220 2609 2285 fideliter
2671 2240 2901 2303 agam,

343 2336 414 2389 ut
457 2326 579 2392 ille
629 2327 870 2411 dignis
916 2328 1342 2411 suscipiatur
1387 2329 1779 2393 honoribus
1803 2378 1821 2410 ,
1868 2329 2324 2411 benigneque
2373 2336 2741 2408 tractetur,
2788 2348 2901 2391 ne-

343 2436 750 2518 gotiumque
798 2436 932 2498 hoc
981 2446 1300 2499 sanctum
1347 2434 1844 2499 favorabiliter
1891 2444 2429 2517 promoveatur,
2496 2455 2707 2517 quem
2764 2454 2904 2519 ego

343 2542 759 2625 iampridem
809 2552 880 2607 et
935 2543 1104 2606 novi
1168 2553 1240 2606 et
1301 2562 1460 2606 eum
1522 2551 1823 2627 propter
1884 2562 2291 2606 communes
2356 2544 2667 2607 honores
2680 2592 2699 2626 ,
2760 2550 2905 2606 tum

346 2660 633 2733 propter
685 2649 982 2714 eximias
1028 2650 1218 2714 illius
1263 2650 1566 2715 virtutes
1612 2670 1695 2714 ac
1745 2649 2218 2714 eruditionem
2280 2670 2374 2713 ex
2433 2650 2669 2713 animo
2726 2668 2903 2713 sum-

343 2757 467 2821 mis
511 2777 916 2841 prosequor
961 2756 1350 2821 favoribus·
1447 2756 1687 2839 Quare
1736 2757 2001 2822 Vestra
2050 2755 2411 2821 Sanctitas
2457 2757 2592 2821 sibi
2656 2757 2745 2819 de
2793 2776 2906 2820 me

347 2875 533 2930 certo
581 2865 1016 2948 persuadeat
1063 2867 1254 2950 quod
1299 2866 1433 2929 hac
1480 2865 1552 2928 in
1599 2885 1677 2929 re
1726 2885 2170 2949 quacumque
2238 2864 2379 2929 alia
2442 2884 2625 2947 quae
2672 2862 2765 2927 ad
2814 2863 2905 2929 V.

345 2972 814 3038 Beatitudinis
862 2995 944 3037 ac
1012 2972 1322 3038 Sanctae
1385 2971 1598 3036 Sedis
1655 2972 2121 3055 Apostolicae
2186 2975 2529 3035 honorem
2595 2982 2666 3034 et
2727 2970 2905 3035 utili-

347 3088 558 3144 tatem
606 3089 936 3163 spectare
984 3081 1268 3163 poterit,
1319 3101 1406 3144 ea
1450 3079 1759 3144 fideliter
1807 3099 2017 3164 agam
2066 3099 2249 3162 quae
2290 3078 2909 3142 obedientissimus

346 3185 522 3252 filius
571 3197 644 3252 et
690 3207 911 3269 agere
959 3197 1031 3252 et
1077 3197 1402 3271 prestare
1449 3188 1567 3251 vel
1617 3186 1845 3270 possit
1890 3187 2007 3250 vel
2057 3188 2335 3250 debeat.
2430 3185 2560 3250 Cui
2620 3206 2732 3249 me
2787 3187 2906 3249 hu-

350 3295 600 3360 militer
647 3297 1087 3360 commendO.
1185 3296 1448 3359 Datum
1495 3294 1727 3358 Hallis
1776 3315 1867 3357 ex
1915 3293 2107 3357 Arce
2157 3293 2304 3357 divi
2364 3292 2727 3374 Mauricii,
2795 3292 2909 3356 die

351 3399 642 3466 Sabathi
714 3401 1056 3467 vicesima
1119 3402 1384 3467 mensis
1431 3401 1833 3483 Februarii,
1894 3421 2085 3464 anno
2132 3400 2419 3464 Domini
2466 3399 2909 3464 MDXXIV.

852 3947 1171 4029 Clemens
1224 3946 1386 4028 VII.
1447 3829 1819 4028 Gassgifiiali
1872 3945 2407 4049 salzburgensi.

1271 4095 1456 4169 (Brev.
1490 4095 1534 4153 1.
1571 4094 1686 4155 19³.
1724 4093 1817 4154 fol.
1852 4093 1993 4168 486.)

1339 4216 1471 4282 ·(25.
1511 4216 1669 4264 Febr.
1714 4213 1891 4283 1524.)

523 4361 808 4424 Dilecte
835 4359 956 4443 fili,
990 4361 1290 4424 salutem
1324 4367 1457 4423 etc.
1538 4357 1878 4440 Quamvis
1912 4355 2467 4438 Circumspectio
2497 4363 2640 4435 tua,
2688 4362 2765 4417 ut
2804 4373 2910 4417 ac-

363 4467 700 4552 cepimus,
749 4470 844 4531 ad
889 4467 1040 4532 Nos
1102 4475 1174 4532 et
1235 4467 1642 4530 Romanam
1702 4463 2013 4545 Curiam,
2062 4473 2141 4526 ut
2184 4483 2319 4544 par
2366 4472 2506 4543 est,
2570 4482 2646 4524 se
2694 4473 2912 4524 trans-

363 4573 558 4658 ferre,
609 4585 679 4639 et
725 4575 800 4638 in
849 4595 936 4638 ea
981 4574 1300 4638 residere
1349 4572 1824 4645 desideraret;
1877 4579 2191 4634 attamen
2240 4570 2791 4652 subpullulante,
2843 4579 2915 4632 et

364 4680 558 4745 latius
604 4683 675 4746 in
725 4682 879 4746 dies
927 4691 1261 4765 serpente
1323 4681 1396 4744 in
1444 4679 1768 4762 partibus
1826 4677 2254 4742 Germaniae
2316 4675 2719 4760 perniciosa
2782 4676 2913 4738 Lu-

367 4789 648 4854 therana
692 4789 1008 4871 haeresi,
1056 4800 1134 4853 ut
1181 4789 1274 4852 ad
1321 4807 1664 4871 praesens
1711 4785 1868 4849 istic
1931 4795 2349 4867 permaneat
2410 4783 2638 4865 magis
2702 4803 2913 4866 expe-

371 4894 556 4960 diens
599 4895 757 4960 fore
820 4916 1211 4962 censemus.
1325 4892 1693 4977 Siquidem
1761 4891 2328 4974 consideramuS,
2394 4892 2587 4974 quod
2650 4891 2723 4953 in
2784 4890 2916 4971 his,

2490 4996 2599 5054 21*
