3575 5775
1648 560 1765 615 ΗΒ
1840 558 1949 615 320
2026 556 2143 615 ΞΗ

617 727 698 770 ac
764 726 914 771 rem
981 704 1238 771 Christi
1307 718 1378 769 et
1423 706 1788 770 Ecclesiae
1856 716 2227 788 gratanter
2291 727 2450 789 age.
2552 705 2612 768 E
2678 704 3190 787 Norimberga‚

616 815 840 877 Nonis
887 814 1203 893 Januarii
1251 813 1539 877 XXIV.

2306 928 2549 990 lomes
2584 926 2859 990 nanetus.

1699 1116 2111 1129 mammes.-

1838 1346 1985 1414 142.

1310 1465 1519 1547 Aroh.
1577 1465 1895 1567 Mogunt.
1955 1463 2299 1545 Clementi
2356 1462 2513 1546 VII.

1415 1613 1615 1687 (Epist.
1652 1612 1975 1685 Prinoipum
2008 1612 2081 1670 Π.
2116 1612 2208 1671 fol.
2243 1611 2386 1683 136.)

1608 1729 1716 1799 (14.
1757 1734 1978 1797 Januar.
2026 1730 2201 1799 1524.)

800 1872 1262 1937 Sanctissime
1311 1893 1394 1936 ac
1444 1874 2017 1937 Prestantissime
2064 1873 2135 1937 in
2187 1873 2467 1937 Christo
2516 1873 2735 1936 Pater
2782 1882 2853 1936 et
2901 1872 3206 1936 domine

620 1982 901 2044 domine
974 1981 1470 2043 colendissime
1528 1979 2033 2044 Obedientiam
2104 1980 2418 2043 debitam
2469 1990 2539 2043 et
2587 1981 2857 2043 devota
2904 2000 3213 2061 semper

621 2090 865 2150 oscula
911 2090 1302 2150 beatorum.
1358 2124 1431 2132 —
1496 2088 1761 2149 Divina
1807 2087 2261 2168 providentia
2306 2087 2399 2149 ad
2450 2086 2913 2169 Apostolicae
2964 2086 3209 2167 digni-

621 2194 786 2257 tatis
851 2196 1126 2257 culmen
1177 2194 1545 2257 beatitudo
1593 2194 1859 2257 Vestra
1918 2203 2189 2273 erecta,
2263 2214 2429 2256 mox
2490 2193 2565 2255 in
2614 2192 2851 2255 limine
2903 2192 3205 2255 Pontifi-

621 2312 820 2365 catus
868 2302 994 2380 sui,
1043 2301 1387 2382 assumpti
1435 2301 1774 2381 nominiS,
1826 2300 2271 2363 clementiam
2320 2320 2405 2363 ac
2452 2300 2967 2382 benignitatem
3020 2320 3219 2382 erga

621 2428 732 2471 me
794 2420 1191 2471 creaturam
1239 2428 1436 2469 suam
1493 2408 1809 2490 paternis
1873 2407 2137 2471 licteris
2194 2406 2540 2491 singulari
2586 2428 2827 2470 amore
2888 2408 3217 2489 preditis

622 2534 762 2577 non
813 2517 1042 2577 solum
1091 2515 1459 2577 declarare
1517 2535 1761 2577 verum
1812 2514 2022 2577 etiam
2088 2514 2638 2595 gratulationem
2686 2514 2913 2596 ipsam
2961 2536 3214 2578 meam

622 2624 857 2703 (quam
923 2642 1054 2703 pro
1124 2642 1394 2684 summa
1460 2620 1945 2684 benivolentia
2012 2622 2179 2684 olim
2242 2622 2428 2685 inter
2476 2641 2605 2684 nos
2670 2622 3063 2684 constituta
3140 2634 3221 2685 et

623 2729 866 2792 debita
931 2729 1142 2791 modo
1209 2748 1292 2790 ac
1355 2727 1554 2790 filiali
1626 2728 2086 2792 observantia
2153 2738 2224 2791 et
2289 2728 2631 2791 servitute
2692 2748 2851 2791 mea
2915 2728 3219 2811 pridem

622 2855 755 2918 per
784 2835 1066 2899 licteras
1099 2834 1268 2921 feci)
1299 2835 1680 2918 prevenire
1714 2836 2002 2916 studuit,
2053 2836 2143 2899 de
2174 2856 2315 2918 qua
2346 2856 2425 2899 re
2457 2834 2878 2899 beatitudini
2910 2846 3223 2901 vestrae

623 2943 891 3024 gratias
938 2945 1170 3006 habeo
1221 2943 1626 3022 immensas,
1679 2943 2051 3024 eidemque
2101 2944 2192 3007 de
2242 2943 2484 3006 divina
2534 2943 3019 3027 assumptione
3072 2965 3222 3008 sua

627 3071 862 3112 rursus
946 3049 1200 3113 iterum
1284 3060 1498 3132 atque
1568 3051 1821 3113 iterum
1902 3052 2264 3132 gratulor,
2341 3069 2740 3133 precorque
2818 3059 2897 3111 ut
2968 3051 3219 3113 foelix

624 3157 857 3220 fausta
920 3159 1233 3239 longeva
1293 3158 1382 3220 sit
1443 3167 1660 3239 atque
1722 3168 2093 3240 perpetua.
2189 3157 2373 3238 Quin
2438 3157 2723 3238 quidem
2789 3156 2963 3219 nihil
3026 3158 3223 3220 mihi

623 3264 950 3327 accidere
999 3265 1350 3345 potuisset
1397 3265 1604 3327 letius
1653 3264 2103 3346 expectatius
2152 3274 2273 3326 aut
2322 3273 2515 3327 certe
2560 3262 2937 3326 iucundius
2986 3284 3225 3345 quam

623 3393 783 3434 cum
846 3371 1378 3434 Beatitudinem
1429 3371 1760 3434 Vestram
1822 3371 2226 3434 Romanum
2277 3369 2695 3433 Pontificem
2757 3371 3224 3434 declaratam

625 3479 1067 3558 electamque
1131 3477 1662 3558 cognovissem,
1731 3479 1923 3560 quod
1974 3480 2220 3542 sedulo
2270 3478 2483 3540 etiam
2527 3477 2941 3558 priusquam
2992 3475 3225 3543 fieret

625 3585 802 3665 fore,
851 3605 1009 3647 mea
1060 3585 1225 3647 mihi
1259 3607 1456 3648 mens
1482 3585 1952 3668 prenunciare
1996 3584 2509 3666 presagireque
2552 3585 2951 3664 videbatur,
2982 3587 3229 3649 talem

624 3691 890 3774 quippe
953 3701 1374 3774 tantumque
1434 3691 1844 3774 pontificem
1893 3691 2151 3754 infesta
2214 3711 2295 3753 ac
2346 3690 2759 3753 calamitosa
2818 3691 2950 3753 hec
3004 3690 3227 3755 Chri-

625 3799 897 3862 stianae
956 3799 1123 3862 fidei
1168 3809 1492 3882 tempora
1543 3800 2049 3862 desiderabant
2096 3798 2829 3879 expostulabantque‚
2894 3797 3014 3878 qui
3072 3799 3227 3862 vir·

624 3917 774 3970 tute
823 3905 1216 3990 prudencia
1283 3927 1364 3969 ac
1416 3906 1987 3970 constantissima
2054 3924 2230 3986 erga
2278 3913 2597 3966 sanctam
2644 3902 2858 3965 fidem
2904 3903 3229 3986 pietate,

627 4018 1073 4080 lutheranam
1121 4017 1355 4077 labem
1419 4034 1512 4076 ex
1559 4013 1883 4076 Ecclesia
1929 4012 2067 4075 Dei
2135 4021 2206 4072 et
2254 4011 2588 4073 Romano
2640 4009 2946 4093 Imperio
2998 4014 3227 4076 tolle·

626 4131 736 4185 ret
788 4123 1107 4185 aboleret
1156 4121 1584 4201 eliminaret,
1649 4123 1839 4182 unde
1890 4116 2199 4180 Consilio
2248 4119 2529 4180 occulto
2574 4117 2711 4180 Dei
2760 4115 2993 4178 iudico
3026 4115 3230 4182 San·

629 4229 945 4292 etitatem
991 4229 1323 4292 Vestram
1389 4229 1478 4290 ad
1527 4248 1762 4290 rerum
1810 4224 2173 4306 fastigium
2220 4231 2591 4303 vocatam,
2663 4233 2740 4285 ut
2786 4223 2943 4305 ipsa
3006 4229 3231 4304 quod

625 4335 730 4398 fe:
793 4356 906 4398 re:
971 4336 1285 4398 Leonem
1349 4333 1715 4398 Decimum
1779 4333 2361 4414 predecessorem
2428 4329 2843 4393 Sanctitatis
2892 4329 3233 4398 Vestrae

628 4463 712 4505 ac
778 4443 1165 4504 secundum
1232 4462 1516 4504 carnem
1583 4441 1981 4523 patruelem
2045 4439 2163 4519 pie
2240 4457 2321 4499 ac
2391 4446 2635 4499 sancte
2716 4446 3005 4520 ceptum
3078 4453 3233 4522 est,

628 4560 913 4612 strenue
977 4568 1059 4610 ac
1120 4548 1427 4611 feliciter
1488 4548 1580 4610 ad
1633 4546 1766 4609 Dei
1816 4545 2117 4628 gloriam
2163 4543 2522 4626 perficiat,
2592 4553 2666 4608 et
2728 4544 2819 4606 ad
2868 4543 3237 4612 effectum

628 4657 996 4738 perducat.
1091 4656 1447 4718 Polliceor
1513 4674 1652 4735 ego
1718 4673 1851 4735 pro
1919 4651 2187 4735 pietate
2255 4671 2463 4732 quam
2526 4652 2683 4713 Deo
2752 4651 3063 4732 optime,
3152 4665 3239 4718 et

631 4761 1090 4826 observantia
1157 4783 1362 4844 quam
1431 4759 1893 4824 Sanctissime
1962 4757 2427 4840 Apostolicae
2494 4755 2667 4820 Sedi
2744 4759 3019 4838 debeO,
3100 4781 3236 4826 me

631 4890 773 4932 una
836 4889 995 4932 cum
1056 4869 1275 4933 fratre
1339 4889 1497 4931 meo
1567 4879 1638 4930 et
1687 4865 1945 4930 ceteris
2008 4865 2275 4926 amicis
2312 4864 2487 4927 meis
2534 4863 2849 4928 Romani
2911 4865 3237 4948 Imperii

3529 1345 3541 1356 .
3529 1309 3539 1320 -
3525 1225 3539 1294 ..ι-.-
3513 0 3541 1208 -ῌΜ-ὴωι
