3575 5775
1676 569 1975 632 0-{3302
2052 571 2169 628 G>=⁰

643 723 809 779 ante
858 725 1139 778 centum
1186 737 1267 779 ac
1318 717 1748 801 quindecim,
1814 719 1885 782 ni
1947 719 2186 802 fallor,
2258 740 2481 783 annos
2543 721 2968 800 donaverat,
3031 739 3214 801 quas

640 832 1019 905 praeterea
1065 823 1139 886 in
1187 823 1454 887 effluxo
1503 825 1624 887 illo
1674 835 1996 909 ternpore
2045 827 2136 890 ad
2171 848 2403 891 mores
2452 835 2523 890 et
2553 826 2870 908 linguam
2897 827 3212 890 Misnen-

643 930 843 1010 sium,
894 951 1057 993 nam
1104 931 1419 995 moribus
1468 944 1539 995 et
1586 933 1834 1015 lingua
1861 931 2183 998 Saxonia
2213 944 2284 998 et
2314 935 2549 999 Misna
2575 935 2763 997 inter
2805 955 2883 996 se
2915 936 3213 996 multum

652 1037 954 1119 variant,
985 1037 1391 1103 illexerunt.
1484 1040 1681 1104 Vera
1714 1050 1948 1104 autem
1981 1039 2298 1104 Saxonia
2347 1050 2420 1104 et
2466 1041 2586 1123 qui
2633 1041 2948 1124 linguam
2988 1037 3219 1103 Saxo·

645 1143 873 1207 nicam
943 1152 1015 1208 et
1061 1166 1293 1208 mores
1348 1145 1808 1228 profitentur,
1876 1168 2018 1211 non
2086 1148 2313 1211 minor
2377 1157 2484 1211 est
2527 1148 2735 1211 Italia
2800 1168 2987 1230 quae
3043 1167 3217 1209 suos

642 1251 863 1314 habet
908 1252 1270 1335 principes
1316 1264 1464 1318 tum
1520 1256 2048 1320 ecclesiasticos
2112 1266 2262 1319 tum
2329 1257 2744 1338 prophanos
2762 1303 2781 1337 ,
2847 1254 3218 1318 Ecclesias

641 1359 1230 1440 metropolitanas
1262 1363 1461 1443 duaS,
1496 1365 1947 1427 cathedrales
1979 1363 2402 1446 quindecim,
2435 1361 2922 1426 Max-ebionem
2967 1381 3217 1442 unum,

644 1466 861 1529 duces
909 1477 1197 1549 praeter
1243 1467 1403 1532 illos
1451 1469 1600 1551 qui,
1672 1479 1750 1534 ut
1798 1470 1988 1547 dixi,
2059 1470 2266 1534 titulo
2327 1470 2450 1532 illo
2513 1472 2763 1532 saltem
2825 1467 3219 1531 condonati

643 1582 826 1652 sunt,
877 1582 1061 1654 octo,
1108 1575 1472 1657 principes
1523 1578 1720 1658 du05,
1770 1577 2064 1641 comites
2115 1585 2185 1639 et
2213 1578 2522 1640 barones
2557 1577 2833 1652 multOS,
2881 1573 3220 1637 civitates

641 1679 1165 1761 munitissimaS,
1214 1682 1332 1763 qui
1383 1703 1627 1748 omnes
1658 1684 1992 1748 Romano
2040 1684 2372 1766 Imperio,
2422 1703 2565 1746 non
2614 1681 2796 1745 Duci
2845 1679 3222 1744 Saxoniae

642 1797 919 1868 parent.
1018 1787 1167 1850 Nec
1229 1789 1597 1872 quisquam
1648 1811 1892 1854 eorum
1940 1791 2342 1875 principum
2389 1789 2762 1853 nobilitate
2822 1799 2892 1852 et
2938 1791 3221 1871 populo

644 1893 1197 1976 principatuque
1246 1895 1544 1960 ducibus
1593 1895 1978 1980 Saxoniae,
2025 1897 2565 1961 Marchionibus
2596 1895 2874 1960 Misnae
2917 1905 2988 1959 et
3021 1897 3220 1979 Thy-

648 2000 925 2084 ringiae
975 2001 1165 2065 cedit
1212 2013 1335 2066 aut
1381 2003 1678 2068 inferior
1725 2014 1854 2086 est,
1903 2025 2150 2069 omnes
2197 2015 2434 2068 tamen
2485 2011 2984 2068 sacrosanctae
3036 2001 3222 2065 Sedi

645 2107 1111 2190 Apostolicae
1160 2111 1721 2175 obedientissimi
1767 2111 1894 2174 filii
1921 2161 1939 2194 ,
2007 2112 2284 2196 indigni
2333 2111 2618 2194 quidem
2664 2119 2963 2193 propter
3009 2129 3220 2172 enor-

645 2236 825 2278 mem
872 2215 1389 2298 indulgentiam
1446 2227 1519 2282 et
1566 2218 1994 2282 litentiosam
2044 2219 2483 2300 libertatem,
2550 2237 2758 2299 quam
2807 2217 3049 2279 Duces
3111 2215 3224 2278 illi

646 2321 1011 2386 Saxoniae
1045 2326 1135 2386 ab
1168 2345 1308 2389 uno
1334 2327 1559 2389 latere
1597 2325 2078 2389 Misnensibus
2109 2335 2180 2390 et
2211 2324 2596 2408 Thyringis
2621 2325 2764 2388 suis
2811 2324 3224 2405 indulgent,

644 2431 1143 2494 contumeliam
1190 2433 1343 2514 pati
1391 2442 1462 2496 et
1508 2433 1894 2514 infamiam,
1942 2454 2240 2516 quorum
2287 2433 2452 2496 olim
2500 2440 2787 2511 statum,
2839 2430 3225 2512 originem,

645 2537 1121 2618 conditiones,
1172 2559 1440 2620 moreS,
1500 2531 1922 2622 pro'nuntias
1969 2561 2214 2605 omnes
2263 2539 2395 2604 nisi
2445 2539 2748 2621 epistola
2812 2538 2882 2600 in
2951 2538 3224 2600 librum

645 2645 914 2725 abiret,
978 2665 1313 2709 enarrare
1378 2645 1591 2710 facile
1651 2668 1958 2729 possem.
2053 2645 2203 2711 Sed
2260 2647 2426 2730 quia
2484 2653 2982 2710 sacrosanctae
3035 2642 3224 2707 Sedi

645 2750 1061 2816 deditissimi
1110 2764 1181 2816 et
1234 2753 1398 2817 huic
1444 2755 1864 2818 lutheraane
1913 2766 2152 2818 sectae
2199 2754 2408 2818 invisi
2457 2753 2684 2817 dictas
2729 2753 3003 2817 litteras
3067 2772 3224 2814 non

644 2880 875 2942 aequo
934 2860 1286 2944 aspiciunt
1332 2864 1581 2945 oculo,
1653 2871 1725 2926 et
1770 2873 1850 2926 ut
1894 2862 2037 2927 fert
2082 2873 2356 2945 natura,
2406 2861 2640 2943 zelosi,
2687 2861 2759 2925 in
2809 2880 3224 2924 moerorem

642 2970 1061 3033 vacillantes
1110 2978 1181 3032 et
1228 2970 1298 3034 in
1346 2970 1524 3035 iram
1572 2972 2054 3053 concitantur,
2112 2972 2379 3053 alitque
2424 2974 2656 3033 facem
2705 2969 2966 3031 vitulus
3015 2989 3220 3031 mon—

644 3085 915 3140 strosus
962 3098 1191 3159 nuper
1239 3078 1520 3141 Romae
1570 3077 1897 3160 depictus
1947 3086 2018 3141 et
2061 3080 2198 3141 huc
2257 3079 2576 3157 delatuS‚
2647 3076 2760 3139 cui
2827 3084 3224 3158 praeterea

644 3180 1005 3247 Saxoniae
1054 3205 1311 3247 nomen
1360 3186 1689 3249 adiunxit
1733 3186 1987 3268 pictor,
2038 3205 2246 3267 quem
2291 3185 2362 3248 in
2411 3184 2648 3247 Misna
2695 3192 2901 3246 natus
2947 3182 3041 3245 sit
3089 3184 3220 3245 ad-

643 3289 843 3372 didit,
894 3300 963 3354 et
1010 3292 1252 3356 nescio
1301 3312 1485 3375 quae
1526 3314 1712 3355 vana
1758 3294 1831 3356 in
1878 3292 2238 3356 infamiam
2267 3290 2621 3355 Saxoniae
2669 3290 3002 3369 carmina,
3056 3289 3220 3370 qui-

644 3401 778 3460 bus
827 3400 1156 3462 omnibus
1205 3399 1595 3463 Lutherani
1644 3410 1893 3462 contra
1941 3400 2270 3463 Sanctam
2320 3397 2577 3463 Sedem
2626 3406 2698 3461 et
2731 3396 2798 3460 S.
2829 3397 2916 3461 D.
2949 3395 3036 3459 N.
3073 3416 3220 3478 pro

646 3504 1180 3586 consuetudine,
1226 3507 1614 3569 abutuntur
1660 3517 1739 3569 ut
1784 3506 2109 3570 Saxones
2141 3507 2213 3569 in
2261 3526 2425 3569 suas
2471 3513 2714 3587 partes
2761 3502 3218 3586 protrahant.

642 3610 763 3676 Sic
796 3612 917 3675 ille
947 3613 1253 3695 populus
1302 3613 1504 3677 vafer
1549 3620 1765 3695 atque
1798 3616 2022 3677 solers
2074 3615 2203 3676 hos
2251 3611 2607 3676 benefitiis
2657 3609 2972 3690 attrahit,
3022 3608 3218 3673 alios

644 3721 808 3783 odio
859 3730 1135 3801 avocat,
1184 3721 1361 3784 alios
1407 3721 1617 3783 bonis
1664 3720 2236 3783 adversariorum
2283 3720 2593 3797 inescat,
2643 3718 2820 3779 alios
2869 3715 3219 3780 libertate

642 3830 890 3909 donat,
953 3827 1130 3891 alios
1178 3829 1486 3910 denique
1536 3828 1908 3910 voluptate
1971 3828 2363 3905 demulcet,
2425 3834 2500 3887 ut
2554 3822 2843 3887 difficile
2909 3823 3000 3885 sit
3062 3822 3218 3886 illis

642 3936 853 3999 etiam
902 3956 1079 3999 saxa
1126 3934 1479 3998 resistere.
1575 3933 1717 3997 Sed
1764 3944 1971 4016 petra
2017 3934 2330 3997 iustitiae
2379 3930 2707 3995 Saxones
2757 3950 2944 4009 suOS,
2992 3928 3116 4011 qui
3169 3953 3218 3993 a

644 4042 835 4107 Saxo
885 4063 1142 4106 nomen
1193 4062 1560 4124 accepere,
1610 4040 2063 4105 miserebitur
2111 4050 2183 4104 et
2229 4039 2506 4102 tutabit.
2613 4037 3017 4101 Paternitas
3082 4046 3218 4101 tua

640 4172 731 4213 ne
761 4150 1094 4214 innoxius
1126 4150 1435 4231 populus
1470 4150 1653 4211 ultra
1684 4149 2059 4211 damnetur
2090 4146 2394 4221 curabit;
2447 4164 2585 4226 ego
2621 4146 2778 4208 Deo
2818 4144 3215 4207 adiuvante

647 4257 949 4321 efficiam
983 4268 1059 4320 ut
1093 4255 1408 4320 Saxonia
1435 4255 1638 4338 fides,
1688 4254 2123 4334 obedientia,
2156 4256 2368 4336 zeluS,
2401 4252 2711 4315 charitas
2742 4251 2814 4312 in
2849 4248 3218 4314 Christum

644 4374 714 4429 et
762 4364 1094 4429 Sanctam
1130 4362 1387 4428 Sedem
1419 4362 2036 4447 perspicacissima
2080 4369 2574 4442 cognoscatur.
2655 4356 2915 4419 Valeat
2961 4356 3213 4419 Pater-

644 4472 828 4534 nitas
874 4472 1029 4535 Tua
1076 4480 1147 4534 et
1196 4470 1303 4534 sui
1337 4470 1568 4534 Lunni
1616 4469 2000 4552 aliquando
2049 4467 2465 4530 recordetur
2515 4476 2586 4529 et
2633 4464 3216 4528 commendatum

641 4582 924 4641 habeat.
1042 4578 1149 4640 Ex
1240 4578 1739 4659 Norneburgst
1811 4576 1882 4637 in
1972 4573 2461 4656 penetralibus
2546 4570 2903 4636 Saxoniae
2985 4570 3212 4633 Anno

641 4683 1057 4747 MDXXIII
1106 4686 1417 4748 Kalend.
1514 4682 1846 4766 Augusti.

964 4812 1025 4863 P.
1068 4810 1129 4858 T·
1567 4808 1796 4869 Lmu
1833 4805 1903 4868 (10
1939 4806 2197 4869 Vollhon
2231 4806 2320 4875 D„
2361 4810 2701 4874 Praepositus
2738 4806 3132 4857 HildesemenS.
