3575 5775
1712 571 2209 630 0-43436ffl

1887 845 2014 910 199

1542 960 1964 1064 Campegius
2020 897 2366 1042 ‘Sadalam

1426 1097 1777 1168 (Nuntiat.
1829 1099 2134 1160 German.
2183 1097 2334 1158 Lm.
2370 1099 2477 1172 78.)

1696 1207 1767 1278 (3.
1807 1211 2015 1276 Aprilis
2059 1207 2232 1278 1525.)

861 1391 922 1407 ..
959 1389 975 1404 .
1025 1341 1135 1404 De
1182 1341 1253 1404 la
1302 1341 1733 1406 adunatione
1794 1345 1884 1406 de
1933 1344 1983 1408 li
2028 1343 2276 1407 villani
2321 1343 2391 1406 in
2445 1341 2829 1408 Germania
2884 1342 2934 1405 il
2983 1341 3233 1405 nuncio

680 1451 769 1513 de
818 1449 1165 1531 Inspruck
1233 1469 1321 1510 ne
1369 1449 1635 1512 havera
1684 1451 1853 1514 dato
1913 1450 2128 1532 pieno
2178 1450 2460 1525 avviso;
2534 1470 2758 1533 penso
2821 1453 2953 1513 che
3005 1449 3098 1512 mi
3144 1448 3234 1512 fa-

676 1576 902 1619 ranno
964 1554 1280 1638 profetta
1345 1577 1385 1651 e
1432 1557 1564 1619 che
1614 1577 2200 1640 cognosceranno
2264 1559 2398 1621 che
2445 1579 2614 1621 cosa
2675 1557 2714 1620 ὲ
2763 1559 2934 1620 dare
2984 1555 3234 1620 liberta

678 1665 747 1726 al
811 1665 1202 1746 populazzo
1268 1663 1337 1724 di
1387 1666 1706 1746 sparlare
1772 1665 1843 1728 in
1891 1664 2347 1748 religionem,
2419 1665 2682 1747 perche
2745 1666 2908 1727 dum
2954 1664 3234 1747 impune

676 1772 1058 1852 loquuntur
1122 1770 1461 1851 vogliono
1528 1771 1648 1852 poi
1714 1775 1944 1834 anche
2018 1771 2192 1835 fare.
2308 1773 2680 1854 Appresso
2747 1770 3235 1856 Nuremberga

676 1880 865 1940 hano
929 1887 1277 1958 occupate
1341 1879 1478 1939 due
1537 1877 1709 1941 citta
1756 1878 2128 1962 imperiale
2191 1887 2263 1941 et
2310 1879 2650 1963 captivati
2713 1879 2760 1942 li
2809 1877 3122 1942 senatori
3169 1886 3234 1940 et

675 1983 1073 2066 magistrati
1134 1985 1289 2046 loro
1352 1992 1421 2046 et
1468 1984 1539 2046 in
1586 1983 2086 2068 Nuremberga
2146 1987 2384 2048 hanno
2447 1986 2807 2068 prohibito
2871 2006 2914 2048 a
2967 1985 3134 2048 tutti
3189 1983 3234 2047 li

675 2089 1084 2154 monasterii
1150 2091 1479 2153 catholici
1545 2094 1610 2154 el
1658 2092 2033 2173 predicare
2099 2102 2169 2156 et
2233 2094 2364 2156 che
2413 2112 2554 2155 non
2621 2091 3046 2155 confessino.
3144 2091 3231 2154 Se

678 2199 817 2261 Dio
867 2197 930 2261 ci
978 2209 1187 2281 porta
1235 2198 1466 2280 gratia
1516 2201 1647 2261 che
1696 2201 1765 2261 la
1813 2198 2089 2262 Maesta
2126 2199 2454 2279 Cesarea,
2503 2199 2786 2262 reddita
2833 2219 3014 2282 pace
3063 2198 3230 2261 chri-

680 2303 926 2368 stianis
973 2303 1249 2385 voglia‚
1322 2325 1523 2368 come
1572 2305 1607 2368 ὲ
1658 2315 1786 2369 suo
1839 2305 2118 2387 debito,
2191 2307 2519 2369 attendet
2577 2307 2717 2369 alla
2763 2305 3232 2387 extirpatione

680 2414 769 2475 de
817 2413 887 2474 la
932 2413 1211 2474 heresie
1261 2422 1332 2474 et
1364 2421 1709 2475 assettare
1752 2412 1984 2494 questi
2026 2412 2326 2494 tumulti,
2375 2413 2532 2476 sara
2569 2413 2990 2490 necessariO,
3042 2433 3234 2476 come

678 2521 856 2582 altre
923 2520 1115 2581 volte
1166 2519 1438 2598 scrissi‚
1508 2530 1806 2582 mettere
1870 2518 1938 2582 in
1988 2520 2229 2582 bando
2297 2521 2551 2582 alcuna
2617 2519 2689 2582 di
2756 2533 3004 2601 queste
3053 2530 3234 2582 terre

677 2625 795 2707 piu
844 2625 1121 2706 ribelle,
1171 2639 1242 2687 et
1289 2626 1361 2687 la
1405 2624 1633 2707 prima
1684 2646 1722 2688 a
1769 2626 1910 2688 mio
1959 2625 2220 2689 iudicio
2272 2627 2640 2689 dovrebbe
2684 2646 2919 2688 essere
2949 2626 3232 2690 Nurem·

675 2734 923 2814 berga,
975 2741 1044 2794 et
1093 2731 1599 2814 specialmente
1647 2732 1962 2814 privat-la
2013 2732 2082 2794 di
2131 2733 2179 2796 li
2230 2732 2621 2796 commertii
2669 2744 2739 2795 et
2786 2731 3154 2796 restituirli
3195 2755 3234 2795 a

678 2839 1115 2922 Ratispona,
1191 2840 1354 2921 qual
1403 2839 1670 2921 perche
1718 2840 1796 2904 fu
1845 2839 2226 2906 obediente
2275 2861 2318 2904 a
2364 2851 2604 2923 tempo
2654 2842 2785 2904 che
2835 2839 3088 2904 Boemi
3137 2861 3230 2905 re·

681 2960 1047 3010 cesserunt
1096 2949 1185 3009 ab
1236 2948 1498 3010 unione
1531 2946 1898 3011 Ecclesiae
1947 2968 2156 3029 perse
2205 2946 2253 3009 il
2303 2946 2551 3011 trafico
2601 2957 2673 3010 et
2720 2947 2793 3010 fu
2828 2947 3234 3010 transferito

676 3076 719 3117 a
766 3054 1239 3135 Nurenberga
1302 3075 1483 3135 quae
1532 3074 1673 3116 non
1722 3052 1950 3117 timuit
1998 3074 2334 3117 censuras
2400 3065 2470 3116 et
2516 3052 2968 3117 interdictum
3031 3063 3103 3117 et
3150 3056 3234 3115 de

676 3158 723 3223 li
768 3162 1101 3223 hebbeno
1152 3160 1501 3242 principio
1554 3162 1693 3222 alla
1741 3161 2143 3241 grandezza
2189 3181 2317 3224 soa
2381 3172 2452 3223 et
2497 3163 2674 3243 pero
2723 3162 3028 3223 sarebbe
3079 3181 3228 3223 con·

675 3267 1004 3329 veniente
1053 3268 1185 3329 che
1234 3267 1302 3329 in
1355 3287 1493 3347 quo
1543 3280 1932 3348 peccarunt
1977 3268 2284 3331 maxime
2335 3267 2544 3330 etiam
2595 3268 3036 3349 punirentur.

856 3392 1102 3454 Budae
1152 3391 1334 3453 XIII
1382 3391 1651 3472 Aprilis
1700 3390 2102 3455 MDXXV.

2115 3605 2160 3615 W

1877 3834 2028 3900 200.

1110 3953 1427 4034 Clemens
1482 3954 1637 4033 VII.
1694 3953 2017 4033 Erhardo
2074 3951 2350 4033 Cardin.
2407 3951 2795 4034 Leodiensi.

1206 4100 1404 4175 (Epist.
1440 4100 1515 4159 etl
1550 4100 1833 4174 Principes
1868 4115 1970 4174 per
2007 4098 2252 4158 Sadolet..
2289 4115 2392 4159 sor.
2429 4099 2520 4159 fol.
2557 4100 2690 4164 126.)

1664 4219 1773 4285 (21.
1817 4220 2021 4284 Aprilis
2065 4216 2238 4288 1525.)

848 4364 960 4426 Ex
1030 4363 1323 4444 regione
1374 4362 1810 4435 ‚Hollandiae
1883 4374 1955 4425 et
2026 4361 2286 4427 circum
2357 4361 2848 4427 adiacentibus
2918 4364 3092 4427 locis
3154 4362 3218 4425 in

675 4468 927 4551 quibus
994 4472 1295 4533 dilectae
1362 4469 1433 4531 in
1502 4468 1783 4532 Christo
1848 4468 2039 4532 filiae
2105 4468 2365 4532 nobilis
2429 4468 2738 4533 mulieris
2795 4470 3216 4552 Margaritae

674 4576 1221 4641 Archiducissae
1272 4574 1605 4638 Austriae
1674 4586 1745 4638 et
1805 4574 2203 4639 comitissae
2251 4575 2715 4659 Burgundiae
2773 4586 3092 4659 potestas
3153 4584 3218 4638 et

673 4686 1056 4749 auctoritas
1104 4704 1374 4747 summa
1423 4692 1549 4759 est,
1600 4682 1918 4765 quotidie
1967 4682 2062 4744 ad
2107 4702 2238 4745 nos
2285 4682 2700 4747 deferuntur
2747 4686 3078 4766 querelae
3108 4682 3214 4746 ad-

672 4812 919 4855 versus
967 4793 1368 4873 complures
1416 4789 1535 4870 qui
1572 4789 1722 4852 eius
1770 4809 1954 4871 quae
1985 4808 2168 4851 nunc
2201 4790 2685 4853 debacchatur
2712 4792 3046 4855 hereseos
3073 4808 3214 4873 per·

668 4897 836 4962 fidia
886 4895 1267 4980 inquinati,
1318 4905 1597 4959 vetusta
1646 4893 2010 4957 Ecclesiae
2066 4908 2512 4958 sacramenta
2574 4906 2644 4959 et
2690 4896 2902 4960 fidem
2951 4896 3220 4982 synceri
