3575 5775
1610 609 1724 664 ΜΒ
1803 601 1910 664 472
1987 597 2102 664 εΗ

578 751 951 822 elesiarum
999 773 1081 820 ac
1130 757 1713 820 monasteriorum
1764 758 2174 820 eversiones
2223 777 2378 820 cum
2427 756 2772 820 bonorum
2815 749 3136 840 direptio-

576 866 783 928 nibus
812 876 888 927 ut
917 866 1052 927 iam
1088 885 1295 927 omne
1342 867 1600 927 malum
1650 885 1779 945 pro
1833 866 2378 946 uniuscuiusque
2413 865 2704 928 libidine
2754 876 2824 928 et
2857 864 3148 927 sceleris

576 993 805 1054 genus
854 993 942 1034 ex
994 972 1133 1034 illis
1180 972 1595 1054 regionibus
1646 973 1960 1034 auditum
2009 972 2224 1034 fuerit
2271 983 2342 1033 et
2390 973 2617 1035 indies
2665 973 3024 1054 audiatur,
3071 987 3146 1033 et

578 1082 915 1163 precipue
964 1081 1037 1142 id
1086 1081 1273 1162 quod
1322 1081 1411 1142 ad
1474 1079 1955 1141 ecclesiastice
2025 1080 2392 1160 dignitatis
2457 1083 2657 1142 simul
2721 1091 2790 1142 et
2847 1080 3142 1142 auctori-

577 1189 745 1251 tatis
795 1188 1332 1270 oppressionem
1382 1186 1755 1249 manifeste
1806 1186 2067 1267 tendit,
2119 1187 2284 1268 quin
2335 1187 2542 1249 etiam
2606 1190 2794 1268 quod
2847 1187 3148 1268 amplius

579 1307 686 1358 est
734 1306 803 1358 et
851 1294 1133 1357 minime
1182 1296 1569 1356 verendum
1621 1305 1813 1372 erat,
1877 1295 2124 1356 eadem
2178 1295 2431 1357 seditio
2479 1294 2811 1375 idemque
2861 1297 3148 1356 morbus

576 1401 879 1484 patriam
926 1402 1132 1466 istam
1185 1413 1255 1464 et
1304 1402 1713 1464 comitatum
1770 1401 2237 1484 Tyrolensem
2303 1401 2681 1464 novissime
2753 1401 3008 1463 invasit
3071 1411 3146 1462 et

576 1510 796 1572 veluti
846 1531 937 1571 ex
988 1511 1293 1591 quadam
1344 1509 1578 1571 subita
1627 1509 2156 1590 conspiratione
2220 1529 2444 1590 usque
2491 1511 2581 1570 ad
2631 1509 2858 1589 ipsam
2907 1509 3148 1570 civita·

574 1627 716 1678 tem
766 1617 1255 1679 Tridentinam
1306 1617 1773 1696 permanavit,
1827 1617 1916 1677 de
1965 1635 2105 1697 qua
2155 1626 2350 1678 certo
2399 1635 2650 1697 parum
2701 1614 2932 1677 abfuit
2980 1633 3144 1696 quo-

578 1722 803 1785 minus
852 1725 1268 1786 audirentur
1315 1743 1451 1804 que
1500 1723 1671 1784 alibi
1734 1733 2018 1803 patrata
2079 1721 2505 1786 referuntur.
2600 1723 2847 1786 Voluit
2910 1733 3146 1784 tamen

581 1831 774 1891 Deus
824 1829 1293 1911 Omnipotens
1342 1829 1477 1892 mei
1528 1841 1597 1892 et
1646 1850 1962 1892 meorum
2011 1831 2375 1910 aliquanto
2425 1831 2741 1892 misereri
2793 1842 2867 1892 ut
2915 1849 3150 1909 neque

578 1939 769 2018 apud
819 1956 1065 1998 omnes
1113 1935 1570 2000 Tridentinos
1620 1958 1705 1999 ea
1753 1939 1954 1999 labes
2003 1938 2512 2016 invalesceret,
2577 1957 2806 2016 neque
2855 1935 3151 1998 ulterius

585 2063 807 2125 usque
856 2046 1067 2105 modo
1116 2055 1459 2125 serperet,
1508 2047 1598 2107 ad
1649 2066 1858 2126 quam
1909 2045 2512 2126 comprimendam
2561 2043 2741 2105 sicut
2772 2043 3146 2105 Serenissi·

582 2171 733 2214 mus
755 2151 1099 2234 Princeps
1118 2172 1409 2233 operam
1440 2173 1679 2214 curam
1714 2164 1785 2213 et
1812 2173 2019 2214 omne
2042 2153 2346 2214 studium
2380 2172 2578 2214 suum
2611 2151 3154 2232 diligentissime

584 2279 865 2341 semper
929 2259 1207 2322 navarit
1270 2260 1369 2321 ita
1427 2260 2041 2340 impresentiarum
2111 2262 2474 2323 oculorum
2537 2259 2845 2322 maxime
2911 2259 3152 2320 studet

578 2337 1203 2446 atque'contendit,
1260 2369 1441 2429 adeo
1491 2377 1566 2429 ut
1606 2387 1818 2448 quum
1868 2368 2438 2449 religiosissimus
2486 2378 2557 2428 et
2605 2366 2809 2428 simul
2857 2365 3142 2446 pientis-

576 2477 789 2536 simus
838 2495 1117 2556 semper
1163 2473 1377 2536 fuerit
1430 2473 1780 2556 Sedisque
1843 2475 2260 2556 Apostolice
2333 2473 2885 2536 studiosissimus
2904 2522 2919 2551 ,
2993 2474 3142 2534 iarn

580 2581 885 2643 maxime
914 2582 1153 2661 cupiat
1180 2581 1479 2662 intelligi
1508 2602 1665 2644 sese
1692 2583 1882 2644 vires
1909 2602 2224 2663 quasque
2244 2602 2407 2644 suas
2435 2581 2808 2644 intendere
2835 2582 2926 2642 ad
2961 2583 3150 2642 hanc

580 2687 1001 2750 seditionem
1051 2688 1625 2753 labefactandam
1694 2701 1763 2751 et
1813 2689 2326 2764 cohibendam,
2391 2690 2492 2752 sic
2551 2689 2934 2751 arbitratus
2993 2687 3150 2749 fieri

578 2805 652 2856 ut
719 2793 1135 2858 beneficium
1188 2817 1397 2877 quam
1459 2797 1838 2858 maximum
1901 2796 2071 2857 Sedi
2138 2797 2556 2878 Apostolice
2621 2807 2691 2856 et
2749 2794 3151 2858 Christiane

581 2904 949 2985 religionis
998 2926 1040 2967 a
1088 2926 1164 2967 se
1215 2907 1543 2969 collatum
1599 2926 1753 2968 esse
1806 2915 2200 2969 censeatur.
2269 2905 2442 2987 Quis
2474 2904 2659 2967 enim
2691 2904 2881 2966 haud
2931 2902 3150 2981 videt,

580 3011 916 3074 comitatu
1011 3012 1385 3095 Tyrolensi
1496 3016 1963 3076 tumultuante
2071 3025 2143 3076 et
2234 3013 2342 3074 his
2417 3012 2590 3093 ipsis
2681 3009 3152 3073 seditionibus

580 3122 1114 3197 succumbente,
1178 3119 1345 3181 inde
1404 3119 1589 3182 viam
1648 3121 1910 3200 aperiri
1979 3122 2068 3181 ad
2141 3139 2454 3201 quasque
2523 3117 2884 3200 proximas
2943 3116 3150 3177 Italie

578 3236 819 3306 partes
868 3225 990 3287 ubi
1040 3244 1292 3305 nempe
1344 3244 1558 3287 cause
1609 3228 1858 3287 eedem
1907 3229 2020 3287 vel
2075 3226 2376 3288 maiores
2424 3225 2584 3288 illos
2619 3227 3004 3307 populares
3053 3224 3150 3285 ad

578 3332 961 3394 seditiones
1008 3331 1407 3394 huiusmodi
1458 3332 1921 3409 suscitandaS‚
1970 3343 2044 3393 ut
2094 3312 2283 3411 alibi,
2332 3332 2634 3394 invitare
2664 3333 3006 3412 possunt?
3067 3328 3148 3391 Si

585 3439 867 3519 quidem
919 3438 988 3500 in
1040 3439 1230 3501 omni
1279 3441 1486 3519 malo,
1538 3449 1608 3500 et
1658 3439 1726 3501 in
1776 3441 1913 3501 hoc
1963 3439 2308 3516 maxime,
2359 3459 2488 3501 usu
2547 3438 2742 3500 venit
2797 3448 2874 3498 ut
2920 3437 3148 3517 primo

582 3546 985 3607 inchoatum
1037 3545 1380 3608 coaluerit
1429 3556 1501 3609 et
1545 3546 1965 3627 pauxilatim
2013 3554 2154 3607 tam
2206 3547 2422 3627 longe
2470 3547 2756 3626 lateque
2806 3542 3150 3624 serpserit

580 3662 658 3713 ut
722 3652 862 3714 iam
925 3662 1150 3714 totam
1219 3652 1671 3716 Germaniam
1739 3652 2132 3734 Christiane
2213 3653 2604 3734 reipublice
2669 3660 2944 3733 partem
3005 3670 3146 3711 non

583 3760 928 3821 modicam
963 3758 1291 3822 infecerit
1322 3771 1391 3822 et
1423 3762 1510 3821 ad
1547 3759 1749 3822 Italie
1783 3758 1962 3822 fines
1991 3780 2216 3840 usque
2266 3759 2354 3821 sit
2399 3768 2892 3840 pervagatum.
2989 3756 3148 3837 Ego

580 3885 753 3929 vero
801 3866 969 3948 quid
1020 3866 1092 3928 in
1140 3868 1271 3928 has
1316 3865 1658 3947 temporis
1709 3866 2149 3929 calamitates
2212 3866 2678 3947 prestiterim,
2729 3864 3146 3940 curaverim,

585 3974 1039 4056 maximoque
1088 3994 1245 4037 meo
1296 3986 1575 4053 sumptu
1625 3972 2052 4053 profecerim
2101 3973 2535 4055 opponendo
2585 3992 2696 4035 me
2746 3972 2994 4055 ipsum,
3043 3992 3146 4032 re·

584 4081 899 4143 sistendo
972 4080 1285 4163 nihilque
1356 4080 1948 4161 pretermittendo
2008 4090 2082 4143 ut
2145 4083 2274 4142 hos
2327 4078 2686 4142 sevientes
2729 4079 3027 4141 rusticos
3077 4088 3148 4139 et

584 4188 1065 4250 debaccantes
1112 4188 1407 4249 lenirem
1455 4196 1928 4267 temperarem
1998 4196 2068 4247 et
2130 4186 2570 4266 cohiberem,
2642 4186 2854 4248 mallo
2919 4186 2990 4247 id
3052 4205 3146 4248 ex

585 4294 739 4357 aliis
788 4305 1098 4357 vestram
1148 4292 1635 4374 Sanctitatem,
1688 4314 1897 4375 quam
1949 4314 2038 4355 ex
2089 4314 2200 4356 me
2247 4293 2425 4373 ipSO,
2460 4293 2570 4356 cui
2603 4294 2673 4356 in
2714 4294 2823 4355 his
2853 4290 3148 4375 gloriari

584 4422 724 4464 non
775 4402 960 4479 licet,
1010 4401 1445 4481 intelligere;
1498 4401 1633 4463 hoc
1682 4420 1892 4462 unum
1953 4400 2136 4462 inter
2184 4412 2422 4462 cetera
2471 4401 2754 4481 gaudeo
2801 4420 2913 4462 me
2963 4399 3150 4461 curis

588 4518 657 4569 et
705 4509 1006 4569 assiduis
1056 4508 1227 4569 meis
1276 4508 1645 4570 laboribus
1702 4508 1860 4569 Deo
1925 4508 2193 4587 optimo
2259 4508 2708 4588 maximoque
2769 4507 3152 4569 adiuvante

585 4613 656 4674 id
707 4612 863 4676 esse
913 4624 1311 4677 assecutum
1361 4625 1438 4675 ut
1486 4634 1695 4694 quum
1744 4614 2067 4696 plerique
2127 4635 2258 4696 per
2305 4613 2760 4678 Germaniam
2807 4634 2938 4696 per
2983 4634 3152 4676 suos

586 4720 873 4782 sedibus
920 4720 1065 4782 suis
1112 4720 1298 4801 pulsi
1347 4718 1507 4797 sint,
1556 4721 1713 4801 ipsa
1759 4741 1871 4783 me
1921 4720 2174 4783 civitas
2201 4722 2617 4785 Tridentina
2671 4721 2940 4783 crebris
2989 4740 3150 4783 cum

588 4826 850 4889 nuntiis
900 4838 1047 4889 tum
1096 4826 1319 4889 literis
1361 4826 1770 4908 interpellat
1819 4837 1889 4889 et
1935 4838 2146 4909 rogat
2195 4830 2287 4891 ad
2333 4829 2657 4908 reditum,
2705 4828 3154 4910 pollicentes,

588 4934 923 5015 quicquid
973 4935 1064 4995 ad
1112 4932 1363 4997 fideles
1412 4936 1732 4997 subditos
1782 4935 2033 4999 attinet
2067 4958 2224 5001 sese
2259 4934 2836 5019 diligentissimos
2881 4946 3149 5018 presta-
