3575 5775
1314 505 1433 560 0<3
1508 507 1613 562 259
1691 506 1810 562 G>0

312 653 512 732 tione,
572 675 687 716 ma
750 654 967 716 credo
1032 653 1165 715 che
1227 652 1443 735 quelli
1508 653 1639 714 che
1698 672 1810 714 me
1877 651 2204 715 scriveno
2267 656 2414 714 cosi
2476 652 2694 716 fanno
2771 661 2844 715 et

312 761 668 842 divulgano
732 762 833 823 tal
894 760 1087 824 fama
1149 781 1283 842 per
1338 761 1641 841 qualche
1712 761 1868 822 loro
1932 762 2078 850 bon
2142 759 2536 842 proposito,
2640 759 2732 822 Et
2801 779 2844 821 a

308 870 516 950 quella
560 869 1022 932 humilmente
1070 871 1247 930 baso
1296 869 1363 930 le
1412 868 1623 930 mani.

1346 1075 1559 1086 ,xa-mm
1568 1075 1608 1086 Λω
1617 1075 1753 1086 m

1482 1304 1628 1371 101.

826 1421 1323 1501 Aloander
1389 1420 2304 1502 Vioecanoellario.

1138 1560 1422 1628 (Nuntiat.
1457 1559 1709 1620 German.
1744 1559 1807 1618 Σι.
1843 1559 1978 1628 129.)

1262 1667 1441 1738 (ει(ὒ
1481 1672 1629 1736 Junfi
1677 1668 1850 1738 1521)

463 1812 543 1875 A’
592 1811 662 1875 di
712 1812 861 1874 XII
910 1812 1171 1894 partite
1222 1811 1439 1875 Cesar
1506 1813 1598 1875 da
1647 1813 1971 1876 Mastrict
2031 1815 2124 1876 ad
2174 1813 2580 1894 Curinghen
2632 1814 2839 1875 luoco

302 1921 403 1982 del
446 1919 798 2000 Episcopo
849 1919 920 1981 di
959 1918 1181 2000 Liege
1229 1939 1361 2001 per
1407 1922 1632 1981 andar
1682 1921 1822 1982 alle
1870 1919 2173 2002 exequie
2245 1919 2319 1983 di
2367 1920 2706 1983 Chievres
2769 1919 2841 1982 in

302 2027 603 2107 Arescot,
652 2025 722 2088 io
772 2047 912 2088 non
960 2028 1295 2089 havendo
1346 2047 1388 2088 a
1436 2026 1545 2088 far
1595 2027 1665 2089 in
1715 2028 1816 2089 tal
1865 2047 2032 2090 cosa
2081 2026 2293 2090 andai
2341 2049 2384 2090 a
2417 2026 2661 2109 Liege,
2710 2046 2841 2108 per

302 2136 499 2196 veder
542 2155 743 2196 come
788 2135 855 2196 16
906 2154 1071 2196 cose
1102 2135 1473 2196 lutherane
1506 2133 1562 2195 si
1589 2143 1988 2214 portavano
2022 2134 2092 2196 in
2128 2136 2366 2216 quella
2412 2133 2602 2215 cittii,
2654 2135 2840 2196 dove

298 2240 505 2303 trovai
552 2261 682 2323 per
731 2242 802 2302 la·
859 2240 1000 2303 Dio
1061 2240 1294 2322 gratia
1364 2241 1534 2322 ogni
1594 2261 1764 2303 cosa
1831 2243 2058 2303 andar
2122 2241 2508 2304 benissimo
2574 2249 2838 2322 quanto

301 2347 695 2430 appertiene
742 2345 863 2410 alli
911 2347 1029 2410 del
1079 2368 1329 2429 paese;
1398 2368 1570 2409 vero
1635 2347 1673 2409 ὲ
1736 2349 1869 2410 che
1926 2348 2165 2430 aliqua
2214 2357 2450 2410 tamen
2499 2350 2841 2410 suberant

302 2454 539 2516 veteris
585 2453 892 2535 vestigia
941 2453 1213 2516 fraudis
1260 2454 1331 2516 in
1381 2454 1615 2516 alcuni
1665 2453 2018 2517 forestieri
2067 2454 2113 2517 li
2145 2455 2336 2536 quali
2386 2475 2603 2518 erano
2653 2455 2723 2518 in
2772 2458 2842 2518 la

302 2561 763 2625 coniuratione
811 2561 883 2623 di
931 2560 1163 2642 questi
1230 2560 1487 2623 ribaldi
1554 2560 1789 2642 impii,
1864 2581 2003 2624 non
2059 2564 2234 2642 pero
2298 2570 2497 2624 tanto
2561 2562 2839 2643 potenti

302 2669 417 2730 che
460 2671 1009 2732 subvertesseno
1051 2668 1213 2749 quel
1244 2669 1513 2748 populo
1564 2669 1682 2729 del
1713 2677 1897 2731 tutto
1930 2669 2322 2741 catholico:
2371 2689 2508 2751 pur
2537 2668 2839 2732 faceano

301 2784 618 2858 apportat
676 2785 748 2838 et
794 2775 1066 2838 vender
1116 2773 1235 2836 alli
1283 2774 1527 2836 librari
1590 2774 1663 2836 di
1712 2775 1875 2836 libri
1933 2775 2004 2837 di
2053 2775 2353 2854 Luther,
2423 2778 2492 2838 al
2542 2777 2674 2838 che
2722 2776 2839 2838 del

302 2890 461 2945 tutto
505 2884 597 2946 ho
648 2884 817 2945 dato
867 2882 1117 2946 ordine
1168 2885 1299 2946 che
1348 2904 1569 2946 ancor
1616 2893 1870 2965 questo
1906 2883 2143 2946 ulcere
2175 2884 2291 2945 del
2322 2892 2504 2945 tutto
2552 2882 2622 2945 in
2674 2883 2838 2963 quel

302 3008 491 3068 paese
539 2991 697 3053 sara
748 2990 1039 3055 extintO.

456 3097 701 3180 Hoggi
749 3097 1060 3161 arrivato
1110 3118 1152 3159 a
1200 3098 1521 3160 Lovanio
1584 3098 1676 3159 ho
1724 3109 2068 3179 receputo
2118 3099 2369 3160 lettere
2435 3098 2528 3159 da
2581 3117 2672 3159 un
2725 3096 2836 3159 de'

304 3202 440 3266 miei
488 3205 558 3266 di
604 3206 949 3268 Bruxelle
998 3226 1237 3268 essere
1287 3205 1631 3287 aggiunte
1680 3207 1933 3267 lettere
1982 3225 2112 3287 per
2162 3225 2271 3268 me
2320 3205 2390 3266 di
2439 3205 2526 3267 V.
2579 3203 2651 3267 S.
2686 3204 2834 3267 R¹¹¹⁸

304 3320 361 3370 et
420 3313 542 3375 che
616 3314 841 3394 perho
910 3333 1039 3375 son
1102 3322 1501 3393 expectato,
1632 3312 1745 3374 Ho
1811 3312 2152 3393 expedito
2217 3332 2354 3375 uno
2414 3311 2486 3373 di
2543 3311 2704 3374 miei
2766 3313 2836 3374 al

306 3414 365 3477 S‘
397 3418 725 3481 Carazolo
778 3428 849 3482 et
895 3440 972 3482 se
1005 3420 1044 3481 ὲ
1078 3440 1247 3482 cosa
1276 3422 1366 3482 de
1400 3420 1844 3501 importanza
1881 3420 1949 3483 io
1977 3420 2262 3482 subbito
2312 3441 2423 3482 me
2473 3419 2834 3483 trasferiro

305 3522 378 3603 la,
421 3528 834 3589 altramente
884 3530 1156 3589 restaro
1224 3527 1342 3607 qui
1409 3526 1551 3589 fino
1617 3528 1747 3589 che
1811 3527 1894 3589 sii
1960 3527 2304 3609 impresso
2371 3529 2438 3589 el
2499 3525 2833 3589 mandato

306 3630 445 3693 dell'
476 3632 773 3714 imperio
822 3632 891 3695 in
941 3633 1162 3696 latino
1211 3634 1411 3695 accio
1461 3636 1592 3696 che
1642 3633 1686 3696 'l
1742 3634 1802 3697 si
1864 3634 2186 3715 divulghi
2244 3654 2373 3715 per
2438 3632 2486 3695 il
2553 3632 2835 3714 mund0‚

306 3746 363 3798 et
404 3740 515 3821 poi
562 3742 833 3803 andaro
882 3742 1024 3803 alla
1070 3750 1268 3803 corte
1336 3739 1407 3802 di
1465 3740 1685 3803 Cesar
1750 3760 1881 3823 per
1935 3740 2089 3804 fare
2139 3742 2185 3803 il
2238 3749 2427 3803 resto
2478 3739 2549 3802 di
2598 3741 2835 3821 quello

307 3846 531 3922 patera
578 3848 636 3909 si
686 3846 878 3909 habii
928 3849 1019 3911 ad
1066 3846 1178 3909 far
1228 3860 1298 3909 et
1347 3847 1521 3909 daro
1570 3847 1820 3911 adviso
1870 3868 1912 3909 a
1961 3846 2048 3910 V.
2099 3846 2172 3911 S.
2220 3848 2413 3911 Rma
2475 3848 2614 3909 alla
2671 3848 2835 3928 qual

308 3950 457 4015 baso
504 3955 567 4016 16
617 3955 836 4034 mani,
906 3954 1446 4039 significandole
1512 3956 1642 4016 che
1705 3956 1770 4015 le
1836 3974 2002 4017 cose
2053 3957 2142 4017 de
2193 3954 2458 4017 Luther
2507 3954 2596 4015 de
2646 3955 2714 4015 di
2764 3952 2834 4015 in

310 4055 367 4117 di
407 4059 519 4139 piu
565 4081 802 4124 vanno
851 4060 922 4123 in
972 4060 1177 4123 ruina
1227 4081 1425 4123 corne
1477 4062 1511 4123 ὲ
1562 4060 1609 4122 il
1641 4062 1864 4123 dever
1911 4070 1983 4123 et
2030 4061 2101 4123 di
2152 4071 2402 4142 questo
2451 4081 2592 4122 non
2638 4058 2834 4142 fingo

310 4163 531 4229 alcuna
577 4189 765 4231 cosa.
860 4167 1060 4231 Bene
1111 4178 1180 4230 et
1226 4167 1404 4230 felix
1450 4170 1690 4230 valeat
1737 4168 1930 4230 illma
1977 4167 2361 4231 dominatio
2412 4166 2499 4229 V.
2564 4166 2677 4229 cui
2723 4186 2835 4229 me

310 4267 531 4336 iterum
578 4286 791 4357 atque
838 4275 1092 4338 iterum
1139 4275 1524 4338 humillime
1576 4276 1992 4338 commendo
2043 4284 2113 4337 et
2160 4275 2367 4339 dedo,

1469 4580 1767 4591 „vr-»W

2434 4931 2547 4988 17*
