3575 5775
1299 570 1597 626 0-<23289
1674 571 1791 626 8>-0

278 714 419 776 suoi
440 714 941 797 temporeggia
964 733 1099 796 per
1118 717 1421 797 qualche
1448 716 1701 798 giorno
1726 737 1858 799 per
1881 719 2070 779 buon
2114 725 2432 798 respetto
2473 715 2544 777 di
2578 723 2826 796 queste

278 841 431 884 cose
468 821 539 884 di
564 820 867 902 Guerra,
909 831 981 885 et
1014 822 1083 886 io
1114 823 1351 902 crede,
1383 825 1514 887 che
1548 845 1625 887 se
1658 825 1814 886 loro
1838 826 2186 888 havesero
2212 823 2335 906 piu
2375 823 2751 904 risguardo
2785 841 2829 884 a

282 927 411 991 Dio
458 929 591 992 che
640 931 709 992 al
758 928 1077 994 discorso
1128 929 1226 992 dil
1274 933 1560 1011 mundo,
1609 940 1681 993 et
1726 932 2116 994 lassassero
2175 929 2288 992 far
2352 947 2395 991 a
2443 927 2664 992 Cesar
2724 942 2828 990 se·

278 1035 496 1099 cundo
546 1037 614 1098 el
663 1038 807 1098 bon
855 1055 985 1098 suo
1032 1037 1406 1118 proposito
1453 1039 1586 1101 che
1634 1057 1916 1120 sempre
1949 1039 2044 1100 ha
2079 1038 2374 1116 havut0,
2420 1036 2640 1098 molto
2689 1053 2825 1097 tne-

278 1143 413 1224 glio
460 1163 539 1206 se
584 1145 1121 1225 portarebbeno
1169 1145 1235 1208 le
1284 1164 1451 1208 cose
1518 1146 1711 1209 della
1755 1145 1816 1208 F
1820 1145 1954 1208 ede
2015 1143 2088 1206 in
2149 1162 2365 1206 causa
2430 1143 2828 1220 lutherana,

280 1261 343 1312 et
384 1269 603 1312 ancor
649 1249 772 1333 piu
816 1253 1487 1333 prosperarebbeno
1536 1253 1602 1316 le
1652 1251 1956 1315 facende
1988 1251 2078 1314 de
2109 1249 2258 1314 Sua
2287 1249 2587 1313 Maesta.
2664 1247 2825 1310 Non

280 1367 573 1420 restamo
622 1357 800 1439 pero
848 1357 961 1420 far
1006 1356 1127 1420 noi
1176 1359 1337 1421 altri
1384 1358 1555 1442 ogni
1602 1358 1972 1438 instantia,
2039 1368 2113 1422 et
2159 1357 2232 1421 di
2275 1359 2498 1422 breve
2547 1355 2606 1418 si
2653 1354 2829 1418 dara

280 1467 505 1526 buona
553 1464 1050 1546 expeditione,
1116 1475 1187 1529 et
1248 1465 1543 1530 insieme
1592 1469 1731 1531 alle
1779 1487 1948 1530 cose
1997 1464 2067 1529 di
2115 1463 2502 1529 Hollandia
2544 1465 2616 1526 la
2662 1463 2829 1544 qual

286 1580 468 1635 certo
500 1572 537 1634 ὲ
588 1572 809 1636 molto
848 1571 1120 1654 infetta,
1172 1581 1245 1636 et
1290 1593 1432 1637 non
1480 1574 1775 1637 attendo
1806 1574 1900 1637 ad
1945 1576 2150 1653 altro,
2199 1593 2278 1635 se
2309 1591 2452 1635 non
2484 1571 2578 1634 ad
2605 1571 2828 1634 hever

280 1677 405 1740 mia
453 1677 937 1760 expeditione,
984 1699 1118 1760 per
1164 1681 1598 1743 andarmene
1646 1683 1737 1761 la,
1785 1681 1955 1743 dato
2004 1681 2136 1743 che
2181 1678 2252 1742 io
2284 1677 2531 1742 habbii
2579 1677 2828 1740 ordine

281 1782 388 1864 qui
432 1783 501 1846 in
550 1784 920 1866 Bruxella,
969 1795 1041 1848 et
1086 1789 1205 1848 nel
1253 1806 1473 1867 paese
1523 1787 1595 1849 di
1644 1786 2061 1866 Harmonia,
2109 1788 2176 1849 le
2223 1785 2414 1868 quali
2462 1783 2637 1866 pero
2685 1801 2829 1846 non

278 1891 499 1954 hanno
548 1893 769 1954 molto
820 1893 909 1956 de
950 1893 1259 1974 bisogno
1307 1913 1438 1975 per
1484 1913 1625 1956 non
1675 1914 1872 1956 esser
1915 1892 2170 1956 infetti.
2264 1892 2348 1955 El
2378 1889 2646 1974 peggio
2697 1891 2830 1952 che

278 1995 339 2060 io
382 1999 567 2060 vedo
614 1998 686 2062 in
734 1998 967 2080 questi
1012 1998 1217 2080 paesi
1263 1999 1300 2062 ὲ
1350 1999 1423 2062 di
1470 2002 1708 2082 quello
1756 1998 1984 2062 amico
2034 2000 2164 2062 che
2195 1999 2462 2062 Vostra
2493 1995 2830 2080 Signoria

278 2103 901 2170 Reverendissima
957 2107 1051 2170 mi
1114 2106 1381 2188 scrive,
1444 2107 1575 2171 che
1638 2107 1707 2170 io
1770 2105 1962 2170 debii
2021 2127 2157 2170 con
2219 2105 2390 2188 ogni
2452 2106 2832 2169 dextrezza

279 2211 438 2275 tit-ar
484 2214 629 2276 alla
675 2213 938 2278 diretta
982 2213 1121 2280 via.
1200 2214 1261 2276 Il
1293 2217 1427 2278 che
1474 2223 1673 2278 certo
1708 2233 1991 2296 sempre
2038 2213 2134 2276 mi
2179 2233 2310 2276 son
2343 2212 2617 2277 forzato
2650 2211 2826 2277 fare.

442 2320 518 2382 L'
570 2321 755 2383 altro
825 2321 862 2384 ὲ
923 2320 977 2384 il
1036 2319 1245 2383 Prior
1320 2319 1393 2383 di
1452 2320 1841 2402 Augustini
1904 2321 1974 2383 in
2043 2321 2460 2400 Antwersa,
2526 2322 2592 2382 el
2661 2319 2831 2400 qual

282 2445 409 2488 non
454 2427 579 2508 gia
626 2425 697 2490 in
745 2425 1051 2508 publicis
1098 2427 1545 2490 sermonibus
1594 2430 1695 2510 (ut
1742 2423 1967 2510 prius)
2017 2429 2142 2492 sed
2192 2429 2376 2490 clam
2423 2428 2680 2489 multos
2728 2425 2826 2489 in·

275 2529 441 2614 ficit,
506 2553 623 2596 ma
671 2542 924 2615 questo
974 2536 1287 2598 secundo
1356 2543 1467 2598 est
1512 2555 1605 2598 ex
1655 2555 1741 2598 eo
1789 2555 2058 2616 genere
2106 2535 2507 2597 Demonum
2555 2534 2688 2596 che
2735 2536 2830 2597 ha

278 2639 359 2701 de
403 2640 709 2722 bisogno
758 2641 830 2702 di
877 2643 1157 2704 baston.
1252 2642 1440 2706 Pero
1506 2641 1601 2704 mi
1657 2641 1906 2704 dubito
1956 2661 2068 2704 me
2115 2641 2276 2704 sara
2323 2644 2648 2722 besogno
2697 2640 2830 2704 che

282 2745 343 2807 io
423 2747 723 2828 procedi
812 2747 1421 2830 rigorosamente,
1516 2756 1592 2812 et
1674 2749 1874 2813 forza
1949 2747 2112 2812 sara
2197 2747 2444 2811 naschi
2529 2749 2831 2828 qualche

277 2855 561 2917 tumulto
644 2855 907 2937 perche
981 2856 1074 2918 ho
1144 2862 1415 2919 tentato
1510 2855 1581 2918 la
1660 2855 1781 2919 via
1850 2855 2150 2937 pacifica
2230 2873 2364 2938 per
2436 2855 2674 2937 megio
2759 2854 2830 2918 di

276 2960 502 3024 buone
547 2981 852 3043 persone
902 2971 973 3025 et
1020 2962 1285 3026 frustra
1331 2963 1773 3043 laboramuS,
1849 2974 1922 3026 et
1981 2964 2070 3026 de
2127 2965 2422 3026 lassarlo
2471 2981 2514 3024 a
2573 2972 2826 3044 questo

277 3068 479 3129 modo
520 3086 649 3149 per
680 3068 921 3133 niente
954 3070 1351 3133 consultum
1378 3069 1681 3150 videtur,
1729 3071 1994 3153 perche
2029 3071 2118 3133 de
2148 3071 2370 3133 breve
2399 3068 2826 3132 harressimo

276 3176 713 3239 renovellata
759 3185 1013 3257 questa
1060 3185 1281 3258 setta,
1330 3179 1399 3239 la
1446 3179 1611 3259 qual
1658 3178 1730 3240 in
1778 3177 2011 3259 questi
2060 3174 2308 3259 luoghi
2355 3177 2532 3238 hora
2578 3195 2710 3258 per
2757 3178 2829 3238 la

277 3281 501 3361 gratia
548 3280 619 3343 di
666 3282 808 3345 Dio
870 3283 907 3345 e
978 3282 1179 3365 quasi
1242 3284 1359 3347 del
1420 3292 1604 3346 tutto
1654 3284 1963 3365 extinta,
2033 3292 2103 3346 et
2168 3285 2474 3347 sarebbe
2541 3282 2826 3345 omnino

279 3386 648 3452 anichilata
696 3409 773 3452 se
822 3388 883 3452 si
928 3399 1218 3473 potesse
1267 3392 1395 3453 dar
1445 3391 1695 3454 ordine
1744 3392 1884 3453 alle
1950 3391 2088 3454 due
2149 3390 2608 3473 soprascritte
2669 3408 2826 3472 per-

278 3512 474 3574 sone,
541 3498 610 3558 al
658 3496 791 3559 che
839 3507 1035 3559 certo
1084 3498 1295 3561 usaro
1344 3496 1515 3579 ogni
1564 3496 1938 3579 diligentia
1969 3516 2104 3560 con
2152 3498 2221 3560 lo
2271 3498 2514 3561 adiuto
2563 3498 2634 3561 di
2663 3498 2824 3579 Dio,

283 3600 391 3679 qui
434 3602 1144 3666 Reverendis'simam
1192 3612 1265 3667 et
1310 3603 1860 3668 Illustrissimam
1891 3604 2461 3667 Dominationem
2493 3605 2828 3669 Vestram

281 3706 388 3770 diu
430 3708 711 3773 felicem
760 3719 1020 3792 servet,
1070 3710 1271 3775 cuius
1318 3731 1565 3775 manus
1610 3711 1998 3774 humillime
2046 3711 2442 3775 deosculor.

1340 3926 1375 3937 Ν

1469 4156 1617 4222 123.

935 4272 1354 4352 Aloander
1409 4272 2155 4354 vicecancellariO.

1118 4411 1401 4475 (Nuntiat.
1438 4410 1690 4471 German.
1739 4410 1801 4469 1..
1837 4411 1971 4485 164)

1197 4517 1305 4590 (15.
1344 4522 1670 4587 Septembris
1714 4520 1890 4589 1521.)

443 4638 513 4700 A
545 4638 594 4701 li
626 4636 701 4701 di
732 4638 1000 4719 passati
1033 4638 1296 4720 partite
1328 4639 1418 4701 de
1453 4638 1763 4701 Fiandra
1797 4658 1929 4720 per
1959 4638 2167 4701 Italia
2198 4638 2434 4720 quello
2468 4638 2653 4701 frate
2679 4638 2824 4718 jos,

284 4741 659 4808 Borchardi
694 4744 783 4807 de
816 4745 1271 4827 predicatori,
1322 4746 1386 4808 el
1418 4746 1605 4827 qual,
1656 4766 1859 4809 como
1908 4747 2088 4809 altre
2136 4748 2330 4808 volte
2376 4743 2648 4827 scripsi,
2697 4764 2828 4828 per

284 4850 488 4914 havet
550 4852 920 4934 predicato
985 4862 1235 4915 contra
1290 4850 1339 4915 li
1397 4852 1787 4917 Lutherani
1853 4874 1943 4917 ne
2009 4855 2078 4916 lo
2142 4851 2468 4917 incendio
2534 4851 2606 4915 di
2671 4853 2825 4915 loro

330 4975 481 5029 Balsa,
503 4978 795 5019 Documenta
810 4978 1087 5019 Lumen-ana.
2442 4958 2506 5010 19
