3575 5775
1672 574 2165 630 0-<13180⁵:.>-0

645 726 825 786 :fnirn
891 745 1050 804 ero,
1109 725 1165 785 si
1233 723 1525 785 edoctus
1588 721 1828 801 fuerO,
1901 741 2411 803 quemcumque
2471 741 2781 783 errorem
2832 740 3193 800 revocare,

645 852 903 910 proque
953 831 1241 911 primuS,
1292 830 1408 910 qui
1456 829 1737 891 libellos
1786 850 1982 891 meos
2031 829 2102 890 in
2148 829 2385 908 ignem
2437 828 2810 909 proiitiam.

821 938 926 1000 Ex
974 937 1083 1000 his
1131 937 1439 1000 arbitror
1488 936 1827 1016 liquidum
1878 935 2050 1015 fieri,
2102 957 2211 997 me
2260 935 2431 997 satis
2481 956 2765 996 curasse
2818 945 2886 995 et
2935 935 3193 1014 ponde·

645 1070 837 1106 mass:
886 1045 1288 1108 discrimina
1357 1054 1427 1106 et
1473 1044 1831 1125 pericula,
1897 1064 2021 1105 seu
2085 1042 2319 1104 studia
2386 1051 2456 1103 et
2519 1041 2990 1103 dissentiones
3044 1062 3198 1102 mee

645 1153 963 1215 :lnwtrine
1015 1152 1390 1215 occasione
1438 1151 1509 1213 in
1560 1152 1732 1213 orbe
1785 1149 2133 1225 excitata,
2206 1151 2293 1211 de
2353 1148 2607 1228 quibus
2668 1146 2818 1210 heri
2882 1147 3200 1229 graviter

645 1278 701 1322 ast
773 1260 1055 1322 fortiter
1110 1259 1508 1321 admonitus
1566 1258 1690 1320 fui.
1812 1257 1987 1318 Mihi
2054 1258 2268 1337 plane
2328 1255 2632 1318 omnium
2700 1255 3200 1318 iocundissima

645 1370 892 1446 farcies,
942 1367 1077 1429 ista
1124 1367 1193 1428 in
1244 1369 1459 1429 rebus
1508 1374 1615 1428 est
1662 1365 1908 1426 videre
1958 1368 2049 1426 ob
2100 1366 2393 1425 verbum
2443 1364 2574 1424 Dei
2627 1362 2894 1444 studia,
2947 1375 3019 1425 et
3066 1363 3197 1425 dis-

645 1474 999 1538 :amitiones
1046 1474 1227 1545 fieri:
1278 1474 1347 1534 Is
1394 1474 1579 1535 enim
1629 1482 1737 1534 est
1784 1470 2010 1534 Verbi
2059 1470 2195 1532 Dei
2244 1490 2507 1549 cursuS,
2559 1490 2764 1532 casus
2798 1480 2869 1531 et
2903 1481 3201 1531 eventus

641 1586 821 1642 sic-ut
868 1581 1074 1644 dicit:
1122 1582 1280 1643 Non
1331 1581 1495 1643 veni
1543 1578 2120 1661 pacem—mittere
2171 1580 2297 1640 sed
2346 1577 2680 1659 gladium.
2775 1577 2963 1639 Veni
3016 1577 3200 1638 enim

642 1690 992 1751 ‘lv-quinem
1042 1709 1377 1769 seperare
1427 1690 1768 1750 adversus
1817 1696 2093 1767 patrem
2143 1705 2340 1747 suum
2392 1695 2521 1749 etc,
2638 1685 2948 1746 Proinde
3014 1683 3199 1765 cogi-

645 1798 930 1858 tandum
980 1795 1186 1858 nobis
1234 1804 1376 1872 est,
1426 1815 1636 1874 quam
1685 1795 1883 1855 Deus
1932 1800 2175 1854 noster
2222 1791 2312 1853 sit
2363 1790 2700 1852 mirabilis
2751 1801 2821 1853 et
2868 1791 3203 1853 terribilis

645 1906 705 1966 in
765 1902 1075 1966 consiliis
1122 1903 1296 1982 suiS,
1345 1922 1434 1964 ne
1483 1901 1690 1979 forte,
1740 1901 1811 1962 id
1863 1899 2052 1980 quod
2099 1919 2232 1979 pro
2283 1897 2617 1960 sedandis
2666 1897 2917 1960 studiis
2978 1907 3200 1961 tenta·

645 2030 785 2086 tur,
837 2008 894 2071 si
944 2030 986 2070 a
1033 2008 1368 2071 damnato
1418 2011 1640 2070 verbo
1686 2007 1819 2069 Dei
1870 2005 2347 2084 exordiamur,
2396 2015 2651 2086 vergat
2699 2005 2935 2085 potius
2983 2005 3053 2066 in
3104 2004 3200 2066 in·

645 2115 1040 2178 amllerabile
1091 2116 1432 2177 malorum
1482 2114 1842 2192 diluvium,
1895 2122 1963 2175 et
2014 2113 2401 2175 curandum
2451 2111 2540 2173 sit
2590 2133 2678 2174 ne
2727 2110 3205 2173 adolescentis

645 2226 845 2286 huius
894 2221 1141 2305 optimi
1189 2220 1534 2302 principis
1583 2221 1818 2283 Caroli
1870 2221 1967 2300 (in
2036 2239 2177 2300 quo
2242 2231 2406 2301 post
2466 2219 2693 2280 Deum
2760 2220 2977 2280 multa
3038 2239 3205 2298 spes

645 2334 773 2402 snas}
825 2328 1120 2391 infoelix
1168 2327 1685 2408 inauspicatum
1728 2327 1852 2389 fiat
1896 2327 2295 2409 Imperium.
2384 2328 2676 2388 Possem
2732 2326 3205 2407 locupletibus

645 2436 1019 2519 tvm-snplis,
1068 2435 1415 2516 scripture
1464 2436 1552 2496 de
1602 2437 1997 2515 Pharaone,
2048 2436 2262 2516 Rege
2312 2432 2703 2513 Babilonis,
2754 2443 2825 2495 et
2874 2433 3206 2514 Regibus

653 2544 934 2622 lua-rahel,
981 2562 1130 2603 rem
1180 2542 1566 2620 declarare,
1619 2541 1735 2622 qui
1785 2550 1930 2602 tum
1981 2563 2138 2602 sese
2171 2540 2476 2603 maxime
2508 2541 2996 2622 perdiderunt,
3045 2561 3204 2601 cum

645 2649 1177 2730 sapientissimis
1227 2649 1536 2711 consiliis
1585 2669 1710 2710 sua
1773 2668 2000 2729 regna
2062 2647 2443 2730 pacificare
2505 2649 2945 2709 studuerunt.
3039 2648 3205 2729 Ipse

645 2762 829 2818 vulin,
877 2767 1005 2837 est,
1055 2756 1173 2838 qui
1223 2756 1758 2838 comprehendit
1816 2765 2087 2817 astutos
2136 2755 2206 2816 in
2256 2777 2380 2817 sua
2430 2755 2689 2817 astutia
2737 2764 2807 2817 et
2855 2754 3207 2816 subvertit

645 2879 916 2929 muntes
984 2875 1363 2947 antequam
1432 2873 1893 2946 cognoscant.
2006 2864 2253 2945 Itaque
2316 2864 2565 2926 timore
2632 2863 2766 2927 Dei
2832 2883 3011 2945 opus
3077 2873 3205 2925 est.

652 2979 801 3035 §mn
852 2976 979 3036 hec
1032 2972 1211 3051 dic0,
1262 2974 1451 3053 quod
1503 2992 1682 3052 opus
1730 2971 1820 3033 sit
1871 2993 2045 3048 mea„
2096 2974 2210 3032 vel
2261 2970 2582 3033 doctrina
2631 2973 2746 3033 vel
2796 2970 3205 3048 monitione,

649 3083 858 3143 mutis
904 3079 1325 3144 verticibus:
1378 3081 1504 3140 sed
1553 3080 1742 3159 quod
1794 3078 2209 3159 obsequium
2259 3100 2413 3140 mee
2456 3078 2837 3140 Germanie
2888 3077 3205 3139 debiturn

649 3190 1067 3251 amhn-ahere
1118 3208 1259 3248 non
1313 3186 1698 3248 debuerim.
1795 3186 1883 3247 Et
1945 3185 2054 3247 his
2116 3207 2225 3247 me
2289 3206 2489 3247 sacre
2550 3185 2895 3247 maiestati
2946 3195 3208 3264 vestre,

649 3295 1385 3375 [luminationibusque
1451 3293 1710 3356 vestris
1774 3293 2271 3355 Illustrissimis
2334 3294 2789 3371 commend0‚
2851 3291 3210 3354 humiliter

653 3424 935 3483 reuss-uns,
1000 3424 1089 3465 ne
1157 3402 1532 3484 paciantur
1593 3400 1843 3463 studiis
1912 3400 2525 3480 adversariorum,
2589 3422 2698 3462 me
2764 3400 2913 3462 sine
2973 3420 3208 3479 causa,

649 3511 777 3571 ..it-,l
829 3510 1032 3573 reddi
1079 3509 1400 3571 invisum.
1494 3508 1683 3570 Dixi.
1749 3543 1834 3551 —-

829 3616 954 3678 His
1004 3616 1209 3678 dictis
1259 3614 1521 3678 Orator
1568 3614 1856 3696 Imperii
1905 3614 2443 3695 increpabundo
2494 3613 2769 3693 similis,
2822 3612 3001 3674 dixit
3048 3633 3208 3674 mea

653 3747 785 3787 [ωτι
839 3726 927 3786 ad
979 3744 1125 3784 rem
1193 3723 1680 3803 respondisse,
1751 3742 1881 3783 nec
1957 3723 2221 3783 debere
2287 3721 2355 3782 in
2418 3720 2859 3801 questionem
2920 3739 3205 3797 vocare,

649 3855 785 3911 qno
837 3831 998 3893 olim
1048 3830 1117 3891 in
1169 3823 1500 3892 Conciliis
1550 3840 1789 3891 essent
1839 3831 2172 3889 damnata
2221 3839 2291 3888 ‹et
2341 3827 2661 3889 diffinita.
2758 3826 2927 3888 Ideo
2986 3845 3028 3886 a
3095 3846 3205 3886 me

649 3939 789 4019 lwti
863 3937 1164 4019 simplex
1227 3957 1366 3999 non
1434 3946 1800 3998 cornutum
1869 3956 2306 4015 responsum.
2412 3935 2524 3996 An
2591 3932 2800 3995 velim
2863 3952 3205 3995 revocare

653 4051 753 4107 ml
810 4065 968 4107 non.
2223 4120 2225 4122 g

821 4190 900 4197 —
954 4151 1224 4232 Quibus
1259 4172 1390 4233 per
1420 4151 1752 4212 Luterum
1786 4159 2160 4229 utcumque
2197 4147 2421 4227 dictis,
2470 4145 2836 4226 praefatus
2870 4144 3205 4206 Notarius

645 4267 729 4319 ml
789 4263 1133 4323 [jaesaree
1183 4256 1405 4321 Sacre
1455 4256 1847 4337 Majestatis
1896 4268 2156 4318 nutum.
2257 4256 2361 4316 Ita
2411 4273 2709 4315 exorsus
2759 4262 2897 4314 est:

821 4367 988 4443 Jure
1037 4366 1140 4427 Te
1191 4367 1475 4427 beatum
1524 4367 1657 4426 hac
1705 4373 1909 4444 parte
1961 4363 2365 4425 existimare
2416 4371 2622 4440 potes
2672 4358 2963 4439 Lutere,
3014 4359 3202 4438 quod

653 4479 765 4531 [filu
821 4492 1056 4534 coram
1105 4482 1247 4534 tam
1299 4471 1627 4534 clementi
1678 4471 2116 4552 Imperatore
2167 4469 2543 4531 dicendum
2592 4465 2751 4542 fuit,
2822 4464 2939 4546 qui
2987 4466 3202 4545 longe

649 4599 781 4639 nnn
837 4579 1100 4641 maiore
1151 4578 1496 4641 modestia
1545 4578 1897 4640 dicentem
1946 4589 2018 4639 te
2068 4574 2458 4653 audiverit,
2524 4592 2731 4654 quam
2782 4582 2853 4633 tu
2904 4571 3057 4654 ipse
3106 4571 3202 4633 di-

649 4687 867 4760 :tvriffi
920 4707 1126 4767 quem
1177 4686 1360 4747 enim
1410 4684 1655 4765 aequis
1704 4695 1827 4746 aut
1872 4684 2117 4765 pronis
2166 4682 2451 4745 auribus
2500 4679 2885 4761 piissimum
2949 4677 3201 4760 princi-

646 4815 829 4875 Ῑιι-ττι,
879 4814 962 4854 ea
1012 4813 1148 4873 que
1198 4791 1707 4855 vehementiori
1742 4790 1991 4874 spiritu
2029 4803 2098 4853 et
2132 4789 2474 4868 acerbiu5‚
2527 4808 2734 4868 quam
2783 4786 3199 4866 religionem

645 4915 712 4959 vt
769 4899 1275 4979 professionem
1325 4909 1516 4962 tuam
1567 4901 1774 4960 decet
1835 4898 1905 4960 in
1956 4896 2372 4960 Pontificem
2441 4895 2819 4957 maximum
2881 4893 3200 4957 invectus
