3575 5775
1533 604 2028 672 0-43473554

490 771 729 829 turos:
806 757 995 847 quod
1066 756 1125 827 si
1199 781 1428 846 neque
1502 785 1639 847 ego
1706 765 1889 827 hanc
1949 760 2342 828 molestiam
2411 757 2694 828 omnino
2755 758 3064 829 evadere

491 874 715 954 potui,
766 873 921 934 fero
970 872 1064 952 id,
1113 875 1228 934 vel
1279 874 1371 934 ob
1420 874 1556 935 hoc
1606 873 1838 934 animo
1889 872 2182 952 equiore
2233 875 2419 953 quod
2472 884 2706 934 certus
2753 893 2904 935 sum
2953 895 3064 936 me

494 991 571 1042 et
622 991 896 1042 ceteros
944 982 1185 1062 plures
1252 977 1461 1043 Sedis
1520 979 1939 1060 Apostolice
2013 980 2313 1041 devotos
2373 981 2553 1040 haec
2619 979 2852 1042 omnia
2917 980 3064 1060 pati

492 1099 885 1169 opportere
935 1107 1067 1169 pro
1128 1085 1271 1148 fide
1337 1097 1409 1150 et
1473 1086 1870 1148 devocione
1929 1106 2102 1167 erga
2165 1107 2241 1148 se
2305 1085 2792 1166 defendenda,
2857 1108 3066 1169 quam

492 1214 631 1275 pro
684 1193 916 1255 virilia
962 1215 1121 1255 mea
1168 1193 1353 1255 inter
1400 1193 1688 1256 alterius
1736 1191 2067 1255 factionis
2113 1191 2434 1256 homines
2480 1192 2780 1256 viriliter
2827 1204 2901 1254 ut
2950 1196 3064 1256 de-

493 1301 643 1362 cuit
690 1310 956 1362 tutatus
1022 1321 1173 1363 sum
1238 1313 1311 1362 et
1374 1303 1662 1363 tutabor
1723 1320 2004 1382 semper
2069 1299 2218 1362 sine
2280 1302 2425 1362 ulla
2497 1302 2710 1362 etiam
2775 1301 3066 1382 proprie

492 1409 643 1469 vite
692 1407 986 1470 ratione.
1050 1407 1206 1488 Que
1256 1409 1492 1470 omnia
1538 1408 1732 1469 volui
1788 1409 2003 1489 paulo
2053 1406 2274 1469 lacius
2321 1407 2581 1470 Vestre
2631 1407 3066 1470 Beatitudini

492 1515 899 1595 explicasse
948 1524 1019 1578 et
1066 1515 1298 1577 eidem
1346 1535 1477 1596 pro
1529 1535 1685 1576 mea
1732 1534 1910 1596 erga
1958 1535 2034 1577 se
2083 1513 2544 1576 observantia
2583 1515 2944 1577 recordari
2993 1515 3061 1577 in

490 1623 607 1684 his
654 1625 867 1684 rebus
914 1623 1030 1684 vel
1078 1623 1415 1685 sedandis
1463 1624 1575 1684 vel
1628 1622 1697 1682 vi
1748 1621 2166 1684 cohibendis
2215 1622 2591 1702 plurimum
2639 1622 2758 1703 agi
2808 1624 2896 1684 de
2945 1625 3064 1684 ho-

493 1750 693 1808 nore,
744 1733 831 1792 de
880 1730 1148 1810 gloria,
1200 1731 1289 1792 de
1339 1731 1673 1808 comod0‚
1744 1731 1834 1790 de
1905 1729 2132 1790 salute
2201 1748 2326 1790 sua
2393 1739 2464 1790 et
2524 1729 2786 1809 ubique
2837 1731 3064 1792 tocius

494 1837 765 1900 ordinis
812 1838 1277 1901 ecclesiastici
1326 1837 1777 1916 defensione,
1829 1847 1899 1898 et
1945 1836 2246 1917 proinde
2297 1837 2790 1899 necessitatem
2839 1837 3062 1918 ipsam

496 1948 863 2026 postulare
917 1955 987 2007 ut
1050 1945 1409 2008 examinet
1471 1945 1874 2026 perpendat
1937 1954 2007 2006 et
2073 1943 2452 2025 prospitiat
2504 1957 2841 2025 quantum
2899 1963 3060 2006 con—

496 2053 712 2114 ducat
760 2052 1145 2114 seditiones
1194 2052 1593 2115 huiusmodi
1641 2052 1707 2113 in
1780 2053 1938 2134 ipsa
1987 2050 2370 2113 Germania
2428 2051 2750 2133 extingui
2816 2071 2904 2114 ne
2966 2053 3060 2114 ul-

494 2159 718 2222 terius
752 2160 1341 2241 progrediantur;
1376 2171 1590 2241 atque
1622 2159 1783 2220 ideo
1826 2171 1902 2220 ut
1935 2161 2258 2221 consulat
2289 2159 2666 2240 provideat
2699 2158 3064 2239 suppetias

502 2286 855 2348 opemque
902 2266 1089 2329 ferat
1140 2287 1347 2347 quam
1399 2267 1730 2329 citissime
1778 2275 2054 2347 potest,
2127 2265 2250 2328 ubi
2298 2280 2368 2327 et
2417 2266 2607 2346 apud
2655 2287 2833 2348 quos
2880 2287 3062 2346 opus

506 2393 665 2436 esse
704 2373 1070 2454 intelligit;
1121 2395 1251 2458 per
1298 2376 1432 2435 hoc
1484 2372 1667 2436 enim
1718 2386 1795 2435 ut
1841 2373 2051 2435 video
2102 2372 2403 2454 gloriam
2433 2373 2900 2435 immortalem
2949 2376 3059 2436 de-

496 2500 762 2561 cusque
812 2493 1235 2563 perpetuum
1286 2481 1419 2544 sibi
1470 2480 2012 2562 comparaverit,
2061 2479 2215 2542 fieri
2263 2499 2546 2560 quoque
2579 2501 2710 2562 pro
2743 2491 3062 2561 tempore

492 2587 762 2668 poterit
810 2599 885 2650 ut
932 2609 1139 2651 omne
1190 2589 1642 2669 impendium,
1692 2588 1918 2650 omnis
1967 2596 2287 2669 sumptus
2336 2607 2544 2668 quem
2593 2590 2684 2650 ad
2724 2591 2852 2650 has
2881 2607 3061 2650 com-

494 2695 860 2758 mociones
908 2696 1377 2758 eradicandas
1426 2696 1826 2776 contulerit,
1877 2698 2133 2758 damna
2183 2715 2624 2778 quecumque
2667 2695 2800 2772 sibi
2832 2716 3062 2757 cumu-

495 2802 837 2863 latissime
885 2803 1265 2881 resarciat,
1332 2803 1403 2865 id
1473 2805 1662 2884 quod
1713 2805 1830 2866 vel
1877 2801 2258 2866 animosius
2309 2821 2558 2864 curare
2607 2803 2824 2864 debet
2872 2805 3060 2883 quod

498 2910 685 2971 idem
766 2910 1277 2973 serenissimus
1358 2910 1702 2992 Princeps
1780 2914 1914 2973 hoc
1995 2910 2223 2990 ipsum
2302 2909 2420 2971 diu
2508 2921 2860 2990 noctuque
2953 2931 3060 2972 co-

492 3017 677 3097 gitat
724 3036 809 3077 ac
859 3018 1032 3080 nihil
1080 3018 1425 3099 reliquum
1474 3018 1647 3081 facit
1695 3029 1771 3079 ut
1839 3017 2288 3079 defendende
2351 3015 2718 3096 dignitatis
2781 3018 3058 3078 ecclesi-

492 3124 717 3186 astice
768 3106 1099 3206 clypeum
1155 3125 1423 3206 induat,
1486 3126 1558 3187 in
1622 3145 1761 3205 quo
1834 3123 2272 3204 permaxime
2335 3122 2724 3204 profecerit
2781 3124 2836 3183 si
2905 3124 3061 3205 ipsa

496 3230 632 3293 sibi
680 3252 891 3315 opem
942 3234 1276 3295 attulerit.
1373 3234 1501 3296 Cui
1566 3254 1675 3296 me
1740 3230 2254 3310 ecclesiamque
2315 3251 2510 3292 suam
2575 3230 3062 3292 Tridentinam

494 3340 956 3417 vehementer
1006 3342 1443 3403 commendo,

675 3446 782 3507 Ex
836 3447 1083 3530 Rippa
1131 3448 1189 3509 T
1193 3448 1453 3510 ridenti
1502 3447 1745 3509 ultimo
1797 3446 1963 3509 Maii
2015 3445 2418 3510 MDXXV.

821 3555 897 3617 E.
956 3555 1251 3617 Vestrae
1300 3554 1791 3617 Beatitudinis.

2327 3662 2488 3712 Hum.
2529 3662 2778 3711 Creatura

2245 3754 2302 3802 R.
2344 3753 2492 3815 Eps.
2533 3754 2849 3801 Trident.

1710 4244 1861 4309 219.

860 4361 1105 4441 Abbas
1160 4384 1211 4441 s.
1271 4360 1569 4440 Antonii
1632 4359 2050 4441 Viennensis
2107 4360 2448 4441 Clementi
2503 4360 2660 4442 VIL

1413 4508 1609 4581 (Epist.
1647 4509 1820 4581 prino.
1856 4507 1959 4566 111.
1995 4508 2130 4579 145.)

1530 4622 1601 4685 (3.
1640 4620 1789 4685 Junii
1836 4620 2009 4688 1525.)

684 4746 885 4827 Quae
931 4746 1001 4808 in
1055 4744 1351 4807 Alsatiis
1401 4744 1641 4806 divina
1687 4744 2136 4807 Lutheranae
2205 4745 2304 4807 illi
2352 4746 2535 4827 pesti
2584 4746 2757 4808 ultio
2805 4746 3060 4825 intulit,

496 4855 587 4917 V.
637 4853 709 4915 S.
759 4854 1124 4935 explicare
1174 4855 1365 4934 quod
1413 4870 1744 4932 presumo
1797 4870 1936 4913 non
1985 4862 2125 4913 tam
2177 4852 2556 4915 temeritati
2617 4853 2784 4915 mihi
2850 4854 3054 4916 ascri-

498 4964 807 5027 bendum
855 4965 1157 5025 obsecro
1208 4980 1416 5042 quam
1465 4959 1656 5040 quod
1686 4976 1956 5020 summa
2003 4959 2160 5041 ipsa
2208 4980 2320 5022 res
2367 4980 2673 5026 summas
2707 4960 2793 5023 V.
2837 4961 3060 5045 ipsius
