3575 5775
1726 517 1844 574 0-‘3
1921 521 2026 575 256
2102 517 2218 572 spe

692 662 812 724 Ad
878 672 1269 725 extremum
1336 663 1508 725 illud
1590 663 2057 727 sanctitatem
2101 664 2451 726 ·Vestram
2513 673 2838 744 rogatam
2903 663 3132 725 velim⁶
3175 671 3246 725 ut

692 768 749 830 si
800 770 1053 851 quain
1104 772 1239 832 hoc
1290 791 1614 833 sermone
1687 772 2032 852 reperiat,
2095 792 2233 853 quo
2297 771 2448 834 eius
2512 769 2964 834 offendantur
3025 790 3246 852 aureS,

691 876 765 938 id
832 897 969 938 non
1010 877 1371 942 'Roffensi
1441 879 1556 961 qui
1630 881 1938 961 Anglice
2010 883 2288 943 locutus
2359 889 2494 960 est,
2580 879 2707 943 sed
2778 877 2948 941 mihi
3018 878 3247 960 potius

691 983 1020 1063 ascribat,
1072 985 1188 1066 qui
1240 988 1329 1048 ab
1381 1007 1465 1049 eo
1516 990 1700 1049 bene
1752 997 1824 1049 et
1870 986 2087 1050 latine
2137 987 2358 1067 dicta,
2430 987 2614 1049 male
2676 995 2749 1048 et
2812 987 3118 1048 barbare
3179 984 3246 1046 in

689 1089 976 1152 latinum
1026 1092 1229 1155 verti.
1328 1093 1417 1154 Et
1464 1097 1703 1156 valeat
1750 1093 2160 1157 felicissime
2213 1093 2474 1157 Vestra
2523 1091 2883 1156 Sanctitas
2899 1139 2916 1172 ‚
2983 1091 3096 1154 cui
3142 1111 3246 1154 me

688 1197 1071 1261 humillime
1120 1203 1555 1265 commendo

868 1304 978 1366 Ex
1029 1305 1459 1370 Richmonte
1508 1307 1737 1389 primo
1784 1309 1974 1386 Junii

1672 1435 1924 1484 Eiusdem
1964 1435 2272 1484 sanctitatis
2311 1437 2532 1484 Vestrae
2571 1432 2897 1481 humillimus
2937 1431 3182 1481 servulus

2359 1531 2426 1594 Bi
2448 1561 2470 1578 -
2491 1529 2720 1594 Pactu.

1769 1709 1870 1725 §fn-snt
1876 1709 1966 1724 s-tat--r
1971 1710 2017 1724 ss·
2050 1708 2180 1724 JNJN

1919 1981 2027 2046 99.

1337 2105 2136 2188 Vicooanoellarius
2191 2106 2630 2187 Aloandro.

1556 2246 1842 2314 (Nuntiat.
1881 2246 2132 2305 German.
2169 2245 2231 2304 1..
2269 2245 2374 2314 64.)

1730 2359 1802 2422 (6.
1843 2359 1993 2423 Junii
2039 2355 2212 2424 1521.)

868 2477 1028 2540 Non
1063 2479 1133 2541 vi
1166 2492 1608 2561 potressemo
1640 2480 1778 2546 mai
1809 2484 1894 2545 ne
1943 2483 2013 2545 in
2064 2482 2314 2565 parola
2363 2482 2450 2545 ne
2499 2481 2568 2544 in
2620 2489 2816 2546 carta
2849 2479 3246 2562 exprimere

688 2583 733 2644 l’
762 2584 1159 2666 allegrezza
1208 2597 1277 2649 et
1326 2598 1661 2651 contento
1710 2591 1804 2651 ha
1851 2599 2188 2652 recevuto
2236 2592 2305 2651 la
2357 2587 2458 2652 St*
2508 2591 2597 2651 de
2657 2589 2741 2650 N.
2794 2585 2865 2650 S.
2917 2589 3106 2650 della
3151 2585 3244 2648 di-

688 2689 858 2753 vina
906 2701 975 2753 et
1022 2691 1116 2754 da
1162 2707 1444 2777 sempre
1478 2715 1916 2759 comemorar
1951 2717 2172 2778 opera
2220 2696 2293 2758 di
2321 2696 2581 2759 Cesare
2613 2696 2733 2759 Re
2765 2705 2835 2758 et
2866 2694 3248 2776 imperator

690 2797 1267 2864 christianissimo
1317 2803 1502 2865 assai
1552 2803 1671 2885 pin
1718 2803 1790 2865 in
1843 2803 2036 2866 effeti
2085 2805 2216 2866 che
2266 2805 2380 2866 nel
2428 2803 2668 2880 titolo,
2728 2812 2798 2864 et
2845 2799 2944 2864 Su
2994 2799 3098 2862 St*
3129 2800 3244 2862 ad·

689 2907 867 2970 mira
915 2920 985 2971 et
1034 2912 1300 2973 extolle
1350 2922 1421 2974 et
1470 2914 1537 2973 la
1584 2912 1751 2975 fede
1801 2923 1872 2974 et
1920 2912 2320 2975 constantia
2383 2922 2454 2974 et
2502 2910 2882 2994 prudentia
2929 2910 2998 2971 di
3049 2916 3245 2971 tanto

689 3014 1118 3097 imperatore
1176 3021 1307 3081 che
1374 3019 1596 3081 habbi
1667 3018 1725 3081 si
1796 3021 1982 3081 bene
2055 3030 2123 3082 et
2193 3022 2249 3082 sl
2321 3027 2838 3082 maturamente
2908 3016 3245 3079 condotto

689 3122 734 3185 1’
768 3143 988 3204 opera
1038 3134 1109 3187 et
1159 3126 1569 3207 expedition
1630 3136 1880 3187 contro
1940 3126 2106 3206 qual
2154 3127 2542 3189 maladetto
2607 3145 2741 3187 con
2804 3123 3112 3206 perfetto
3178 3128 3246 3183 et

690 3230 1094 3294 desiderato
1143 3231 1303 3297 fine.
1378 3231 1477 3293 Su
1506 3231 1608 3294 St*
1644 3234 1737 3295 ha
1785 3233 1956 3295 lette
2006 3232 2123 3313 pit]
2179 3233 2373 3295 volte
2423 3242 2670 3314 queste
2719 3231 2960 3293 ultime
3007 3237 3244 3291 vostre

686 3337 921 3400 littere
971 3358 1185 3420 sopra
1231 3339 1278 3401 il
1330 3338 1618 3420 signare
1668 3349 1739 3401 et
1802 3338 2145 3421 expedire
2207 3339 2228 3400 i
2293 3339 2646 3419 mandati,
2715 3348 2784 3400 et
2847 3337 2920 3401 in
2980 3356 3244 3399 somma

686 3445 1123 3526 impossibile
1174 3446 1359 3509 saria
1406 3448 1498 3509 ad
1548 3447 1952 3529 exprimere
2001 3447 2069 3508 la
2116 3446 2300 3508 festa
2349 3455 2422 3509 et
2467 3446 2688 3509 iubilo
2741 3445 2810 3507 di
2845 3442 2964 3507 Su.
3014 3442 3240 3505 Beati·

688 3552 931 3615 tudine
982 3563 1053 3616 et
1098 3553 1191 3616 ha
1238 3553 1417 3617 fatto
1468 3556 1763 3635 leggere
1799 3554 1916 3635 gia
1957 3553 2025 3615 in
2077 3553 2446 3635 signatura
2493 3552 2832 3635 pubblica
2880 3553 3072 3614 dette
3122 3550 3241 3613 let-

689 3671 840 3723 tere
872 3670 942 3722 et
974 3661 1475 3741 leggerannosi
1506 3664 1733 3723 anche
1764 3659 1833 3723 in
1871 3661 2314 3724 consistorio,
2411 3660 2556 3723 Sua
2589 3658 2866 3722 Santita
2913 3656 3241 3720 referisse

689 3790 823 3831 con
872 3776 1053 3830 tutto
1106 3769 1148 3831 ’l
1198 3788 1363 3831 core
1414 3777 1485 3831 et
1534 3750 1666 3831 con
1718 3777 1901 3830 tutto
1951 3768 1990 3829 1³
2026 3770 2260 3832 animo
2331 3777 2402 3831 et
2462 3770 2624 3831 tutti
2687 3768 2709 3829 i
2767 3769 2956 3831 sensi
3016 3768 3242 3848 gratie

688 3886 953 3957 quanto
994 3876 1135 3957 puo
1187 3875 1537 3956 maggiori
1586 3898 1629 3939 a
1678 3876 1777 3937 Sa
1825 3874 1956 3936 Μιὲι
2004 3886 2075 3938 et
2120 3895 2350 3957 prega
2405 3876 2609 3938 Iddio
2673 3879 2742 3939 la
2800 3875 3126 3938 conservi
3173 3876 3238 3937 in

690 3994 941 4065 questo
993 3981 1217 4045 Santo
1266 3983 1636 4065 proposito
1688 3984 1756 4045 di
1810 3981 2198 4045 defendere
2247 3984 2315 4045 la
2365 3981 2623 4045 Chiesa
2689 3994 2760 4045 et
2809 3993 3012 4045 santa
3057 3980 3242 4045 Sede

690 4090 1113 4173 Apostolica
1161 4100 1233 4152 et
1280 4090 1327 4152 li
1377 4090 1545 4153 doni
1593 4092 1741 4153 vita
1788 4092 2008 4171 longa
2057 4100 2128 4153 et
2174 4088 2502 4171 prosperi
2552 4088 2714 4151 tutti
2760 4090 2782 4152 i
2831 4090 2984 4153 suoi
3031 4088 3240 4171 giusti

693 4198 860 4261 voti.
955 4196 1093 4260 Voi
1144 4196 1212 4258 in
1265 4218 1470 4259 nome
1520 4196 1591 4258 di
1641 4195 1789 4259 Sua
1824 4195 1926 4259 St*
1965 4206 2230 4277 quanto
2279 4195 2396 4278 pi&
2447 4205 2728 4277 potrete
2777 4216 2909 4259 con
2958 4196 3242 4259 affetion

691 4304 1189 4386 ringratierete
1238 4302 1309 4366 S.
1353 4304 1449 4367 M.
1500 4304 2058 4385 persuadendoli
2089 4304 2220 4366 che
2254 4312 2450 4366 tanto
2490 4302 2830 4367 benefitio
2879 4314 2951 4366 et
2997 4303 3240 4366 merito

695 4412 765 4473 di
812 4412 1049 4493 quella
1098 4431 1236 4473 non
1289 4410 1625 4473 caschera
1684 4411 1826 4472 mai
1873 4411 2066 4473 dalla
2127 4410 2467 4473 memoria
2523 4410 2592 4473 di
2657 4408 2758 4474 Su
2805 4410 2960 4474 Bne
3022 4410 3106 4473 ne
3153 4412 3240 4471 de

695 4520 763 4580 la
798 4516 989 4581 Sede
1022 4518 1461 4600 Apostolica,
1513 4516 1666 4580 anzi
1717 4537 1996 4598 sempre
2047 4528 2117 4580 et
2164 4517 2205 4581 l'
2241 4538 2383 4580 una
2417 4527 2487 4579 et
2527 4518 2566 4579 1’
2603 4518 2785 4580 altro
2834 4518 2892 4580 si
2939 4516 3240 4581 sforzera

694 4626 765 4688 di
816 4624 1063 4688 esserli
1103 4625 1221 4707 pisi
1274 4636 1519 4706 grato;
1572 4633 1643 4687 et
1690 4626 2079 4687 benedetto
2130 4634 2200 4687 et
2247 4626 2490 4687 lodato
2533 4624 2638 4687 sia
2670 4646 2950 4708 sempre
2999 4634 3239 4707 questo

696 4756 739 4796 a
786 4732 903 4795 noi
966 4733 1057 4794 da
1126 4732 1266 4794 Dio
1328 4734 1497 4795 dato
1557 4732 1999 4813 Imperatore
2065 4743 2135 4795 et
2198 4732 2549 4795 advocato
2622 4732 2710 4794 de
2781 4734 2852 4794 la
2917 4732 3239 4795 Romana

696 4840 971 4907 Chiesa.
1067 4838 1213 4905 Sua
1248 4838 1523 4905 Santita
1558 4860 1697 4903 non
1734 4840 2003 4905 restera
2053 4839 2123 4903 di
2171 4837 2325 4905 fare
2354 4849 2536 4904 tutte
2567 4840 2635 4903 le
2667 4836 3236 4905 demonstrationi
