3575 5775
1466 617 1963 672 0—<3499{>—0

422 763 555 826 sed
588 763 677 824 de
710 763 1240 846 exstinguenda
1272 763 1494 826 Missa
1525 763 1810 826 omnino
1837 772 2212 836 conantur;
2247 763 2438 843 quod
2469 762 2528 824 si
2559 760 2706 842 liga
2731 759 2994 824 Svevo·

422 887 579 931 rum
630 889 771 932 non
821 879 1019 933 esset·
1060 881 1294 933 actum
1342 880 1533 933 esset
1580 871 1668 933 de
1717 868 2116 952 EpiscopiS,
2165 867 2635 947 monasteriis,
2665 867 2997 950 principi-

422 977 579 1056 buS,
629 987 845 1059 atque
894 978 1076 1040 adeo
1110 979 1198 1040 de
1230 986 1384 1040 tota
1428 978 1832 1052 nobilitate;
1882 978 2049 1040 licet
2097 995 2234 1057 ego
2285 996 2426 1038 non
2462 975 2743 1040 timeam
2793 976 2992 1038 rusti-

426 1101 551 1144 cos
598 1103 829 1164 aeque
876 1103 961 1146 ac
1009 1082 1371 1166 principes
1420 1093 1492 1146 et
1538 1084 1734 1165 ipsas
1781 1084 2108 1148 civitates
2157 1082 2600 1166 imperialem
2665 1092 2735 1145 et
2797 1083 2854 1145 si
2904 1084 2996 1146 ad

425 1188 665 1254 odium
712 1191 1163 1254 manifestum
1211 1192 1671 1274 pervenerint
1716 1192 2076 1275 principes
2126 1201 2198 1254 et
2231 1190 2558 1254 civitates
2581 1189 2994 1272 imperiales

422 1295 585 1360 Vae
632 1297 793 1360 Vae
842 1297 1306 1372 Germaniae,
1363 1321 1528 1364 nam
1574 1299 1800 1363 hostis
1846 1299 2131 1362 humani
2181 1297 2466 1380 generis
2513 1297 2810 1379 pulchre
2857 1298 2993 1360 hoc

422 1403 621 1466 virus
670 1405 973 1469 seminat
1026 1417 1097 1470 et
1145 1406 1461 1488 quotidie
1509 1417 1764 1489 auget,
1829 1428 1987 1471 cum
2045 1406 2370 1471 civitates
2430 1427 2562 1489 per
2627 1427 2704 1468 se
2752 1409 2845 1468 ob
2895 1407 2992 1468 di-

421 1511 638 1574 vitias
686 1533 865 1594 opes
910 1522 983 1576 et
1028 1514 1418 1595 potentiam
1470 1515 1824 1577 nobilitati
1873 1515 2012 1577 sint
2060 1523 2464 1597 suspectae;
2523 1513 2801 1576 accedit
2854 1513 2991 1577 iam

424 1615 621 1678 aliud
684 1620 945 1682 malum
1006 1622 1197 1702 quod
1260 1621 1451 1702 apud
1521 1620 1826 1685 rusticos
1887 1640 2090 1685 cesos
2151 1623 2577 1686 invenerunt
2637 1627 2993 1684 tormenta

424 1724 688 1787 bellica
736 1725 1131 1808 civitatum,
1193 1739 1265 1791 et
1326 1726 1589 1809 passim
1656 1728 1900 1791 rustici
1961 1730 2203 1792 hostes
2263 1729 2470 1812 ligae.
2505 1728 2848 1792 declarati
2895 1729 2990 1792 in-

423 1831 943 1914 grediebantur
986 1833 1309 1898 civitates
1342 1834 1765 1917 imperiales,
1816 1846 2130 1899 ementes
2160 1836 2262 1899 ibi
2295 1857 2512 1917 arma,
2558 1836 2990 1900 bombardas

426 1947 503 2002 et
548 1939 687 2003 alia
732 1950 805 2004 et
852 1941 1038 2006 forte
1101 1943 1397 2006 consilia
1461 1943 1902 2027 accipientes
1950 1964 1990 2006 a
2041 1943 2332 2008 civibus
2431 1942 2728 2006 Publice
2776 1942 2987 2007 etiam

426 2046 739 2110 fatentur
768 2049 1009 2111 rustici
1044 2049 1115 2110 in
1148 2049 1385 2112 multis
1432 2050 1609 2113 locis
1657 2070 1734 2112 se
1782 2049 2116 2113 seductos
2149 2070 2305 2113 esse
2336 2071 2468 2132 per
2498 2049 2989 2133 predicatores

427 2152 795 2218 civitatum
841 2155 1340 2239 imperialium,
1404 2157 1522 2238 qui
1585 2156 1687 2220 eis
1744 2158 1931 2220 hanc
1999 2157 2418 2221 seditionem
2482 2158 2988 2240 persuaserint.

428 2261 720 2324 Providi
768 2282 986 2344 saepe
1052 2266 1187 2326 hoc
1264 2266 1526 2326 malum
1602 2262 2051 2344 Germaniae,
2126 2273 2396 2327 tantam
2473 2264 2989 2347 blasphemiam

426 2369 659 2432 Deum
726 2369 1267 2450 vindicaturum,
1330 2371 1498 2434 licet
1545 2372 1678 2434 hoc
1750 2369 2131 2434 maximum
2197 2371 2288 2433 sit
2362 2372 2620 2434 malum
2677 2381 2993 2435 nostrum

432 2477 617 2540 adeo
667 2477 1066 2541 obstinatos
1127 2499 1283 2542 esse
1338 2477 1808 2542 multitudinis
1863 2478 2134 2541 animos
2189 2488 2266 2540 ut
2313 2499 2452 2540 non
2504 2481 2800 2542 credant
2847 2488 2990 2541 tan-

427 2593 571 2646 tam
619 2585 911 2666 plagam
958 2585 1339 2668 provenire
1388 2595 1685 2669 propter
1712 2587 2050 2650 haereses
2085 2595 2156 2649 et
2185 2585 2666 2668 blasphemias
2716 2595 2995 2649 nostras

427 2691 553 2753 sed
615 2693 847 2754 adhuc
910 2692 1191 2757 stultius
1254 2693 1575 2756 referunt
1634 2691 1705 2755 in
1764 2692 1917 2755 fata
1981 2701 2052 2756 et
2116 2695 2478 2756 stellarum
2538 2701 2820 2756 motum.
2931 2691 2994 2757 O

427 2819 632 2862 curas
678 2799 1075 2862 hominum!
1149 2821 1192 2862 o
1241 2808 1580 2881 quantum
1626 2800 1699 2862 in
1746 2802 1965 2863 rebus
2011 2799 2259 2863 inane!
2337 2800 2524 2862 Hinc
2555 2799 2710 2863 aliis
2744 2798 2998 2864 litteris

426 2908 1001 2989 supplicaveram
1048 2905 1123 2970 S.
1172 2910 1248 2973 T.
1301 2907 1725 2972 Beatissime
1776 2908 1993 2971 Pater
2040 2917 2117 2971 ut
2180 2907 2350 2972 mihi
2407 2907 2708 2990 pauperi
2764 2908 2994 2991 provi-

430 3015 739 3096 deretur,
786 3024 866 3077 ut
912 3036 1196 3097 possem
1244 3016 1315 3077 in
1365 3024 1616 3078 extera
1661 3022 1854 3077 terra
1901 3017 2274 3078 consulere
2319 3014 2812 3096 tranquillitati
2861 3023 2996 3078 stu-

430 3120 703 3185 diorum
752 3141 1105 3195 meorum;
1177 3123 1421 3185 taedet
1478 3122 1665 3185 enim
1712 3141 1828 3184 me
1903 3121 2207 3203 patriae,
2279 3142 2543 3185 nauseo
2612 3120 2836 3184 ferme
2907 3122 2998 3183 ad

429 3228 655 3311 ipsum
725 3249 981 3292 nomen
1044 3227 1505 3307 Germaniae,
1569 3248 1729 3291 cum
1799 3227 2099 3310 singulis
2155 3228 2406 3291 diebus
2469 3248 2693 3311 cogor
2752 3228 2997 3291 audire

427 3337 787 3417 haereseS,
824 3335 1237 3417 seditiones,
1272 3333 1672 3417 sacrilegia,
1706 3335 2212 3418 blasphemiaS,
2261 3335 2644 3400 schismata
2675 3345 2748 3398 et
2772 3334 2998 3399 omnis

428 3442 715 3523 generis
763 3442 1195 3525 impietates,
1253 3451 1325 3505 et
1383 3443 1615 3505 adhuc
1664 3444 1848 3505 bene
1899 3461 2110 3523 spero
2166 3442 2335 3505 mihi
2403 3442 2766 3505 subveniri
2834 3464 2877 3505 a
2923 3441 2996 3506 S.

430 3550 507 3613 T.
576 3549 1020 3631 pientissimo
1102 3549 1339 3612 Patre.
1441 3550 1600 3612 Hoc
1658 3558 1894 3621 tamen
1952 3548 2186 3612 fateor
2253 3547 2563 3630 ingenue
2621 3548 3000 3613 Bavariam

432 3666 501 3719 et
549 3677 707 3721 eam
755 3659 979 3720 solam
1028 3678 1119 3720 ex
1168 3664 1320 3719 tota
1382 3653 1727 3737 superiori
1795 3654 2180 3719 Germania
2241 3656 2461 3720 fuisse
2523 3667 2596 3720 et
2656 3678 2812 3721 esse
2875 3657 2994 3719 im-

430 3783 713 3826 munem
770 3767 861 3825 ab
923 3765 1059 3825 hac
1125 3761 1550 3827 seditionum
1617 3771 1821 3844 peste
1889 3762 2202 3843 nihilque
2260 3763 2424 3825 mali
2488 3784 2778 3845 passum
2840 3784 2996 3827 esse

430 3871 697 3932 clerum
740 3868 813 3931 in
861 3868 971 3931 his
1019 3869 1452 3950 tumultibuS,
1502 3889 1587 3931 eo
1641 3870 1929 3951 dempto
1975 3869 2169 3951 quod
2215 3870 2718 3933 monasterium
2769 3868 2996 3932 Stein-

428 3977 667 4059 gaden
738 3976 1021 4059 Algoys
1092 3976 1401 4039 vicinum
1472 3979 1565 4039 ab
1634 3976 1735 4038 eis
1804 3974 2264 4040 incineratum
2319 3987 2447 4041 est.
2545 3977 2816 4060 Magna
2861 3976 2995 4040 fuit

429 4105 597 4147 cura
645 4083 1087 4166 principibus
1136 4084 1395 4148 nostris
1444 4094 1524 4146 ut
1570 4082 1871 4166 patriam
1922 4104 2012 4147 ex
2073 4086 2208 4148 hoc
2272 4087 2518 4147 morbo
2581 4104 2990 4165 praeserva-

425 4202 615 4272 rent,
679 4190 801 4271 qui
859 4211 950 4253 ex
1014 4192 1338 4255 omnibus
1386 4190 1709 4274 partibus
1758 4189 2220 4273 irruptionem
2269 4192 2690 4272 minabatur,
2724 4191 2988 4273 gravis-

427 4300 675 4362 simum
737 4308 974 4361 tamen
1037 4298 1533 4363 charitativum
1594 4298 1988 4362 subsidium
2053 4298 2299 4361 Clerus
2348 4298 2593 4362 tribuit
2657 4298 2988 4371 ducibus;

412 4406 884 4471 ,medietatem
972 4405 1158 4468 enim
1227 4404 1645 4487 pensionum
1730 4413 1802 4467 et
1872 4404 2353 4467 absentiarum
2422 4416 2852 4487 acceperunt
2916 4415 2994 4470 et

426 4513 711 4576 tertiam
734 4522 1013 4594 partem
1045 4514 1133 4575 de
1158 4512 1655 4593 residentibUS,
1684 4521 2021 4594 quantum
2047 4511 2318 4575 scilicet
2342 4512 2708 4575 absentiae
2729 4513 2992 4595 potuis-

426 4630 583 4683 sent
634 4620 841 4691 dare;
906 4617 1337 4683 tricessimus
1383 4638 1601 4702 porro
1664 4616 1974 4681 florenus
2025 4620 2234 4681 datus
2281 4628 2390 4682 est
2437 4620 2526 4682 de
2581 4621 2790 4683 bonis
2849 4641 2990 4684 mo-

426 4727 688 4791 bilibus
739 4736 811 4790 et
860 4726 1358 4791 immobilibus,
1452 4727 1610 4810 Ego
1658 4728 2136 4809 pauperculus
2194 4748 2216 4788 1
2265 4724 2416 4790 flor.
2449 4746 2582 4809 pro
2616 4748 2748 4809 me,
2798 4725 2988 4809 quin·

428 4834 768 4917 quaginta
841 4835 932 4898 de
998 4855 1139 4897 una
1204 4834 1551 4916 pensione
1623 4843 1692 4897 et
1763 4833 2140 4896 duodecim
2209 4833 2354 4899 flor.
2426 4853 2560 4915 pro
2636 4835 2846 4897 domo
2919 4842 2991 4897 et

431 4940 903 5024 suppellectili
948 4961 1107 5005 mea
1158 4942 1329 5004 dare
1378 4949 1669 5003 coactus
1716 4960 1890 5006 sum.
1999 4940 2101 5003 At
2168 4942 2345 5004 haec
2403 4939 2636 5003 laevia
2691 4940 2749 5003 si
2798 4950 2870 5003 et
2915 4940 2988 5003 in

2561 5046 2662 5099 32*
