3575 5775
1317 583 1811 649 0-<t31978>-0'

311 744 586 827 demptis
656 741 978 818 arbitris;
1050 741 1168 824 piu
1250 743 1432 803 oltra
1493 741 1680 802 disse
1745 742 1811 801 al
1886 741 2159 802 decano
2229 740 2645 821 sopradetto
2719 742 2847 803 che

311 852 388 914 lui
445 872 562 915 era
625 853 837 915 solito
901 849 1265 930 predicar,
1335 850 1593 929 legger
1655 847 1702 911 il
1751 847 2092 929 psalterio
2109 895 2127 928 ,
2202 855 2273 910 et
2335 847 2602 910 scriver
2651 857 2849 910 certo

311 967 679 1022 commento
728 959 800 1020 in
852 959 1010 1036 6110,
1063 964 1134 1019 et
1182 957 1314 1018 che
1365 955 1413 1016 li
1461 954 1642 1035 libri,
1694 955 1804 1016 de'
1856 954 2045 1035 quali
2095 955 2152 1016 si
2200 955 2406 1018 facea
2453 954 2501 1017 il
2550 957 2850 1018 tumulto

311 1087 501 1129 erano
566 1067 637 1128 di
701 1065 856 1126 suoi
905 1063 1384 1126 confederati:
1451 1073 1522 1124 et
1571 1063 1701 1124 che
1751 1062 2038 1142 quando
2100 1065 2241 1124 ben
2304 1062 2401 1124 lui
2450 1083 2850 1142 revocasse,

311 1195 499 1236 erano
548 1171 714 1234 altri
759 1171 880 1252 piu
933 1171 1001 1232 di
1053 1170 1234 1233 XX.
1291 1169 1342 1232 li
1391 1169 1583 1251 quali
1631 1169 2017 1231 sarebbero
2067 1169 2237 1250 ogni
2286 1169 2354 1230 dl
2404 1171 2707 1250 peggio;
2782 1180 2853 1231 et

311 1280 498 1342 infine
551 1281 745 1342 nulla
794 1280 1012 1357 valse,
1063 1277 1152 1339 ne
1203 1277 1778 1356 demostratione,
1829 1278 1916 1338 116
1968 1276 2486 1357 exhortatione,
2536 1279 2621 1339 ne
2672 1285 2851 1340 astu-

310 1388 423 1460 tia;
469 1385 735 1469 perche
786 1404 1066 1466 sempre
1116 1385 1157 1446 6
1203 1394 1390 1446 stato
1440 1384 1821 1464 obstinatO,
1875 1393 1945 1446 et
1990 1385 2215 1446 solum
2249 1383 2451 1447 dicea
2482 1406 2622 1447 non
2654 1385 2853 1446 voler

311 1494 405 1556 far
449 1502 698 1556 contra
745 1491 1220 1572 conscientia,
1271 1501 1341 1553 et
1389 1494 1644 1554 alcuna
1693 1493 1891 1553 volta
1938 1491 2143 1554 dicea
2192 1491 2434 1554 esserli
2482 1493 2850 1570 revellato,

313 1611 370 1663 et
423 1601 537 1682 poi
586 1605 656 1662 lo
718 1620 1001 1681 negava
1064 1600 1316 1662 eodem
1366 1608 1724 1680 tempore,
1796 1598 2035 1679 itaque
2100 1599 2311 1661 etiam
2374 1607 2541 1661 tunc
2590 1599 2853 1661 frustra

311 1709 684 1770 laboratum
730 1707 885 1770 fuit.

472 1815 559 1877 Di
617 1825 870 1895 questo
934 1814 1066 1875 che
1113 1813 1210 1875 lui
1261 1834 1400 1876 non
1450 1813 1695 1875 habbii
1758 1825 2127 1894 composto
2192 1813 2422 1894 questi
2470 1813 2632 1875 libri
2681 1833 2853 1894 pare
2946 1825 2951 1835 ’

311 1921 426 1982 6116
473 1922 526 1983 51
577 1921 922 1983 confermi
971 1941 1236 1983 ancora
1284 1941 1414 2001 per
1463 1923 1530 1982 16
1576 1923 1825 2001 parole
1875 1922 2006 1982 che
2054 1921 2117 1982 ci
2162 1922 2257 1982 ha
2290 1921 2487 1984 detto
2519 1921 2563 1982 l’
2591 1920 2852 1983 official

313 2027 374 2087 di
417 2027 742 2107 Treveri,
793 2030 859 2091 el
908 2029 1072 2109 qual
1124 2027 1311 2106 dice,
1363 2029 1494 2089 che
1543 2027 1609 2089 in
1664 2029 1900 2108 quella
1948 2038 2225 2090 secreta
2272 2028 2854 2109 interrogatione,

312 2155 347 2194 0
399 2155 560 2196 vero
627 2134 1082 2197 exhortation
1131 2134 1442 2196 Martino
1507 2135 1674 2198 viva
1719 2154 1899 2196 voce
1948 2137 2369 2216 approbava
2414 2134 2650 2197 alcuni
2697 2133 2855 2196 arti-

314 2241 459 2320 coli,
511 2242 553 2304 li
605 2242 800 2322 quali
844 2242 914 2304 in
965 2243 1119 2304 suoi
1169 2242 1328 2304 libri
1379 2262 1554 2304 sono
1606 2243 1722 2304 del
1768 2251 1953 2304 tutto
2004 2242 2355 2304 contrarii.

471 2349 706 2430 Dopoi
773 2359 1023 2431 questo
1091 2359 1284 2412 terzo
1355 2370 1606 2411 exame
1675 2352 1738 2412 el
1787 2351 2234 2412 Treverense
2282 2349 2603 2412 Elettore
2669 2349 2857 2411 ando

311 2456 438 2517 alla
483 2457 1042 2537 congregatione
1093 2457 1164 2519 di
1196 2457 1510 2538 Principi
1563 2478 1604 2518 a
1650 2457 1903 2519 referir
1950 2458 1995 2520 il
2046 2477 2385 2540 processo
2436 2459 2624 2520 della
2667 2475 2855 2536 cosa,

311 2571 374 2623 et
415 2563 828 2627 similmente
877 2567 1063 2627 ando
1115 2565 1492 2645 ChievreS,
1541 2563 1800 2646 Liege,
1866 2574 1937 2627 et
1985 2565 2382 2628 Cancellier
2432 2574 2503 2626 et
2550 2565 2856 2626 Palenza

313 2688 350 2729 a
393 2669 748 2750 significar
797 2673 916 2733 alli
968 2670 1312 2752 Principi‚
1378 2673 1509 2733 che
1558 2691 1779 2752 parea
1826 2692 1868 2733 a
1919 2671 2138 2736 Cesar
2194 2673 2324 2734 che
2372 2671 2687 2734 horamai
2738 2671 2857 2752 poi

311 2785 496 2838 tanta
543 2777 1056 2857 obstinatione,
1129 2780 1434 2840 sarebbe
1483 2787 1723 2858 tempo
1773 2779 2152 2840 remandat
2199 2789 2450 2858 questo
2502 2778 2729 2858 Cane,
2789 2787 2859 2840 et

310 2881 410 2945 far
455 2888 520 2947 la
567 2884 992 2948 executione
1043 2888 1358 2949 secundo
1428 2888 1492 2947 61
1542 2885 1826 2949 devere.
1922 2887 2011 2947 Et
2060 2885 2289 2967 quivi,
2350 2885 2471 2967 poi
2521 2888 2857 2967 alquanta

311 2991 810 3056 deliberatione
874 2994 962 3055 de
1015 2993 1332 3074 Principi
1395 2992 1574 3055 satta
1621 2994 1808 3056 intra
1856 2996 2043 3072 lor0,
2117 3013 2526 3074 pregorono
2592 2993 2641 3055 11
2692 2994 2854 3054 Α111-

311 3099 638 3162 bassatori
689 3099 980 3162 Cesarei
1043 3120 1259 3182 sopra
1322 3101 1498 3161 detti
1551 3103 1913 3162 volessero
1962 3101 2215 3163 referit
2282 3109 2350 3163 et
2399 3120 2663 3183 pregar
2712 3098 2857 3162 Sua

310 3202 568 3269 Maesta
627 3207 822 3269 fusse
886 3216 1223 3270 contenta
1273 3209 1431 3269 chel
1481 3208 1927 3270 Treverense
1990 3211 2142 3271 solo
2208 3211 2627 3271 exhortasse
2675 3210 2855 3271 Mar-

310 3311 444 3373 tino
492 3333 531 3374 a
575 3322 818 3397 parte,
889 3314 1154 3395 perche
1203 3316 1299 3377 lui
1349 3315 1551 3376 dicea
1599 3316 1823 3377 haver
1871 3318 2111 3379 buona
2156 3336 2500 3397 speranza
2556 3317 2625 3378 di
2674 3316 2856 3378 farlo

312 3422 686 3500 convertit,
759 3420 806 3482 il
869 3422 1002 3483 che
1052 3421 1272 3483 Cesar
1329 3422 1378 3483 11
1428 3442 1806 3485 concesse:
1880 3424 2167 3510 Interim
2231 3424 2441 3485 furno
2502 3423 2680 3485 fatte
2730 3444 2859 3506 per

311 3525 416 3585 noi
462 3529 642 3589 bone
695 3528 1068 3607 diligentie
1119 3548 1274 3590 curn
1325 3531 1390 3590 el
1424 3530 1869 3592 Treverense
1920 3533 2050 3592 che
2100 3542 2350 3610 questa
2400 3552 2569 3593 cosa
2615 3552 2691 3594 se
2741 3552 2857 3593 ex-

311 3632 576 3710 pedisse
622 3643 870 3715 presto
920 3655 1051 3715 per
1099 3656 1294 3697 esser
1342 3635 1660 3717 pericolo
1711 3639 1899 3699 nella
1931 3637 2191 3699 tan-dita
2242 3639 2372 3699 6116
2408 3638 2685 3719 questui
2715 3659 2856 3701 non

312 3737 488 3803 fusse
534 3740 865 3804 instrutto
915 3762 958 3803 a
1005 3741 1116 3805 far
1165 3744 1466 3823 qualche
1517 3742 1861 3824 bipartita
1902 3745 2341 3825 revocation,
2392 3746 2522 3806 che
2552 3746 2857 3807 sarebbe

311 3854 480 3909 stata
545 3852 728 3912 mala
795 3870 984 3913 cosa.
1077 3850 1368 3912 Ancora
1435 3850 1854 3912 instassemo
1924 3853 2054 3913 6116
2119 3850 2266 3914 Sua
2316 3850 2653 3932 Signoria
2716 3872 2858 3913 non

311 3954 592 4030 partisse
639 3957 835 4018 dalla
882 3956 1290 4019 instruttion
1345 3958 1514 4019 data
1560 3958 1680 4038 piu
1729 3960 1923 4020 volte
1974 3978 2103 4040 per
2143 3960 2279 4039 noi,
2332 3960 2419 4020 de
2466 3959 2597 4020 che
2631 3958 2860 4021 forma

311 4058 599 4124 Mai-tino
646 4064 952 4125 havesse
1004 4084 1046 4125 a
1092 4084 1410 4129 revocar.

475 4168 619 4232 Hor
669 4171 731 4231 a'
784 4172 848 4231 di
903 4191 978 4248 25
1033 4171 1101 4232 di
1151 4184 1409 4252 questo
1457 4172 1574 4252 poi
1626 4192 1893 4253 pranzo
1930 4172 2197 4235 Luther
2246 4175 2432 4237 ando
2467 4196 2509 4236 a
2542 4196 2707 4236 casa
2741 4175 2859 4237 del

313 4273 493 4337 detto
543 4277 986 4341 Treverense
1037 4287 1108 4339 et
1155 4278 1348 4358 quivi
1415 4279 1567 4340 solo
1617 4280 1684 4341 10
1735 4282 2037 4342 exhort&
2088 4301 2129 4341 a
2178 4300 2509 4361 revocar,
2583 4291 2653 4343 et
2698 4302 2856 4363 pro-

313 4383 571 4445 messeli
616 4406 696 4447 se
747 4404 878 4465 per
923 4404 1148 4465 paura
1195 4384 1267 4445 (11
1317 4384 1491 4464 51101,
1543 4387 1588 4446 11
1624 4386 1813 4465 quali
1864 4387 1921 4447 si
1966 4388 2123 4449 (1166
2174 4390 2303 4450 6116
2340 4388 2385 4450 11
2418 4388 2857 4452 minacciano

313 4487 372 4547 la
417 4502 653 4569 morte,
701 4512 842 4554 non
891 4493 1172 4554 volesse
1221 4512 1539 4571 revocat,
1588 4494 1722 4554 che
1770 4493 1867 4555 lui
1916 4495 1964 4555 li
2013 4494 2332 4557 darebbe
2380 4516 2472 4557 un
2524 4499 2642 4558 bel
2672 4498 2859 4578 prio-

313 4605 452 4657 rato
514 4619 858 4681 appresso
919 4620 1010 4661 un
1061 4619 1188 4662 suo
1240 4597 1552 4661 Castello
1616 4609 1687 4661 et
1749 4600 2143 4663 harebbelo
2207 4602 2435 4683 primo
2484 4624 2639 4665 cum
2691 4624 2857 4665 seco

313 4697 374 4761 111
420 4724 541 4766 sua
585 4726 829 4768 mensa
877 4718 948 4767 et
997 4704 1312 4785 consilio,
1365 4707 1433 4767 in
1485 4706 1989 4785 salvaguardia
2024 4708 2109 4769 di
2158 4708 2404 4790 Cesar,
2458 4719 2527 4772 et
2574 4732 2737 4792 sua,
2789 4720 2859 4773 et

316 4802 375 4867 in
419 4810 600 4873 bona
645 4812 882 4893 gratia
931 4812 1046 4874 del
1098 4810 1592 4890 SanctissimO,
1642 4834 1686 4874 a
1731 4823 1915 4875 tutto
1966 4817 2173 4897 nego.
2270 4816 2399 4878 Poi
2449 4818 2496 4879 li
2546 4837 2859 4900 propose

317 4925 579 4991 quattro
654 4919 980 5001 sequenti
1053 4920 1470 4982 conditioni:
1544 4920 1772 5000 prima
1840 4923 1994 4983 chel
2069 4944 2145 4984 se
2195 4933 2721 4987 sottomcttesse
2791 4928 2855 4987 al
