3575 5775
1709 634 2011 692 0-43422
2087 633 2205 688 &0

676 780 892 842 modo
942 781 1135 844 salus
1183 779 1548 862 inferatur,
1577 783 1730 844 sive
1763 803 1894 864 per
1923 783 2087 860 vim,
2123 780 2274 844 sive
2307 801 2438 862 per
2470 784 2930 858 voluntatem,
2979 791 3232 845 utrum-

679 907 817 969 que
867 897 939 950 et
987 897 1096 952 est
1144 898 1216 950 et
1263 889 1668 970 appellatur
1716 888 2062 952 Charitas.
2407 881 2410 888 ’

859 995 941 1078 (¹)
993 995 1127 1079 (Ac
1177 995 1639 1078 intelligimus
1685 1017 1816 1058 nos
1867 993 2148 1078 quidem
2197 993 2289 1057 ad
2337 995 2520 1057 hanc
2569 1013 2718 1058 rem
2753 996 3243 1076 peragendam

680 1121 939 1184 magna
1002 1104 1131 1166 abs
1187 1112 1258 1164 te
1316 1101 1583 1165 auxilia
1646 1100 1877 1166 eidem
1945 1101 2118 1165 Car¹¹
2184 1100 2404 1164 fuisse
2454 1103 2717 1164 oblata.
2813 1097 3000 1183 Quo'
3045 1109 3244 1165 certe

680 1207 935 1271 nuncio
984 1209 1361 1290 plurimum
1409 1205 1653 1272 laetati
1704 1229 1961 1289 sumus,
2010 1208 2558 1290 recognovimus
2607 1204 2798 1272 enim‘
2840 1207 2910 1271 in
2943 1205 3076 1271 hac
3127 1209 3246 1271 de·

681 1315 1074 1379 clai-atione
1122 1327 1286 1379 tuae
1335 1317 1742 1394 voluntatiS,
1794 1335 2071 1379 omnem
2119 1316 2313 1378 illam
2364 1315 2694 1378 virtutem
2717 1365 2742 1408 ,ι
2796 1313 3002 1398 q'uatn
3053 1315 3124 1377 in
3177 1325 3249 1378 te

680 1444 963 1506 semper
1008 1423 1473 1486 iudicavimus
1523 1421 1922 1501 maximam,
1972 1419 2354 1486 excitatam
2403 1422 2620 1486 fuisse
2669 1415 2912 1486 amore
2961 1414 3251 1485 divinae

676 1527 1069 1612 religioniS,
1121 1539 1192 1593 et
1239 1529 1619 1611 singularis
1666 1539 1830 1594 tuae
1878 1531 1950 1593 in
1998 1529 2303 1613 patriam
2351 1529 2658 1612 pietatis,
2707 1529 2818 1592 cui
2853 1531 3064 1592 etiam
3111 1527 3250 1592 fra-

678 1645 884 1700 terna
929 1637 1115 1699 inter
1162 1657 1291 1700 vos
1336 1637 1791 1700 necessitudo
1839 1638 2231 1700 fomentum
2277 1634 2686 1721 praestitit).
2779 1635 2928 1700 Sed
2960 1649 3036 1698 ut
3066 1637 3252 1698 'haec

680 1745 927 1807 melius
940 1792 957 1825 ‚
1018 1745 1421 1827 certiusque
1487 1755 1832 1826 gerantur
1877 1765 1962 1807 ac
2009 1744 2388 1826 impiorum
2437 1743 2734 1807 consilia
2782 1743 3256 1807 et·factiones

678 1859 953 1913 terrore
1042 1851 1343 1914 nominis
1402 1852 1623 1915 vestri
1687 1849 2188 1932 discutiantur,
2259 1849 2515 1914 foedus
2584 1851 2792 1932 illud,
2865 1861 2942 1913 et
3006 1843 3256 1913 similis

678 1957 1197 2039 Ratisponensi
1244 1959 1631 2022 concordia
1676 1958 2050 2040 plurimum
2103 1959 2436 2040 profecto
2465 1969 2576 2022 est
2606 1959 3002 2042 profutura,
3035 1977 3256 2040 quam

678 2074 757 2127 ut
804 2073 1132 2145 tractare,
1160 2067 1481 2145 suadere,
1531 2085 2102 2148 promovereque
2151 2066 2520 2147 studeatis»,
2563 2083 3002 2148 magnopere
3037 2064 3254 2128 Nobi-

678 2171 918 2234 litates
966 2181 1242 2235 vestras
1289 2173 1359 2234 in
1407 2172 1719 2236 Domino
1766 2175 2238 2252 obtestamur,
2313 2193 2446 2255 pro
2493 2183 2739 2236 nostra
2789 2173 2998 2234 etiam
3043 2183 3258 2254 parte

682 2279 1181 2361 promittentes
1230 2299 1359 2343 nos
1408 2279 1775 2342 vobiscum
1824 2289 1898 2343 et
1961 2297 2119 2342 cum
2181 2280 2378 2360 aliie,
2447 2280 2565 2362 qui
2625 2282 2812 2343 bene
2875 2277 3257 2342 sentiendo

684 2387 1185 2466 convenerint,
1249 2385 1581 2467 consilia,
1632 2397 1705 2448 et
1752 2387 2022 2450 auxilia
2067 2397 2314 2450 nostra
2360 2404 2494 2468 pro
2545 2385 2974 2450 Germaniae
3018 2388 3258 2450 salute

682 2500 1066 2573 vestraque
1116 2490 1465 2573 dignitate
1514 2493 2190 2573 communicaturOS,
2243 2494 2426 2556 sieut
2472 2493 2684 2557 latius
2733 2493 3102 2556 vobiscum
3151 2491 3258 2554 di-

682 2599 910 2662 lectus
968 2597 1156 2661 filius
1205 2599 1411 2663 Laut.
1487 2597 1917 2680 Campegius
1981 2599 2032 2662 C
2039 2601 2380 2663 ardinalis
2411 2632 2416 2640 ·
2451 2607 2618 2663 etc.‘
2655 2609 2932 2663 nostro·
2965 2599 3258 2662 nomine

686 2725 945 2786 coram,
994 2713 1119 2768 aut
1164 2725 1295 2787 per
1342 2704 1636 2768 litteras·
1664 2717 1857 2788 aget,
1906 2706 2016 2769 cui
2065 2723 2346 2770 omnem
2393 2702 2608 2768 fidem
2657 2705 3090 2774 Nobilitates
3116 2725 3256 2766 ve-

688 2821 879 2874 strae
930 2811 1390 2876 adhibebunt.

860 2938 1125 3001 Datum
1170 2936 1454 3002 Romae
1504 2947 1637 3001 etc.
1702 2935 1842 3002 Die
1891 2935 2031 3001 VII
2091 2934 2466 3001 Februarii
2523 2934 2924 3001 MDXXV.
3036 2936 3260 2999 Anno

685 3042 1040 3109 Secundo,
1744 3053 1750 3063 '
2189 3038 2192 3045 ’

863 3169 1134 3233 Similia
1183 3169 1444 3233 Brevia
1492 3172 1712 3261 multa
1759 3168 1950 3253 fient,
1999 3170 2286 3233 mutatis
2333 3167 2580 3251 paucis
2628 3162 3073 3251 quibusdam.

1897 3679 2045 3743 191.

1593 3794 1942 3875 Rorarius
1965 3820 1970 3826 ·
1997 3793 2343 3907 Sadoleto.

1343 3940 1572 4009 (Vmor.
1612 3940 1688 4001 ad.
1724 3940 1890 4001 olem.
1928 3940 2050 4000 vn.
2087 3938 2208 4001 Vol.
2245 3940 2320 3999 11.
2358 3938 2448 3999 fol.
2491 3939 2602 4013 ΒΘ.)

1673 4062 1740 4127 (7.
1784 4062 2062 4111 Februarii
2109 4067 2280 4124 1525.)
2545 4053 2550 4063 ¹

867 4206 985 4268 Ho
1032 4206 1299 4269 havuto
1345 4205 1397 4268 li
1446 4204 1645 4267 brevi
1696 4203 1790 4266 ali
1825 4204 2141 4285 Principi
2192 4204 2282 4266 de
2317 4200 2720 4283 Germania,
2770 4201 2959 4284 quali
2999 4222 3268 4267 serano

659 4315 913 4375 ‘molto
965 4334 1004 4375 a
1050 4312 1419 4394 preposito
1470 4313 1601 4374 che
1650 4314 1834 4373 oltra
1885 4312 2016 4375 che
2063 4309 2542 4373 iustificarano
2579 4328 2776 4373 esser
2807 4309 2990 4372 falso
3017 4312 3270 4391 quello

693 4419 740 4481 li
790 4417 1081 4501 maligni
1118 4439 1351 4482 vanno
1402 4418 1870 4500 divulgando,
1933 4419 2253 4480 haranno
2289 4416 2501 4479 etiam
2531 4416 2821 4498 apiacer
2862 4434 3272 4498 cognoscet

694 4526 825 4588 che
870 4524 956 4589 N.
992 4523 1063 4589 S.
1112 4536 1334 4609 tenga
1382 4535 1593 4588 conto
1642 4536 1715 4588 et
1762 4524 2103 4587 memoria
2150 4526 2240 4587 de
2291 4528 2477 4587 loro:
2528 4525 2669 4586 ben
2719 4522 2933 4586 havia
2983 4522 3270 4587 deside-

696 4642 853 4696 rato
903 4634 1033 4696 che
1081 4634 1128 4696 ’1
1174 4654 1266 4697 ne
1313 4633 1508 4697 fusse
1558 4642 1747 4695 stato
1796 4654 1936 4695 uno
1987 4653 2028 4694 a
2077 4632 2281 4695 Duca
2331 4630 2526 4693 Zorzi
2590 4631 2680 4695 de
2731 4628 3048 4694 Saxonia
3097 4636 3274 4714 qual

695 4740 731 4803 ὲ
782 4760 921 4801 uno
981 4740 1069 4802 de
1117 4739 1167 4801 li
1228 4740 1401 4803 boni
1462 4749 1535 4803 et
1590 4740 1683 4803 ha
1744 4742 1813 4803 el
1875 4759 2001 4802 suo
2063 4747 2249 4801 stato
2317 4738 2478 4801 nele
2542 4736 2818 4801 viscere
2883 4738 3000 4801 del
3055 4738 3274 4803 Duca

697 4895 798 4902 ———

732 4970 813 5041 (Ι)
849 4971 1030 5021 Verba
1066 4971 1217 5023 uncis
1254 4971 1461 5021 inclusa
1500 4973 1710 5021 suerunt
1746 4974 1945 5039 scripta
1983 4980 2210 5038 quatuor
2243 4972 2352 5022 illis
2391 4971 2480 5037 qui
2519 4972 2869 5037 promiserant
2906 4970 3180 5023 auxilium.
