3575 5775
1659 560 2181 621 0-<BXVIG>·⁴³

657 708 1158 791 addictissima,
1207 708 1642 793 praesidium
1700 730 1841 775 non
1911 710 2263 775 modicum
2326 708 2613 778 criticae
2684 710 2820 775 arti
2887 708 3217 783 afferunt:

657 839 820 883 nam
864 818 1167 883 saeculis
1213 818 1622 902 praeteritis
1669 818 2115 883 turbationes
2163 827 2235 881 et
2281 818 2671 881 animorum
2726 828 2957 885 motus
3012 822 3218 901 plura

658 928 1160 1005 obscurarunt,
1211 926 1510 992 iniustas
1558 924 1971 1004 sententiaS,
2020 935 2091 989 et
2138 925 2367 989 minus
2412 946 2680 1007 aequas
2729 926 3217 991 conclusiones

655 1032 727 1094 in
777 1036 1034 1115 vulgus
1096 1033 1668 1105 disseminarunt;
1741 1032 2249 1095 dissidentibus
2316 1031 2499 1095 enim
2562 1032 2928 1097 honestius
2991 1034 3215 1097 visum

657 1150 1111 1203 monumenta
1141 1140 1478 1206 historica
1520 1140 1856 1219 ignorare
1916 1159 2043 1203 seu
2090 1158 2543 1220 corrumpere
2590 1158 2800 1220 quam
2849 1138 3217 1203 veritatem

655 1245 975 1309 confiteri
1033 1268 1328 1329 eamque
1375 1266 1730 1329 generoso
1786 1246 2021 1309 animo
2062 1246 2486 1328 amplexari;
2554 1256 2626 1309 et
2672 1248 2959 1309 saeculo
3010 1246 3215 1309 XVI.

657 1355 820 1417 dum
867 1354 1226 1419 hominum
1275 1354 1704 1436 cupiditates
1750 1356 2215 1419 vehementer
2279 1355 2875 1431 accenderentur,
2938 1351 3216 1415 sinceri-

656 1460 784 1523 tati
831 1480 1084 1542 parum
1133 1461 1458 1543 obsequii
1502 1460 1823 1525 habitum
1871 1459 2025 1523 fuit.

833 1568 1040 1649 Quod
1091 1568 1374 1649 quidem
1422 1568 1690 1649 liquido
1739 1578 2043 1650 apparet
2092 1567 2301 1629 etiam
2348 1564 2422 1629 in
2484 1564 2665 1627 actis
2722 1566 2958 1629 dietae
3012 1567 3213 1629 Wor·

651 1674 1030 1739 maciensis
1077 1674 1197 1739 ubi
1245 1675 1480 1757 agitur
1530 1675 1620 1737 de
1664 1673 1965 1741 Lutheri
2014 1673 2381 1747 examine;
2430 1672 2551 1735 ille
2599 1672 2785 1735 enim
2833 1672 3017 1737 illius
3052 1694 3215 1737 exa-

653 1780 858 1845 minis
919 1781 1336 1848 relationem
1406 1781 1720 1847 mutilam
1796 1780 2024 1861 edidit
2099 1800 2237 1861 qua
2300 1779 2642 1861 populum
2707 1780 3216 1861 aliquantulum

577 1916 596 1933 ·
653 1888 1080 1963 concitavit;
1131 1908 1292 1953 nam
1341 1908 1556 1970 quum
1601 1888 1897 1970 propria
1954 1890 2183 1951 verba
2243 1888 2523 1967 integre
2592 1886 2921 1968 referret,
2994 1890 3218 1951 verba

653 1982 1116 2063 Treverensis
1163 1995 1490 2061 officialis
1539 1996 1825 2059 omnino
1876 1994 2253 2068 conticuit;
2304 1994 2405 2057 sic
2454 1994 2640 2057 enim
2686 1992 3073 2059 lectoribus
3120 1995 3216 2057 in-

654 2102 1068 2176 sinuabatur
1114 2123 1342 2167 vacua
1390 2103 1507 2165 vel
1567 2104 1766 2166 nulla
1838 2101 2124 2166 omnino
2172 2102 2691 2164 Treverensem
2756 2102 3217 2182 respondisse

653 2211 854 2291 quasi
879 2209 1200 2278 veritatis
1227 2211 1747 2292 quodammodo
1775 2208 2158 2292 splendore
2207 2192 2717 2270 obcoecaretur
2750 2217 2823 2271 et
2851 2206 3212 2289 inspiratis

651 2316 942 2381 Lutheri
1009 2317 1246 2379 verbis
1293 2327 1493 2381 tanta
1547 2317 1654 2379 vis
1713 2316 1980 2379 inesset
2046 2324 2121 2377 ut
2190 2318 2681 2379 obmutescere
2750 2314 3213 2379 adversarius

650 2436 1047 2506 cogeretur.
1145 2424 1302 2505 Qua
1367 2426 1457 2489 de
1527 2443 1744 2487 causa
1811 2423 2176 2486 Aleander
2234 2422 2305 2485 in
2366 2420 2511 2485 suis
2557 2420 2811 2484 litteris
2860 2421 3044 2485 datis
3095 2423 3212 2485 die

650 2532 1174 2611 decimaquinta
1241 2530 1414 2593 Maii
1485 2529 1878 2593 scribebat:
1968 2550 2157 2609 „sum
2228 2548 2415 2591 nunc
2490 2526 3071 2610 occupatissimus
3142 2530 3211 2593 in

651 2638 1072 2719 colligendis
1121 2637 1298 2699 actis
1345 2637 1546 2703 istius
1575 2636 2117 2701 haeresiarchae
2164 2635 2457 2716 eiusque
2506 2635 2876 2709 examinis;
2926 2647 3215 2718 oportet

651 2746 836 2807 enim
881 2745 1076 2825 ipsos
1125 2766 1280 2810 cum
1321 2744 1739 2807 authentica
1787 2752 1955 2805 nota
2004 2742 2263 2806 notarii
2310 2741 2732 2823 imprimere,
2784 2742 2949 2824 quia
2989 2764 3211 2826 popu-

649 2854 756 2916 lus
826 2852 1261 2934 aliquantum
1325 2850 1719 2914 concitatur
1776 2852 1869 2912 ob
1925 2858 2091 2914 >acta
2160 2868 2343 2931 quae
2401 2848 2746 2913 Martinus
2809 2869 2935 2914 suo
3000 2853 3213 2914 modo

649 2960 948 3044 scripsit,
992 2959 1422 3026 treverensis
1471 2957 1796 3022 officialis
1846 2957 2427 3039 responsionibus
2475 2957 2759 3020 omnino
2808 2957 3211 3039 omissis¹)“.

815 3065 976 3128 -Nec
1019 3067 1310 3128 omnino
1357 3065 1603 3129 inutile
1653 3075 1760 3126 est
1808 3063 2000 3126 aliud
2051 3073 2299 3127 contra
2348 3063 2725 3144 episcopos
2767 3065 3211 3128 mendacium

648 3175 1030 3252 detegere,
1092 3175 1186 3234 ab
1235 3173 1528 3236 Erasmo
1578 3174 1953 3253 prolatum,
2018 3171 2137 3252 qui
2184 3171 2497 3234 Luthero
2547 3170 2929 3252 scripserat
2976 3173 3209 3237 eidem

647 3279 1114 3344 favorabilem
1163 3278 1632 3342 Leodiensem
1683 3299 1863 3356 esse,
1914 3297 2124 3358 quum
2172 3297 2527 3358 nunquam
2585 3278 2797 3340 talem
2850 3281 3208 3360 supradic-

649 3398 794 3450 tum
843 3386 1256 3468 episcopum
1303 3407 1379 3450 se
1427 3385 1873 3466 praebuerit,
1944 3383 2083 3448 imo
2132 3385 2201 3446 in
2250 3386 2467 3446 rebus
2512 3384 2878 3465 religionis
2927 3407 3211 3470 semper

647 3503 1200 3573 constanterque
1293 3491 1660 3555 catholicis
1741 3491 2144 3554 omnimode
2235 3491 2577 3571 faverit2).
2693 3490 2899 3572 Quod
2971 3505 3209 3558 tamen

648 3599 1087 3666 mendacium
1138 3597 1310 3660 nihil
1357 3619 1650 3680 prorsus
1703 3597 2253 3662 extraordinarii
2302 3597 2732 3679 praesefert,
2782 3599 2839 3660 si
2888 3601 3205 3664 conside·

644 3716 848 3769 retur.
907 3706 1272 3770 Erasmum
1336 3715 1440 3768 tot
1501 3705 1795 3785 litteriS,
1868 3715 1972 3766 tot
2033 3705 2475 3768 sermonibus
2490 3753 2509 3784 ,
2574 3707 3206 3787 protestationibus

645 3813 1028 3885 innumeris
1075 3831 1356 3893 semper
1397 3833 1472 3874 se
1507 3811 1861 3874 Romanis
1896 3810 2357 3874 Pontificibus
2387 3810 2941 3876 addictissimum
2976 3823 3204 3878 osten·

642 3923 948 4000 dentem,
989 3939 1244 3984 revera
1273 3941 1429 3982 cum
1457 3921 1770 3982 Luthero
1800 3917 2253 4002 aliquamdiu,
2290 3938 2445 3981 curn
2473 3918 2795 3982 hostibus
2830 3920 3205 3985 Romanae

642 4027 1007 4094 Ecclesiae
1056 4026 1236 4100 fere.
1271 4046 1587 4108 semper,
1638 4027 2086 4090 coniunctum
2148 4035 2427 4088 secreto
2499 4024 2740 4090 fuisse.
2864 4025 3069 4107 Quod
3134 4038 3206 4090 et

643 4154 736 4198 ex
787 4134 1044 4200 litteris
1091 4133 1437 4196 Aleandri
1488 4144 1558 4196 et
1607 4155 1698 4196 ex
1749 4133 2213 4196 relationibus
2262 4131 2467 4194 Eckii
2502 4154 2641 4195 non
2693 4131 2981 4196 difficile
3030 4134 3201 4196 erui-

642 4251 774 4320 tur,
825 4251 895 4304 et
946 4261 1034 4304 ex
1087 4261 1434 4304 consensu
1500 4240 1815 4321 ipsorum
1875 4240 2385 4304 catholicorum
2434 4238 2860 4302 Germaniae
2909 4239 3200 4321 diligen-

643 4348 842 4431 tique
886 4348 1308 4429 scriptorum
1371 4347 1589 4429 ipsius
1651 4347 1960 4410 lectione
2008 4350 2372 4428 probatur.
2468 4345 2615 4410 Sed
2678 4345 2963 4410 omnino
3020 4347 3199 4429 peri-

642 4457 958 4519 culosum
1009 4466 1164 4518 erat
1209 4455 1437 4534 ipsum
1485 4465 1734 4536 aperte
1784 4473 2159 4526 accusare;
2222 4454 2505 4535 plurimi
2572 4452 2814 4532 amici,
2883 4455 3199 4518 nonnulli

641 4563 992 4641 fautoreS‚
1053 4560 1484 4642 amplissima
1531 4561 1723 4642 apud
1775 4561 2031 4622 multos
2080 4560 2465 4623 auctoritas
2542 4560 2645 4622 ita
2689 4570 2766 4622 ut
2826 4561 3035 4642 pauci
3084 4563 3199 4624 ad·

641 4670 926 4732 modum
975 4667 1041 4730 ei
1087 4667 1158 4729 in
1209 4667 1464 4732 faciem
1511 4678 1762 4751 aperte
1810 4667 2142 4729 resistere
2193 4669 2544 4746 valerent,
2607 4675 2805 4730 tanta
2866 4671 3199 4732 orthodo-

643 4795 890 4838 xorum
927 4773 1200 4838 animos
1232 4774 1302 4836 vi
1337 4776 1771 4837 exercebant
1800 4783 1881 4835 ut
1913 4773 2210 4856 quisque
2238 4773 2601 4837 ardentior
2633 4773 2755 4837 vix
2794 4777 2925 4837 sub
2974 4795 3198 4839 secre-

786 4895 1142 5004 ffAleander
1165 4927 1451 4979 Vicecanc.
1483 4937 1562 4994 15.
1591 4927 1722 4976 Maii
1754 4937 1905 4992 1521.
1985 4923 2025 4990 ⁸)
2070 4925 2207 4976 Ibid.
2246 4926 2365 4974 doc.
2404 4926 2489 4988 89.
2528 4941 2648 4996 pag.
2687 4939 2808 5002 227.
