3575 5775
1316 553 1808 612 <>-<ἱ3239ιῖἶ>-ο

301 703 396 765 ius
461 714 530 766 et
603 724 762 766 cum
830 706 1130 785 qualche
1199 703 1526 767 maturita
1591 705 1678 766 de
1747 713 2007 784 tempo,
2104 702 2187 764 El
2246 699 2840 765 reverendissimo

299 811 487 872 Santi
533 819 818 892 quattro
867 832 958 874 ne
1008 812 1043 874 ὲ
1093 809 1688 894 informatissimo.

460 918 725 980 Mando
775 938 917 980 una
965 927 1161 982 certa
1209 917 1684 1000 supplication
1733 918 1827 980 de
1874 938 2013 980 uno
2046 917 2391 980 canonico
2424 918 2515 979 de
2547 915 2843 978 Colonia

299 1027 358 1086 el
409 1026 573 1104 qual
637 1025 673 1087 ὁ
737 1026 1113 1088 molestato
1177 1046 1222 1088 a
1268 1024 1509 1088 Roma
1575 1024 1658 1105 (si
1707 1034 1815 1087 est
1864 1033 1939 1086 ut
1987 1021 2255 1109 narrat)
2304 1044 2515 1086 senza
2564 1023 2838 1104 ragion.

300 1132 556 1194 Messer
601 1131 709 1210 J0.
762 1131 1069 1194 Vinchel
1126 1153 1216 1194 ne
1266 1133 1302 1195 ἐ
1352 1131 1764 1205 informato;
1829 1132 1916 1194 V.
1968 1129 2041 1194 S.
2090 1131 2242 1193 ΚΜ
2290 1131 2347 1192 si
2396 1129 2615 1212 degni
2664 1130 2845 1191 ordi-

299 1260 414 1300 nar
460 1240 548 1300 de
599 1240 667 1301 la
713 1241 846 1301 che
895 1259 1025 1320 per
1073 1240 1282 1320 colpa
1330 1250 1576 1302 nostra
1623 1249 1960 1320 questoro
2011 1259 2151 1300 non
2182 1238 2486 1319 gridinO,
2537 1257 2676 1300 non
2729 1237 2841 1299 de-

301 1347 542 1408 mando
591 1346 816 1427 perho
867 1367 944 1408 se
995 1367 1134 1409 non
1184 1348 1252 1410 la
1299 1367 1510 1409 rason
1563 1367 1694 1408 con
1746 1345 2051 1427 aequita.

459 1453 543 1515 El
594 1453 993 1517 Leodiense
1043 1455 1181 1518 mio
1231 1454 1524 1534 antiquo
1574 1464 1831 1534 patron
1880 1473 2109 1536 prega
2157 1452 2343 1532 assai
2392 1453 2480 1514 V.
2532 1452 2603 1516 S.
2654 1452 2847 1514 Rma

297 1581 364 1621 se
411 1560 625 1641 degni
673 1561 1075 1624 intercedet
1122 1581 1467 1643 appresso
1517 1563 1584 1623 el
1634 1558 2097 1624 Sanctissimo
2164 1580 2296 1642 per
2343 1562 2413 1622 la
2458 1581 2674 1622 causa
2718 1579 2847 1622 sua

298 1666 803 1729 arrendationis
869 1667 1296 1732 valentinae.
1392 1668 1606 1730 Certo
1656 1670 1790 1730 che
1839 1667 1935 1730 lui
1982 1669 2075 1730 ha
2122 1667 2302 1730 fatto
2352 1668 2432 1729 el.
2464 1665 2693 1747 primo
2744 1665 2841 1727 of-

299 1773 444 1836 ficio
492 1773 558 1836 in
611 1784 862 1856 questa
911 1796 1128 1837 causa
1175 1775 1568 1856 lutherana,
1619 1784 1690 1836 et
1739 1777 1831 1837 do
1880 1775 2001 1857 poi
2050 1774 2374 1855 exceptis
2422 1773 2841 1854 quibusdam

299 1882 520 1944 verbis
563 1879 806 1944 liberis
856 1881 1254 1962 etiocosiS,
1307 1884 1492 1944 dove
1543 1883 1578 1944 ὲ
1630 1891 1815 1946 stato
1864 1884 2187 1960 besogno
2237 1891 2308 1944 et
2355 1880 2727 1962 presertim
2777 1879 2841 1943 el

300 1989 362 2048 dl
407 1988 566 2050 dell’
595 2009 892 2052 examen
944 1989 1016 2075 di
1065 1989 1330 2052 Luther
1381 1989 1524 2071 egli
1573 1990 1729 2054 fece
1779 2010 1945 2054 cose
1996 1989 2330 2068 mirabili:
2383 1988 2472 2051 ne
2521 1991 2843 2068 besogna

299 2098 524 2175 parlar
572 2097 732 2160 ,che
808 2097 927 2160 nel
995 2117 1212 2177 paese
1285 2108 1370 2184 et,
1419 2097 1705 2160 diocese
1765 2117 1895 2159 sua
1960 2098 2093 2158 che
2140 2099 2176 2158 ἐ
2244 2094 2717 2178 grandissima
2765 2115 2841 2156 se

301 2203 470 2282 parli
545 2205 632 2265 de
683 2203 989 2279 Luther;
1063 2213 1440 2285 praeterea
1511 2205 1546 2266 ἑ
1597 2213 1804 2286 grato
1874 2226 1913 2266 a
1982 2214 2231 2286 questo
2298 2203 2621 2284 principe
2686 2212 2757 2264 et
2804 2222 2849 2264 a

301 2308 599 2372 Chevres
659 2319 729 2372 et
776 2319 976 2374 tanto
1025 2312 1144 2392 piu
1197 2311 1568 2374 aestimato
1619 2313 1925 2374 sarebbe
1975 2313 2077 2374 sel
2142 2331 2432 2391 sapesse
2482 2330 2680 2373 esser
2724 2309 2841 2390 piu

301 2414 582 2479 frenato,
693 2416 998 2480 Omnino
1057 2419 1358 2498 plurima
1423 2417 1593 2480 fecit
1655 2427 1726 2480 et
1787 2423 1891 2498 (ut
1948 2420 2181 2499 spero)
2242 2421 2449 2499 plura
2510 2417 2726 2479 faciet
2774 2417 2843 2477 in

303 2543 497 2586 causa
547 2533 824 2604 nostra,
892 2525 962 2585 la
1031 2526 1196 2605 qual
1267 2527 1493 2606 perho
1545 2525 1580 2587 ὲ
1630 2546 1776 2587 sua.
1875 2526 2111 2607 Prego
2163 2525 2249 2587 V.
2300 2523 2371 2588 S.
2424 2525 2616 2588 Rma
2662 2522 2845 2586 faeci

301 2631 584 2710 qualche
634 2650 803 2693 cosa
850 2651 982 2711 per
1031 2631 1124 2692 lui
1185 2631 1254 2693 in
1329 2633 1528 2693 detta
1594 2652 1846 2712 causa,
1919 2635 2085 2713 qual
2154 2633 2369 2694 credo
2442 2653 2581 2694 non
2652 2651 2846 2694 esser

299 2735 520 2818 iniqua
569 2741 794 2820 (come
843 2736 1162 2818 intendo)
1213 2741 1440 2820 perho
1490 2750 1560 2800 et
1609 2749 1807 2801 tanto
1856 2739 1975 2820 piu
2028 2741 2097 2802 la
2142 2759 2371 2820 prego
2420 2748 2685 2819 quanto
2734 2758 2845 2799 me

303 2844 444 2905 sarii
503 2865 545 2907 a
604 2865 719 2907 me
788 2847 879 2908 de
944 2847 1246 2927 qualche
1304 2848 1444 2909 bon
1505 2846 1908 2928 proposito,
1974 2868 2049 2909 se
2111 2866 2512 2929 pareranno
2580 2849 2645 2907 le
2709 2842 2845 2907 mie

302 2951 662 3033 preghiere
719 2972 858 3015 non
891 2973 1087 3016 esser
1116 2962 1300 3015 state
1334 2954 1648 3036 volgari;
1702 2954 1748 3016 li
1783 2954 2025 3034 agenti
2059 2974 2235 3016 sono
2270 2973 2535 3016 messer
2564 2953 2845 3032 Juliano

303 3056 570 3121 Nasello
621 3069 1049 3141 procurator
1099 3070 1170 3121 et
1217 3061 1265 3122 li
1315 3060 1661 3123 Grimaldi
1731 3060 2131 3139 banchieri,
2196 3060 2314 3123 alli
2375 3058 2563 3141 quali
2612 3058 2845 3121 scrivo

304 3182 371 3224 se
415 3166 790 3228 addresino
839 3167 962 3229 alli
1011 3165 1377 3229 secretarii
1427 3169 1516 3228 de
1564 3167 1654 3230 V.
1705 3165 1776 3229 S.
1828 3166 1997 3229 Rma.
2092 3168 2269 3230 Esso
2317 3168 2676 3249 Episcopo
2736 3186 2845 3227 me

303 3270 386 3331 ha
449 3272 642 3337 detto
717 3275 850 3335 che
923 3273 988 3335 io
1051 3273 1267 3336 scrivi
1315 3276 1446 3337 che
1496 3274 1614 3336 del
1665 3284 1847 3337 tutto
1898 3294 1973 3337 se
2024 3277 2213 3337 dona
2260 3273 2378 3336 alli
2426 3271 2709 3337 servicii
2758 3272 2845 3333 de

306 3378 539 3455 quella.
633 3378 937 3461 Insuper
983 3400 1252 3443 messer
1298 3380 1405 3459 J0.
1439 3380 1640 3462 Gays
1687 3380 1862 3443 alias
1894 3381 2169 3443 notario
2220 3383 2309 3444 de
2356 3382 2396 3443 l'
2431 3380 2711 3443 auditor
2758 3380 2845 3441 de

305 3484 368 3543 la
411 3486 700 3549 Camera
767 3486 887 3567 qui
949 3487 1020 3549 in
1088 3497 1340 3569 questa
1399 3498 1594 3549 corte
1643 3487 1735 3551 mi
1783 3499 2029 3569 presta
2076 3488 2246 3570 ogni
2295 3491 2435 3551 bon
2488 3488 2726 3551 officio
2774 3488 2847 3548 in

308 3590 580 3671 stipular
631 3594 1075 3680 instrumenti
1125 3603 1197 3656 et
1244 3593 1522 3657 adiutar
1571 3616 1612 3657 a
1661 3595 1931 3659 scriver
1976 3596 2046 3658 in
2097 3598 2167 3657 la
2206 3597 2846 3676 causalutherana,

307 3700 508 3775 perho
541 3700 860 3782 ,ingrato
924 3701 1148 3763 sarrei
1205 3720 1280 3762 se
1332 3722 1471 3764 non
1521 3703 1591 3763 lo
1639 3704 2233 3764 reccomandasse
2281 3723 2325 3764 a
2374 3702 2459 3764 V.
2512 3702 2583 3766 S.
2634 3702 2845 3764 Rma.

307 3801 552 3869 Mando
617 3808 687 3870 el
751 3826 880 3871 suo
945 3807 1354 3872 memoriale
1419 3817 1488 3869 et
1537 3808 1861 3890 supplico
1912 3808 2201 3873 insieme
2252 3830 2409 3871 cum
2458 3830 2622 3873 seco
2672 3830 2747 3871 se
2798 3808 2844 3871 li

307 3908 472 3974 sacci
515 3915 752 3995 gratia
798 3915 887 3976 de
937 3913 1120 3977 iusta
1169 3924 1240 3977 et
1287 3914 1506 3977 celeri
1555 3914 2036 3998 expeditione.

465 4021 874 4093 Retornaro
921 4042 1142 4085 ancor
1189 4025 1330 4084 alla
1375 4042 1591 4085 causa
1641 4025 1728 4085 de
1779 4023 2080 4100 Luther;
2151 4027 2456 4087 sarebbe
2524 4028 2711 4088 bono
2776 4034 2846 4087 et

311 4124 390 4185 de
444 4128 748 4219 conselio
819 4129 906 4191 de
969 4128 1134 4190 tutti
1196 4128 1310 4209 qui
1383 4130 1514 4191 che
1579 4129 1638 4191 si
1686 4129 2035 4193 scrivesse
2084 4152 2175 4194 un
2226 4134 2445 4194 breve
2494 4152 2536 4193 a
2584 4131 2850 4195 Caesar

311 4235 870 4314 rengratiandolo
919 4237 1010 4297 de
1060 4238 1128 4298 la
1175 4239 1366 4297 bona
1413 4235 1884 4299 deliberation
1936 4258 2086 4317 sua,
2136 4238 2225 4299 de
2275 4239 2343 4299 la
2390 4241 2555 4319 qual
2586 4238 2845 4302 mando

311 4337 374 4399 la
415 4344 642 4407 scritta
690 4346 780 4407 de
830 4364 955 4406 sua
1006 4366 1214 4407 mano
1265 4357 1335 4407 et
1383 4347 1746 4408 exortarlo
1798 4347 1889 4408 ad
1936 4366 2391 4427 perseverar,
2458 4357 2529 4410 et
2590 4346 2846 4410 dicono

315 4454 588 4514 sarebbe
654 4454 892 4514 buono
956 4452 1086 4514 che
1153 4452 1198 4513 'l
1248 4450 1407 4515 St¹¹¹⁰
1472 4452 1901 4535 adiungesse
1964 4454 2082 4518 doi
2148 4453 2280 4517 soli
2343 4454 2529 4516 versi
2580 4456 2670 4517 de
2722 4474 2849 4517 sua

316 4572 496 4619 mano
541 4579 744 4621 como
791 4561 887 4621 ha
931 4558 1114 4621 fatto
1165 4558 1401 4621 Cesar.

473 4665 532 4725 A
597 4666 638 4727 l'
669 4664 936 4728 official
1001 4666 1091 4727 de
1139 4665 1432 4729 Treveri
1481 4688 1574 4728 un
1625 4668 1929 4748 qualche
1978 4676 2313 4747 presente
2362 4670 2670 4730 sarebbe
2720 4668 2846 4729 util

319 4786 434 4845 per
487 4773 552 4834 lo
615 4772 914 4835 advenit
962 4784 1034 4835 et
1083 4774 1402 4853 honestO,
1452 4794 1585 4855 per
1631 4776 1699 4836 lo
1751 4776 1881 4835 che
1930 4775 2023 4835 ha
2069 4773 2249 4837 fatto
2298 4774 2681 4837 benissimo
2698 4824 2715 4857 ‚
2781 4777 2845 4837 el

321 4878 466 4953 qual
508 4882 770 4943 anchor
818 4881 948 4943 che
999 4879 1188 4945 iussu
1239 4880 1564 4945 Caesaris
1613 4890 1686 4944 et
1731 4882 1838 4945 sui
1887 4881 2152 4945 domini
2199 4882 2453 4947 fecerit
2484 4884 2700 4945 talem
2748 4883 2843 4950 in-
