3575 5775
1692 550 2189 612 0433me

656 712 914 777 sapere
961 716 1042 759 se
1087 716 1220 778 per
1265 699 1332 761 la
1382 699 1574 763 dieta
1631 702 1785 764 sola
1849 706 1939 766 de
2000 702 2348 767 Possonio
2410 703 2495 767 N.
2556 701 2631 768 S.
2693 704 2895 767 voria
2960 706 3090 767 che
3149 704 3223 769 io

663 820 772 863 me
819 801 1254 887 intartenghi
1305 826 1466 889 qua,
1515 812 1821 873 essendo
1870 830 2000 891 per
2044 810 2201 874 'sare
2250 820 2517 893 quanto
2566 811 2822 893 patera
2852 810 2995 875 aS.
3026 812 3221 883 Bne;

657 928 772 969 ma
817 929 948 991 per
999 927 1262 992 quanto
1312 934 1528 995 posso
1578 918 2188 997 comprehendere
2240 938 2377 981 non
2430 918 2636 981 stimo
2686 920 2819 983 che
2864 918 2915 981 li
2975 918 3223 981 arbitri

663 1024 733 1077 et
780 1036 857 1078 re
907 1017 976 1079 di
1026 1018 1329 1083 Polonia
1389 1042 1466 1084 se
1535 1022 1582 1086 li
1653 1024 1936 1087 trovino
2002 1024 2074 1086 in
2138 1037 2451 1106 persona
2514 1035 2587 1088 et
2656 1024 3226 1089 massimamente

657 1124 790 1185 che
837 1127 1063 1188 anche
1113 1124 1161 1190 il
1209 1127 1534 1210 principe
1583 1130 1700 1212 qui
1749 1140 1860 1193 est
1906 1132 2067 1193 loco
2104 1130 2385 1195 Cesaris
2434 1131 2504 1194 in
2540 1142 2793 1214 questa
2820 1130 3229 1195 differentia

658 1249 799 1293 non
847 1251 923 1293 se
972 1231 1020 1294 li
1070 1234 1352 1297 trovera
1405 1237 1581 1300 com’
1631 1237 1699 1300 io
1760 1239 1979 1301 credo
2010 1240 2281 1301 anchor
2328 1241 2461 1301 che
2510 1238 2793 1303 innanzi
2840 1241 2911 1301 la
2956 1239 3225 1320 partita

659 1356 786 1399 soa
832 1358 922 1399 ne
971 1341 1274 1419 pai-lassi
1323 1362 1456 1407 con
1507 1342 1579 1405 S.
1629 1340 1815 1407 Serss
1865 1343 2405 1407 ricerchandola
2453 1366 2496 1407 a
2544 1345 2815 1409 venirci
2878 1353 2950 1409 et
2996 1345 3091 1409 mi
3138 1344 3225 1408 ri·

658 1447 1049 1524 spondesse
1101 1448 1171 1509 di
1217 1448 1401 1510 farlo
1451 1458 1522 1511 et
1567 1453 1873 1514 sarebbe
1920 1472 2051 1534 per
2097 1451 2251 1515 fare
2300 1451 2683 1516 voluntieri
2721 1452 3055 1515 havendo
3093 1454 3226 1515 las·

657 1560 812 1612 sata
873 1556 988 1632 qui
1040 1554 1448 1629 mandama;
1514 1576 1626 1621 ma
1689 1558 2026 1639 sogiunse
2094 1560 2389 1622 credere
2457 1562 2590 1623 che
2652 1579 2794 1622 non
2866 1560 3226 1640 potrebbe

657 1655 1008 1721 ritornare
1078 1659 1148 1721 in
1214 1667 1358 1724 cosi
1423 1665 1646 1726 breve
1709 1676 1950 1747 tempo
2014 1666 2399 1747 pendendo
2466 1675 2717 1748 questo
2774 1666 3045 1729 ritorno
3094 1686 3227 1729 suo

659 1764 850 1827 dalle
897 1784 1062 1829 cose
1112 1767 1203 1830 de
1253 1767 1513 1833 Cesare
1563 1770 1633 1833 in
1683 1772 1908 1835 Italia.

837 1906 904 1969 S.
956 1906 1282 1973 Serenita
1331 1920 1514 1994 parti
1565 1914 1654 1975 de
1705 1913 1823 1995 qui
1873 1917 1937 1977 el
1988 1912 2059 1976 di
2110 1914 2523 1996 dessignato
2588 1934 2788 1977 come
2850 1910 2919 1976 io
2985 1910 3229 1976 scrissi

663 2012 796 2076 che
845 2014 920 2077 fu
967 2017 1088 2079 alli
1137 2018 1310 2081 VIII
1361 2030 1431 2083 et
1478 2022 1841 2085 trovavasi
1888 2018 2011 2085 alli
2064 2018 2251 2085 XIII
2296 2020 2369 2085 in
2417 2020 2647 2105 Lynz,
2708 2022 2896 2086 onde
2956 2038 3096 2084 non
3157 2018 3231 2083 vi

656 2119 1174 2187 intervenendo
1224 2128 1478 2189 alcuno
1529 2128 1618 2190 de
1667 2126 1715 2190 li
1765 2128 1943 2191 detti
1991 2128 2060 2191 in
2110 2146 2417 2211 persona
2466 2146 2691 2211 penso
2754 2125 2887 2191 che
2934 2126 3229 2190 hastata

658 2226 708 2289 il
756 2228 1040 2294 Barone
1091 2243 1161 2295 et
1209 2233 1338 2296 che
1388 2256 1516 2317 per
1565 2246 1818 2317 questo
1870 2256 2007 2299 non
2058 2236 2165 2299 sia
2212 2234 2618 2299 necessario
2670 2230 2776 2297 ch’
2808 2232 2878 2297 io
2928 2234 3099 2298 resti
3152 2234 3227 2297 in

662 2336 894 2416 quelle
963 2337 1150 2419 parti
1229 2350 1300 2402 et
1371 2362 1512 2404 non
1577 2342 1648 2405 di
1708 2362 1917 2406 meno
1984 2351 2168 2405 tutto
2229 2341 2512 2405 rimetto
2574 2340 2641 2404 al
2700 2340 3229 2423 sapientissimo

651 2440 904 2522 juditio
956 2454 1027 2507 et
1074 2444 1318 2511 volere
1368 2448 1439 2509 di
1500 2446 1572 2511 S.
1633 2448 1738 2512 St*
1809 2450 1949 2512 alla
2021 2451 2229 2532 quale
2297 2453 2457 2513 saro
2530 2466 2811 2529 sempre
2882 2468 3081 2511 come
3158 2444 3230 2510 io

661 2550 900 2612 debbo
951 2552 1588 2636 obsequentissimo
1639 2564 1710 2620 et
1773 2555 2377 2621 obedientissima
2481 2552 2655 2619 Solo
2724 2552 3053 2618 desidero
3116 2574 3229 2617 sa-

658 2674 832 2736 pere
881 2668 1123 2740 presto
1171 2660 1220 2723 il
1267 2664 1513 2725 volere
1563 2672 1633 2726 et
1681 2663 2272 2727 comandamento
2320 2663 2391 2725 di
2443 2660 2515 2726 S.
2566 2660 2690 2725 ΒΜ
2759 2660 2928 2725 Feci
2976 2680 3229 2725 recon-

660 2782 820 2825 zare
867 2764 914 2827 11
965 2768 1384 2848 soprasritto
1434 2771 1503 2832 al
1553 2771 1754 2833 Duca
1806 2770 2013 2832 Carlo
2064 2771 2135 2833 di
2201 2764 2515 2834 Saxonia
2576 2770 2709 2835 che
2773 2768 3005 2832 dovea
3066 2766 3229 2831 dire

662 2868 1000 2955 GeorgiO,
1042 2876 1302 2955 perche
1354 2876 1390 2939 ὲ
1424 2877 1494 2941 10
1529 2877 1797 2941 arbitro
1844 2874 1916 2941 in
1968 2884 2215 2960 questa
2264 2897 2480 2941 causa
2512 2884 2585 2941 et
2616 2874 2657 2940 ὲ
2691 2877 2909 2941 molto
2958 2876 3229 2960 meglio

659 2998 791 3060 per
841 3001 1078 3044 essere
1127 2985 1316 3046 buon
1372 2984 1777 3065 christiano,
1829 2997 1899 3047 et
1945 2985 1987 3047 1’
2022 2986 2204 3048 altro
2255 2993 2436 3048 tutto
2484 2983 2535 3048 il
2582 2985 2959 3050 contrario,

839 3123 1052 3187 Finiti
1102 3128 1210 3188 col
1264 3129 1460 3190 detto
1493 3149 1670 3211 gran
1703 3129 2024 3191 Maestro
2076 3127 2123 3190 li
2168 3127 2377 3210 primi
2422 3126 2945 3212 ragionamenti
2993 3127 3232 3192 entrai

661 3249 752 3291 ne
800 3231 868 3292 le
917 3252 1082 3295 cose
1133 3235 1500 3297 lutherane
1550 3244 1621 3297 et
1668 3234 1949 3299 dolsimi
1998 3235 2087 3297 de
2137 3235 2372 3318 quella
2436 3236 2632 3299 bolla
2690 3234 2870 3297 satta
2918 3235 3011 3298 da
3060 3235 3233 3316 quel

663 3356 789 3398 suo
827 3359 1133 3401 vescovo
1170 3339 1588 3404 Sambiense
1622 3353 1692 3404 et
1725 3341 2352 3423 particolarmente
2399 3341 2541 3405 feci
2589 3343 2881 3423 querela
2930 3343 3001 3405 di
3041 3350 3231 3407 tutte

665 3444 898 3524 quelle
947 3447 1475 3511 exhorbitantie
1525 3461 1596 3510 et
1642 3449 1929 3530 impiet’i
1983 3450 2113 3511 che
2164 3447 2495 3511 contiene
2543 3467 2684 3509 una
2732 3467 2862 3529 per
2923 3469 3096 3529 una,
3157 3458 3233 3512 et

663 3559 862 3613 tanto
910 3553 1214 3617 detestai
1265 3557 1396 3618 che
1434 3556 1476 3618 'l
1523 3559 1829 3620 lassas—se
1878 3577 1971 3618 un
2021 3556 2119 3618 tal
2168 3575 2295 3617 suo
2347 3557 2612 3636 luogho
2646 3563 2933 3618 tenente
2963 3555 3034 3618 in
3068 3576 3233 3638 pre-

663 3657 891 3720 sentia
939 3658 1028 3722 de
1077 3671 1184 3724 tre
1231 3665 1489 3744 grandi
1536 3663 1851 3727 huomini
1901 3664 1989 3725 de
2038 3663 2106 3726 la
2154 3683 2277 3725 soa
2324 3661 2673 3753 religione
2741 3672 2814 3725 et
2860 3663 3013 3726 suoi
3061 3683 3232 3727 con·

663 3763 929 3846 sig-lieri
979 3767 1084 3829 ch’
1116 3768 1185 3830 io
1233 3769 1326 3833 mi
1375 3771 1578 3851 parvi
1629 3772 1921 3834 vederlo
1971 3779 2153 3832 tutto
2210 3788 2643 3851 eommOSSO,
2705 3767 3065 3834 facendoli
3132 3793 3235 3834 un

663 3873 1040 3955 gagliardo
1092 3874 1409 3940 discorso
1458 3879 1588 3940 che
1639 3880 1942 3940 sarebbe
1990 3880 2209 3940 molto
2256 3879 2475 3959 lungo
2508 3898 2551 3941 a
2586 3877 2988 3959 replicar10,
3037 3879 3235 3942 onde

665 3979 757 4041 mi
804 3998 1168 4062 promesse
1238 3983 1311 4046 di
1380 3983 1534 4048 fare
1606 3985 1776 4068 ogni
1844 4005 2064 4066 opera
2128 3983 2393 4067 perche
2455 3984 2539 4049 N.
2589 3981 2661 4050 S.
2730 3985 3035 4048 andasse
3083 3987 3237 4049 ben

668 4095 1003 4151 contento
1053 4089 1124 4152 di
1171 4091 1296 4169 lui,
1356 4100 1428 4155 et
1489 4112 1618 4173 per
1668 4091 2089 4154 dimostrare
2146 4113 2188 4154 a
2234 4089 2400 4153 tutti
2447 4081 2579 4154 che
2625 4090 2819 4153 fosse
2866 4093 3109 4154 buono
3160 4101 3239 4155 et

666 4189 877 4254 fidele
927 4193 1310 4260 christiano
1360 4197 1736 4280 Principe,
1801 4208 1873 4260 et
1934 4201 2049 4261 nel
2096 4197 2322 4280 partir
2371 4216 2497 4260 suo
2544 4207 2800 4278 sponte
2849 4216 2977 4260 sua
3025 4196 3235 4261 strin-

670 4299 1008 4379 gendomi
1056 4303 1126 4364 la
1189 4323 1398 4367 mano
1455 4303 1894 4386 replicomrni
1943 4306 2075 4367 che
2120 4304 2191 4366 in
2240 4324 2320 4366 re
2368 4303 2743 4368 lutherana
2773 4301 2990 4366 faciet
3038 4305 3241 4386 quod

671 4404 879 4467 decet
927 4408 1233 4474 maxime
1281 4411 1738 4475 christianum
1787 4411 2209 4494 principem,
2274 4421 2345 4474 et
2392 4411 2626 4476 subito
2674 4411 2925 4494 'giunto
2972 4431 3017 4474 a
3064 4431 3243 4476 casa

670 4511 829 4574 fece
899 4514 1210 4578 scrivere
1279 4515 1351 4580 in
1420 4518 1666 4601 lingua
1735 4520 2082 4582 thodesca
2146 4521 2213 4581 al
2286 4519 2484 4581 detto
2546 4537 2674 4580 suo
2746 4516 3091 4600 episcopo
3162 4529 3245 4583 et

673 4621 1100 4682 mandommi
1147 4642 1190 4683 a
1239 4633 1582 4688 mostrare
1631 4627 1700 4688 la
1746 4625 1984 4690 littera
2033 4628 2121 4688 de
2169 4627 2238 4688 la
2289 4624 2497 4707 quale
2542 4623 2703 4687 fece
2758 4621 3242 4706 interpretare

675 4746 816 4788 uno
866 4729 1238 4811 essempi0‚
1287 4732 1356 4794 lo
1406 4733 1614 4814 quale
1662 4730 1825 4794 sara
1872 4753 2007 4794 con
2055 4740 2343 4814 queste,
2394 4738 2464 4794 et
2511 4729 2625 4796 chi
2670 4729 2713 4794 l'
2748 4731 2843 4794 ha
2887 4729 3241 4815 interpre-

675 4841 824 4896 tata
873 4835 964 4902 mi
1012 4835 1170 4910 dice
1219 4839 1349 4910 che
1396 4839 1469 4912 in
1516 4838 1762 4922 lingua
1812 4839 1847 4900 ὲ
1897 4840 2115 4904 molto
2164 4847 2417 4904 ornata
2462 4846 2535 4905 et
2582 4835 2900 4906 efficace.
2995 4839 3245 4906 Vede-
