3575 5775
1488 605 1986 661 <>-<ὶί3509ῑ>-ο

440 789 615 847 243:
665 790 757 831 ex
804 768 1064 833 nostris
1110 788 1369 833 novem
1418 768 1657 849 occisi,
1707 776 1779 831 et
1823 788 2003 831 unus
2047 767 2479 848 Capitaneus
2539 759 3023 843 TreverensiS,

437 877 621 939 dum
662 878 945 939 incaute
994 877 1273 957 quaerit
1318 876 1621 939 rusticos
1669 876 1741 938 in
1790 894 2082 939 nemore
2133 886 2381 939 contra
2427 876 2692 937 iussum
2741 871 3023 954 Capita-

440 1003 787 1063 neorum,
854 986 947 1045 ab
1004 1002 1147 1045 uno
1220 1004 1313 1045 ex
1378 982 1638 1045 nostris
1709 1002 1842 1064 pro
1891 986 2153 1045 rustico
2203 983 2562 1064 impetitur
2608 980 3025 1057 bombarda,

442 1099 530 1153 et
576 1090 889 1153 moritur.
960 1088 1359 1154 Stationem
1407 1090 1657 1153 habuit
1702 1089 1826 1153 illo
1875 1088 1990 1152 die
2039 1092 2417 1171 exercitus,
2469 1099 2539 1153 et
2569 1096 2912 1171 sequente
2959 1085 3029 1147 in

440 1197 995 1279 Kungshoffen:
1045 1200 1375 1261 noctibus
1424 1208 1663 1261 tamen
1710 1200 2057 1261 ambabus
2106 1198 2378 1279 equites
2409 1199 2500 1261 ad
2551 1214 2783 1260 arcem
2831 1194 3025 1257 missi

439 1315 638 1386 sunt,
686 1316 761 1369 ut
806 1307 901 1367 ab
950 1306 1265 1369 obsessis
1314 1306 1720 1386 intelligant
1768 1304 2008 1386 quoin
2045 1316 2235 1367 statu
2285 1314 2448 1368 sunt
2495 1303 2749 1367 omnia.
2815 1303 3025 1365 Unde

398 1412 667 1475 ·tertia
713 1412 904 1492 Junii
948 1413 1019 1475 in
1072 1423 1283 1476 nocte
1330 1412 1826 1493 significarunt
1877 1414 2052 1474 8000
2083 1413 2510 1476 rusticorum·
2551 1412 2813 1475 exiisse
2849 1410 3024 1473 Her-

442 1519 749 1602 bipolim
796 1540 1047 1582 versus
1096 1520 1535 1583 'I'auberum:
1596 1530 1849 1601 quarta
1912 1518 2100 1599 Junii
2148 1520 2556 1602 intelligens
2595 1520 2751 1601 ‘liga
2797 1538 3026 1601 prope

442 1648 615 1690 esse
658 1626 797 1689 illis
846 1626 1182 1708 occurrit,
1233 1628 1352 1709 qui
1402 1626 1803 1689 nescientes
1852 1646 2056 1690 cesos
2105 1646 2263 1690 esse
2326 1626 2544 1691 Otten
2594 1626 3026 1689 Waldenses

447 1734 715 1816 quibus
762 1735 1130 1817 suppetias
1176 1734 1367 1798 ferre
1414 1736 1786 1814 volebant,
1853 1734 2085 1816 primo
2147 1734 2388 1816 itaque
2435 1742 2829 1816 congressu
2877 1734 3024 1795 fun-

444 1844 719 1904 duntur
746 1842 1011 1922 rustici,
1047 1853 1119 1904 et
1148 1842 1460 1923 fugiunt:
1492 1842 1796 1905 trecenti
1828 1842 1897 1903 in
1932 1842 2330 1923 proximam
2377 1862 2613 1905 arcem
2663 1862 2888 1923 nuper
2937 1843 3028 1903 ab

448 1948 567 2012 eis
614 1951 1053 2013 combustam
1100 1948 1523 2030 confugiunt
1570 1960 1643 2011 et
1690 1944 1834 2011 tarn
1881 1948 2336 2030 pertinaciter
2403 1970 2480 2013 se
2529 1950 3026 2025 defenderunt,

446 2068 537 2119 ut
586 2076 671 2119 eo
720 2057 837 2118 die
882 2076 1029 2119 non
1078 2065 1704 2139 expugnarentur;
1756 2076 2028 2119 summo
2089 2076 2296 2119 mane
2344 2057 2713 2119 tormentis
2755 2076 3026 2119 murum

444 2162 873 2246 fregerunt,
946 2172 1017 2225 et
1075 2164 1145 2225 vi
1195 2164 1671 2245 irrumpentes
1719 2164 1976 2227 milites
2023 2163 2332 2227 rusticos
2383 2172 2628 2228 omnes
2675 2165 2765 2227 ad
2816 2182 3028 2225 unum

446 2270 919 2333 trucidarunt.
1004 2270 1085 2333 In
1132 2280 1283 2333 toto
1340 2272 1529 2338 bello
1595 2291 1949 2353 nunquam
1997 2271 2164 2351 plus
2213 2272 2448 2335 damni
2498 2272 2810 2353 suscepit
2857 2271 3026 2353 liga,

448 2398 623 2441 nam
688 2378 1205 2459 quinquaginta
1276 2398 1368 2441 ex
1430 2378 1691 2440 nostris
1740 2390 1908 2441 ante
1958 2377 2202 2440 turrim
2277 2380 2714 2457 occubuere,
2785 2382 3028 2460 plures

450 2485 629 2559 laci;
700 2486 991 2567 cognito
1067 2496 1301 2547 autem
1370 2504 1463 2547 ex
1536 2486 1824 2568 captivo
1895 2485 2198 2548 rusticos
2267 2488 2507 2567 plures
2567 2486 2639 2548 in
2702 2486 3030 2568 proxima

445 2593 667 2675 sylva
714 2593 1023 2671 latitare,
1073 2593 1431 2674 equitatus
1478 2595 1755 2675 sylvam
1788 2592 2176 2671 circundat,
2211 2593 2468 2657 milites
2497 2594 3028 2676 ingrediuntur:

448 2700 873 2763 ceciderunt
940 2700 1010 2761 in
1080 2720 1398 2777 nemore,
1472 2701 1539 2763 in
1618 2700 1794 2763 turri
1863 2710 1932 2763 et
1999 2719 2388 2781 congressu
2461 2704 2648 2765 ultra
2718 2701 3030 2783 quinque

452 2806 679 2871 millia
725 2806 1189 2869 rusticorum:
1254 2826 1339 2869 eo
1388 2807 1505 2869 die
1554 2806 1914 2870 exercitus
1972 2806 2421 2888 Herbipolim
2470 2808 2772 2871 obsedit.
2865 2808 3028 2869 Tre-

456 2935 703 2978 veren.
752 2914 1149 2994 PalatinuS,
1213 2923 1284 2976 et
1347 2913 1816 2996 Herbipolen.
1869 2913 2081 2977 fidam
2130 2931 2364 2977 arcem
2413 2915 2892 2995 intraverunt,
2959 2924 3030 2978 et

454 3033 609 3085 tam
654 3023 1068 3104 frequentes
1114 3021 1344 3085 iactus
1392 3031 1904 3086 tormentorum
1966 3043 2056 3086 ex
2107 3023 2355 3085 castris
2403 3032 2476 3087 et
2525 3043 2616 3086 ex
2672 3003 2834 3085 arce
2882 3021 3028 3084 fue·

455 3141 657 3210 runt,
713 3141 794 3192 ut
850 3128 1074 3192 maior
1120 3150 1289 3210 pars
1335 3130 1755 3192 rusticorum
1805 3139 2014 3192 nocte
2065 3130 2536 3193 dilaberetur:
2597 3142 2798 3193 erant
2845 3129 3030 3192 enim

458 3238 695 3300 adhuc
752 3256 1009 3299 novem
1058 3236 1277 3299 millia
1324 3236 1746 3300 rusticorum
1795 3235 1866 3298 in
1916 3235 2309 3300 obsidione.
2405 3237 2541 3301 Die
2589 3257 2764 3320 ergo
2828 3247 3032 3300 sexta

456 3344 653 3424 Junii
680 3344 878 3406 Urbs
911 3364 1041 3425 per
1092 3343 1522 3407 deditionem
1571 3344 1769 3406 venit
1815 3343 1886 3406 in
1935 3353 2361 3425 potestatem
2408 3345 2619 3426 ligae,
2663 3345 2856 3406 unde
2905 3344 3030 3407 Ca-

457 3451 789 3534 pitaneus
861 3452 1218 3532 generalis
1276 3451 1469 3532 ligae
1514 3452 1604 3515 D.
1682 3449 2040 3531 Georgius
2112 3450 2410 3533 Dapifer
2487 3452 2599 3514 de·
2647 3451 3033 3533 Waltpurg

460 3560 735 3622 Urbem
784 3559 1168 3638 ingressuS,
1211 3567 1281 3621 et
1304 3557 1674 3638 Principes
1726 3577 1819 3620 ex
1868 3577 2032 3621 arce
2081 3559 2601 3622 descendentes
2647 3560 2877 3641 primo
2927 3579 3026 3622 se-

460 3676 861 3750 gregarunt
907 3685 1152 3728 omnes
1201 3665 1523 3728 subditos
1578 3664 1990 3729 Marchinos
2050 3665 2372 3730 Casimiri
2395 3714 2412 3747 ,
2473 3686 2652 3748 quos
2717 3668 2809 3729 ad
2874 3686 3032 3729 eum

460 3773 803 3837 miserunt
833 3773 1235 3854 puniendos
1278 3775 1437 3850 1483
1470 3772 1805 3854 rusti005‚
1858 3773 2022 3836 dein
2071 3773 2370 3854 aliquot,
2419 3784 2492 3837 et
2539 3783 2818 3837 centum
2866 3793 3028 3836 mox

466 3880 810 3944 decollari
858 3879 1223 3958 fecerunt,
1290 3879 1663 3942 lictoribus
1717 3881 2096 3943 mactando
2163 3880 2391 3963 fessiS,
2457 3880 2813 3944 adservati
2871 3890 3034 3943 sunt

473 3993 603 4066 760
651 3986 947 4068 captivi,
997 3985 1249 4066 reliqui
1308 3987 1399 4048 ad
1464 3986 1754 4068 propria
1811 3985 2008 4050 abire
2072 3988 2277 4068 iussi,
2328 4009 2632 4071 poenam
2681 3989 2912 4068 ligae,
2963 3999 3034 4051 et

466 4094 931 4158 Dominorum
984 4103 1475 4175 expectanteS,
1520 4113 1685 4156 nam
1733 4094 1833 4156 ita
1885 4095 2068 4157 solet
2115 4095 2263 4178 liga
2311 4093 2617 4159 rebelles
2658 4095 2725 4157 in
2759 4094 3038 4158 comuni

468 4202 755 4286 punire,
806 4209 879 4262 et
925 4220 1139 4281 super
1187 4201 1473 4262 residuo
1520 4211 1846 4264 reservat
1892 4193 2195 4284 poenam
2245 4212 2388 4266 tam
2435 4202 2776 4284 corporis,
2825 4222 3036 4284 quam

469 4313 817 4372 bonorum
884 4307 1171 4376 domino
1240 4305 1577 4387 cuiusque
1641 4307 1800 4372 loci.
1912 4307 2002 4370 Et
2069 4309 2234 4389 quia
2296 4331 2560 4374 cuneus
2620 4309 2753 4373 iste
2810 4308 3038 4391 magis

468 4415 941 4481 formidabilis
985 4414 1119 4476 fuit
1166 4413 1498 4494 coeteriS‚
1548 4423 1622 4478 et
1668 4414 1974 4478 exitialis
2021 4416 2230 4479 Clero
2297 4426 2368 4479 et
2415 4417 2804 4499 nobilitati,
2871 4418 3039 4481 licet

470 4545 697 4607 parvo
751 4522 1057 4603 negocio
1107 4521 1319 4584 fuerit
1351 4521 1551 4584 fusus
1624 4531 1697 4585 et
1748 4521 2129 4604 dissipatus
2142 4572 2160 4604 ,
2207 4524 2744 4588 subnotabimus
2793 4525 3036 4589 Mona·

468 4631 688 4695 steria
736 4630 969 4694 diruta
1014 4640 1085 4692 et
1134 4649 1335 4692 arces
1383 4636 1672 4692 exustas
1720 4649 1806 4692 ac
1852 4630 2215 4711 spoliatas,

900 4735 1345 4799 Ebraeenses
2181 4739 2242 4801 T
2245 4758 2407 4802 ores

916 4841 1421 4907 Schwartzach
2193 4845 2626 4910 Bildhausen

904 4950 1343 5014 Heidenfeld
2193 4953 2458 5017 Vesser
