3575 5775
1262 551 1758 612 &ibbo-0

272 713 474 766 tamen
516 699 634 764 vix
684 701 932 766 decem
967 704 1190 766 verba
1236 700 1308 764 in
1351 721 1538 763 anno
1585 701 1908 783 proferat
1951 720 2185 762 merus
2218 697 2792 762 melanchonicus

273 819 332 870 et
369 819 595 890 stupor
641 809 819 892 ipse.

419 916 499 980 El
523 915 960 998 Lantgravio
994 915 1058 978 d'
1087 915 1350 978 Hassia
1378 913 1874 998 potentissimo
1908 912 2155 997 signor
2186 912 2535 976 ancorvche
2565 921 2793 994 putt0,

271 1045 363 1086 ma
403 1025 486 1086 de
531 1023 845 1105 ingegno
893 1024 1166 1106 grande
1215 1031 1287 1086 et
1315 1023 1502 1086 malo
1553 1031 1624 1084 et
1669 1029 1855 1084 tutto
1886 1021 2317 1100 LutheranO,
2368 1039 2567 1082 come
2602 1021 2790 1100 quel-

271 1131 342 1194 lui
386 1133 468 1193 de
512 1131 626 1194 chi
672 1133 740 1194 el
769 1132 975 1193 Duca
1006 1128 1300 1193 Saxone
1348 1132 1440 1193 ha
1488 1132 1561 1193 la
1605 1149 1796 1208 cura,
1844 1125 2327 1210 favoreggera
2373 1128 2463 1190 ad
2494 1129 2561 1188 le
2597 1146 2791 1188 enor-

271 1237 407 1300 mita
452 1238 520 1300 di
565 1238 862 1300 Hutten.

417 1343 556 1406 Sed
620 1345 812 1425 quod
872 1342 1075 1425 peius
1123 1352 1232 1406 est
1278 1340 1720 1424 Sichinghen
1783 1362 1917 1405 con
1980 1350 2165 1405 tutta
2226 1341 2295 1402 la
2356 1360 2626 1422 povera
2675 1360 2795 1402 no-

269 1451 412 1512 bilta
467 1451 541 1513 di
600 1450 948 1514 coniurati
1010 1451 1100 1512 de
1149 1448 1534 1514 Germania
1597 1448 1905 1512 nutrisce
1956 1449 2153 1512 detto
2201 1448 2519 1510 Hutteno
2588 1456 2658 1510 et
2718 1469 2795 1509 se

269 1576 446 1620 serve
491 1557 560 1619 di
608 1557 706 1619 lui
752 1558 843 1619 ad
893 1556 1056 1620 altri
1103 1555 1259 1619 suoi
1306 1556 1676 1639 propositi,
1725 1555 1988 1639 perche
2031 1554 2241 1618 melio
2278 1553 2424 1617 tien
2459 1553 2635 1616 uniti
2667 1574 2799 1637 per

270 1683 374 1726 suo
431 1664 718 1746 meg-gio
783 1659 946 1726 tutti
1010 1663 1242 1744 questi
1291 1663 1482 1726 conti
1549 1672 1621 1726 et
1687 1661 1910 1725 nobili
1956 1661 2242 1743 poveri,
2312 1681 2445 1724 con
2510 1658 2558 1722 li
2608 1660 2801 1742 quali

276 1767 630 1850 Sichingen
680 1791 962 1853 sempre
1009 1772 1103 1832 ha
1148 1770 1331 1833 fatto
1381 1778 1454 1832 et
1499 1769 1850 1852 pretende
1897 1768 2008 1831 far
2041 1769 2108 1832 le
2142 1788 2266 1830 sue
2300 1786 2557 1848 guerre
2590 1787 2799 1830 senza

269 1897 421 1957 gran
479 1897 706 1959 spesa.
799 1876 892 1939 Et
952 1877 1026 1940 in
1073 1897 1248 1940 vero
1312 1878 1510 1939 detto
1559 1875 1956 1958 Sichingen
2014 1877 2229 1937 rebus
2290 1873 2391 1936 sic
2449 1873 2800 1938 stantibus

271 1994 360 2046 est
413 1993 632 2048 terror
681 1983 1146 2064 Germaniae,
1220 2004 1313 2046 ex
1371 2004 1510 2066 quo
1561 2003 1809 2047 omnes
1868 1982 1988 2045 alii
2049 1991 2482 2063 torpescunt.
2576 1979 2684 2046 Ne
2735 1980 2799 2043 ci

271 2092 428 2153 vedo
481 2095 719 2155 buona
763 2111 1112 2174 speranza
1161 2091 1231 2154 di
1281 2093 1480 2154 detto
1525 2089 1965 2172 Sichinghen
2015 2109 2143 2170 per
2192 2088 2331 2168 noi,
2381 2089 2485 2150 sel
2532 2107 2674 2150 non
2724 2109 2801 2150 se

269 2197 688 2261 dechiarasse
747 2198 1110 2280 francese,
1182 2219 1223 2260 o
1273 2201 1553 2262 almeno
1615 2200 1919 2261 havesse
1968 2203 2245 2258 secreta
2303 2194 2799 2276 intelligentia,

269 2303 350 2364 dil
389 2305 512 2366 che
559 2325 648 2367 ne
696 2307 793 2367 ho
841 2305 1144 2386 qualche
1178 2305 1572 2386 suspitione
1621 2301 1887 2385 perche
1920 2301 2250 2364 Roberto
2284 2301 2471 2364 della
2502 2301 2800 2363 Marcha

268 2411 346 2472 ha
383 2431 514 2474 uno
544 2433 673 2474 suo
717 2414 1163 2476 ambassator
1211 2415 1278 2474 al
1312 2421 1648 2494 presente
1697 2419 1770 2472 et
1817 2409 2021 2489 quasi
2063 2407 2419 2470 ordinario
2455 2427 2799 2489 appresso

273 2518 442 2580 detto
489 2517 964 2600 Sichinghen;
1013 2539 1144 2601 per
1190 2521 1290 2582 tal
1337 2518 1456 2582 via
1503 2517 1559 2581 si
1607 2517 1963 2600 potrebbe
2010 2513 2121 2576 far
2168 2514 2327 2575 chel
2376 2513 2800 2578 christianis·

274 2623 421 2687 simo
465 2627 822 2695 usarebbe
872 2627 1175 2707 qualche
1224 2629 1367 2688 bon
1415 2625 1702 2706 meggio
1751 2645 1795 2686 a
1844 2625 2131 2686 sbassar
2174 2622 2247 2683 la
2287 2621 2683 2703 petulantia
2732 2630 2804 2683 et

268 2731 325 2792 la
377 2733 810 2796 coniuration
875 2734 964 2796 de
1012 2733 1287 2795 Hutten
1349 2731 1470 2814 gia
1519 2734 1649 2794 che
1698 2729 1929 2812 questi
1977 2727 2326 2790 cesariani
2386 2747 2516 2809 per
2562 2727 2802 2790 niente

271 2857 388 2902 non
432 2843 686 2905 voleno
735 2839 894 2905 fare
941 2839 1317 2903 mutationi
1365 2859 1406 2903 o
1456 2837 1736 2903 tumulti
1782 2837 1854 2899 in
1890 2844 2139 2917 questa
2173 2833 2575 2914 Germania,
2624 2855 2803 2917 quos

270 2954 476 3010 tamen
543 2949 708 3011 dum
779 2948 1085 3011 maxime
1152 2947 1446 3029 cupiunt
1520 2944 1803 3009 blandis
1870 2942 2095 3005 modis
2161 2941 2431 3003 evitare
2496 2942 2803 3004 maxime

271 3050 617 3119 incurrunt.
2194 3050 2203 3059 ”

424 3161 498 3224 In
545 3182 818 3225 summa
867 3161 1149 3225 Revme
1199 3172 1269 3224 et
1317 3159 1784 3224 illustrissime
1819 3153 2145 3235 Domine,
2197 3154 2428 3235 agitur
2476 3174 2661 3216 nunc
2712 3155 2803 3215 de

276 3264 392 3329 alia
430 3289 503 3331 re
550 3290 762 3351 quam
813 3270 902 3331 de
952 3268 1301 3349 Luthero,
1350 3266 1650 3351 perche,
1703 3286 1902 3329 come
1952 3262 2109 3325 dice
2158 3262 2469 3341 Hutten,
2516 3262 2801 3341 quando

277 3372 436 3436 mille
465 3378 654 3439 volte
683 3376 998 3439 Luthero
1027 3376 1223 3439 fusse
1253 3383 1504 3457 morto,
1547 3395 1625 3438 se
1659 3371 2219 3455 descopriranno
2254 3378 2462 3431 cento
2490 3368 2803 3449 Lutheri,

281 3487 342 3539 et
380 3479 486 3560 gia
527 3504 700 3565 pare
765 3485 898 3546 che
962 3504 1120 3545 esso
1171 3483 1442 3545 Hutten
1491 3482 1847 3545 vorrebbe
1909 3479 2213 3559 quadam
2262 3474 2529 3538 invidia
2577 3486 2807 3539 motus

281 3587 620 3653 vendicare
669 3588 805 3652 sibi
854 3589 1118 3671 primas
1166 3598 1428 3671 parteS,
1479 3588 1528 3652 il
1578 3590 1710 3651 che
1759 3586 2058 3649 sarebbe
2107 3583 2479 3646 volentieri
2527 3604 2605 3647 se
2652 3604 2805 3667 spess

282 3709 444 3757 rasse
504 3697 658 3760 chel
725 3697 996 3780 populo
1065 3698 1113 3759 li
1179 3697 1481 3758 havesse
1545 3703 1744 3757 tanta
1809 3692 1977 3755 fede
2048 3699 2310 3772 quanta
2380 3712 2419 3753 a
2468 3692 2802 3755 Luther0.

285 3796 530 3865 Ancora
579 3805 643 3866 el
693 3801 960 3865 scrive:
1010 3804 1294 3884 quando
1345 3822 1505 3865 esso
1555 3800 1940 3864 medesimo
1988 3798 2180 3861 fusse
2215 3808 2442 3860 morto
2491 3817 2632 3860 non
2666 3818 2805 3859 res-

285 3904 406 3967 tera
462 3908 507 3971 il
552 3920 746 3973 resto
813 3911 1006 3972 della
1051 3909 1348 3973 nobilita
1416 3908 1702 3991 seguire
1769 3914 2021 3989 questa
2068 3913 2397 3967 concetta
2460 3903 2803 3985 impresa3

288 4011 356 4072 nce
398 4015 430 4076 ὲ
474 4017 560 4079 da
607 4017 948 4080 dubbitar
995 4019 1126 4080 che
1175 4018 1244 4079 la
1292 4018 1532 4079 hanno
1579 4014 1698 4097 gia
1747 4012 2101 4076 destinata
2157 4010 2277 4092 piu
2328 4021 2567 4091 tempo
2614 4008 2687 4071 fa
2736 4018 2807 4071 et

287 4136 394 4182 con
435 4126 700 4204 grande
747 4144 1042 4187 numero
1091 4125 1183 4186 de
1233 4123 1598 4187 coniurati.
1695 4121 1814 4183 Ad
1863 4140 2022 4183 esso
2060 4118 2322 4181 Hutten
2360 4118 2473 4180 nel
2509 4117 2804 4179 castello

291 4224 360 4286 de
384 4224 752 4314 Sichingen
800 4251 1240 4295 concorreno
1287 4229 1450 4293 tutti
1499 4228 1730 4311 questi
1771 4224 2201 4290 accademici
2232 4222 2572 4287 Rhenani
2620 4233 2693 4286 et
2738 4222 2806 4285 la

295 4332 431 4410 ogni
470 4356 602 4400 uno
646 4347 864 4401 mette
913 4338 964 4401 il
1010 4338 1336 4420 symbolo
1387 4357 1520 4399 con
1557 4344 1755 4398 tanto
1785 4333 2020 4397 studio
2070 4341 2141 4395 et
2172 4340 2371 4393 tanta
2403 4329 2807 4393 elimatione

299 4438 402 4501 che
442 4442 474 4503 ὲ
520 4464 680 4508 cosa
728 4446 1104 4528 stupenda.
1184 4443 1263 4507 Io
1311 4445 1380 4506 lo
1429 4464 1508 4506 so
1555 4463 1687 4525 per
1733 4440 2014 4504 diverse
2062 4439 2175 4501 vie
2226 4447 2297 4500 et
2327 4438 2810 4501 ultimamente

303 4542 372 4603 mi
409 4545 442 4607 ὲ
483 4561 738 4615 venuta
798 4552 872 4615 in
919 4550 1109 4615 mani
1171 4572 1310 4615 una
1372 4550 1731 4615 cartecina
1778 4547 1851 4611 di
1898 4548 2095 4609 detto
2144 4545 2417 4609 Hutten
2484 4546 2616 4607 che
2678 4566 2807 4627 par

309 4648 408 4711 che
461 4655 538 4717 sii
595 4678 732 4721 una
798 4658 1148 4741 particula
1216 4658 1404 4719 della
1470 4658 1736 4719 minuta
1804 4656 1875 4717 di
1943 4656 2178 4736 quella
2242 4654 2567 4736 Epistola
2629 4654 2809 4717 satta

315 4766 507 4821 contra
561 4764 772 4847 preti,
845 4766 978 4828 che
1043 4766 1078 4827 ὲ
1130 4764 1522 4827 cancellata
1580 4762 1652 4826 in
1719 4762 1841 4845 piu
1891 4761 1962 4824 di
2012 4770 2220 4823 cento
2285 4760 2558 4840 luochi,
2629 4768 2809 4822 tutte

324 4864 572 4937 ι11165116
613 4874 858 4952 parole
907 4871 983 4934 X
1033 4872 1228 4933 volte
1277 4879 1577 4951 mutate,
1646 4872 1786 4932 alla
1836 4871 2061 4933 barba
2124 4870 2235 4931 de'
2273 4869 2491 4933 nostri
2544 4866 2807 4931 oratori
