3575 5775
1686 553 2182 614 0—43270824

649 714 802 768 trae
852 705 1041 786 quod
1089 702 1251 768 fieri
1299 704 1472 767 velit
1520 725 1677 767 cum
1726 705 1984 768 misero
2031 705 2318 768 homine
2365 705 2438 768 in
2473 725 2599 768 sua
2627 705 3024 788 pertinacia
3055 727 3210 788 per-

650 822 1049 878 severante.

830 920 1203 983 Caeterum
1279 921 1443 1003 quia
1514 923 1763 983 eadem
1833 930 2162 983 creatura
2227 929 2466 982 vestra
2533 928 2802 983 certum
2851 921 3073 983 habet
3121 922 3212 983 ad

650 1026 957 1089 schisma
1004 1037 1074 1090 et
1123 1027 1597 1090 defectionem
1645 1029 2068 1091 movendam
2117 1028 2528 1091 mandatum
2575 1047 2734 1090 esse
2768 1047 3211 1108 consensum,

649 1133 1050 1215 partimque
1114 1133 1269 1197 fieri
1333 1135 1830 1198 conventicula
1895 1135 2495 1217 conspirationeS,
2562 1143 2840 1198 mutuas
2890 1115 3209 1198 cohorta-

647 1239 897 1319 tioneS,
946 1241 1039 1302 ad
1085 1261 1235 1304 rem
1282 1251 1425 1304 tam
1472 1242 1922 1322 horrendam,
1972 1242 2244 1306 diutina
2291 1241 2813 1305 consultatione
2863 1262 3018 1305 cum
3067 1242 3210 1305 suis

646 1347 911 1426 habita,
959 1347 1231 1414 invenit
1279 1369 1542 1430 operae
1589 1349 1908 1430 precium
1957 1369 2115 1412 esse
2163 1358 2238 1412 ut
2284 1349 2840 1412 Illustrissimum
2888 1349 3208 1430 Joachim

645 1453 1131 1517 Marchionem
1166 1464 1237 1517 et
1270 1457 1651 1518 electorem
1686 1457 2412 1539 Brandeburgensem
2441 1455 2786 1535 Fratrem,
2837 1457 3208 1537 electoreS,

649 1570 719 1623 et
766 1561 1127 1643 principes
1176 1562 1391 1642 alios,
1440 1564 1789 1645 requirat,
1863 1563 2213 1647 principio
2263 1564 2432 1645 quid
2481 1563 2697 1625 animi
2745 1582 2920 1646 erga
2967 1562 3205 1626 Eccle-

647 1668 822 1732 siam
900 1671 1247 1752 habeant,
1328 1681 1399 1734 et
1446 1692 1534 1732 an
1584 1671 1810 1734 velint
1866 1691 2024 1734 esse
2087 1671 2446 1753 praesidio
2496 1670 2976 1733 labefactatae
3023 1670 3204 1752 paci.

646 1775 927 1838 Deinde
976 1777 1228 1859 quibus
1292 1779 1683 1841 rationibus
1745 1779 1917 1860 ipsis
1979 1778 2309 1842 videatur
2357 1778 2872 1842 occurrendum
2919 1777 3205 1840 nimium

647 1886 942 1946 robusto
1010 1886 1173 1948 huic
1237 1888 1460 1966 ma10‚
1524 1894 1596 1948 et
1659 1885 1728 1948 in
1798 1907 1883 1948 eo
1931 1885 2070 1948 iam
2118 1894 2307 1949 totus
2357 1895 2464 1948 est
2512 1895 2588 1947 ut
2638 1885 2797 1947 illos
2844 1883 3206 1965 sigillatim

644 2010 777 2072 per
822 1991 1118 2054 idoneos
1168 2003 1239 2054 et
1286 1993 1567 2056 intimos
1616 1994 2030 2056 consiliares
2079 1994 2428 2075 exploret,
2479 2014 2561 2054 ac
2597 1992 2913 2055 invocet:
2967 1992 3202 2054 Prete-

645 2117 770 2160 rea
830 2119 987 2160 cum
1052 2099 1441 2162 Comitibus
1488 2100 1836 2163 Nassallis
1891 2100 2076 2162 idem
2139 2098 2461 2163 tentabit.
2557 2098 2738 2161 Nam
2803 2098 3012 2162 altius
3069 2101 3206 2162 hoc

647 2207 905 2267 malum
954 2207 1231 2269 radices
1283 2206 1567 2288 defixit,
1640 2227 1852 2288 quam
1916 2207 2104 2288 quod
2173 2228 2216 2269 a
2277 2207 2430 2269 sola
2492 2215 2820 2268 creatura
2882 2204 3206 2286 predicta

645 2313 858 2375 avelli
905 2314 1131 2394 possit
1180 2315 1563 2378 amicorum
1610 2313 1941 2396 presidiis
1990 2313 2349 2376 destituta.

824 2419 1195 2500 Quendam
1244 2420 1702 2484 abmandavit
1749 2421 1844 2484 ad
1894 2419 2315 2483 Caesaream
2359 2420 2806 2501 Majestatem
2855 2417 2974 2500 qui
3023 2439 3202 2481 com-

646 2547 853 2588 mune
902 2527 1278 2610 negocium
1312 2529 1687 2591 Romanae
1722 2527 2088 2591 Ecclesiae
2118 2527 2610 2609 potentissime
2641 2536 2831 2608 aget,
2883 2537 2952 2588 et
2999 2525 3205 2588 huius

645 2637 982 2696 tumultus
1031 2636 1345 2697 remedia
1393 2636 1582 2716 apud
1634 2635 2059 2697 Caesaream
2093 2635 2540 2698 Maiestatem
2577 2643 2894 2714 venetur,
2946 2633 3206 2715 quique

644 2740 998 2805 Caesarea
1046 2743 1378 2824 mandata
1429 2744 1772 2805 adversus
1823 2762 1975 2803 eam
2027 2750 2293 2803 sectam
2341 2742 2773 2823 impediente
2816 2743 3007 2804 bello
3041 2740 3204 2804 Gal·

642 2848 777 2910 lico
824 2850 1169 2913 hactenus
1216 2849 1576 2932 plerisque
1640 2849 1710 2913 in
1774 2849 1948 2912 locis
2012 2868 2152 2911 non
2203 2848 2596 2932 publicata,
2646 2849 2994 2931 publicari
3043 2869 3206 2912 exe·

642 2957 1049 3039 cutionique
1097 2958 1510 3021 demandari
1562 2970 1779 3021 curet.

818 3064 907 3126 Et
954 3065 1215 3147 quique
1262 3086 1379 3128 res
1412 3086 1641 3148 prope
1688 3065 1993 3127 hominis
2029 3075 2314 3147 captum
2363 3074 2434 3127 et
2466 3065 2655 3127 vires
2703 3066 3058 3128 excedere
3108 3064 3204 3126 vi-

642 3174 848 3233 detur
911 3182 987 3234 ut
1049 3172 1362 3254 alioquin
1415 3172 1727 3235 divinum
1790 3172 2131 3235 auxilium
2179 3170 2247 3233 in
2299 3169 2625 3234 omnibus
2675 3182 2783 3233 est
2827 3170 3204 3252 imploran-

641 3279 827 3356 dum,
878 3278 1285 3360 impetravit
1333 3280 1597 3342 devota
1646 3290 1974 3343 ereatura
2020 3289 2260 3342 vestra
2308 3299 2439 3360 per
2481 3300 2646 3341 suas
2679 3278 3002 3341 dioceses
3051 3276 3208 3341 fieri

638 3385 961 3466 publicas
1010 3387 1565 3469 supplicationes
1598 3386 2117 3468 processioneS,
2169 3386 2512 3460 lectiones
2547 3384 2970 3465 litaniarum,
3019 3386 3204 3466 psal-

640 3512 909 3555 morum
959 3504 1030 3555 et
1076 3492 1146 3554 id
1197 3513 1424 3575 genus
1473 3494 1729 3576 quibus
1778 3504 2022 3574 sperat
2068 3494 2628 3574 promovendum
2691 3490 3020 3553 affectum
3087 3511 3206 3571 po-

638 3599 987 3679 pularium
1036 3601 1125 3662 ad
1176 3601 1727 3664 misericordiam
1778 3600 1914 3663 Dei
1965 3600 2527 3680 suscipiendam,
2578 3610 2648 3662 et
2701 3600 2792 3660 ad
2841 3596 3208 3660 iustiorem

640 3707 1009 3788 magisque
1061 3708 1533 3771 Christianam
1582 3708 1992 3790 opinionem
2041 3707 2491 3770 induendam.

815 3812 999 3878 Sunt
1044 3815 1298 3897 quibus
1344 3816 1785 3897 provinciale
1819 3814 2210 3878 Concilium
2254 3814 2651 3895 expediens
2699 3812 3081 3893 videretur,
3134 3820 3208 3875 et

637 3924 827 4002 quod
879 3920 1237 3985 Sanctitas
1288 3932 1526 3985 vestra
1574 3923 2043 3984 demandaret
2092 3920 2695 4003 Archiepiscopis,
2747 3929 2822 3982 ut
2883 3919 3208 3981 collectis

637 4028 943 4093 Prelatis
973 4049 1255 4093 suarum
1287 4030 1812 4111 provinciarum
1842 4028 1912 4091 in
1947 4048 2318 4090 commune
2344 4029 2830 4091 consultarent
2855 4027 2944 4087 de
2971 4026 3210 4089 causis

638 4146 709 4198 et
752 4138 1083 4203 remediis
1128 4137 1307 4199 tanti
1354 4138 1520 4199 mali
1566 4157 1722 4200 cum
1766 4134 2266 4198 testificatione
2315 4134 2502 4216 quod
2545 4132 2922 4196 Sanctitati
2964 4142 3207 4196 vestre

637 4243 804 4306 nihil
871 4244 1140 4325 gratius
1202 4244 1579 4325 obtingere
1643 4244 1870 4325 possit
1931 4262 2141 4324 quam
2206 4262 2379 4304 vera
2437 4260 2584 4323 pax
2643 4240 3206 4304 Christianorum

637 4353 969 4433 quodque
1016 4354 1106 4414 ad
1156 4373 1311 4415 eam
1359 4352 1938 4434 reintegrandam
1985 4370 2116 4432 pro
2160 4358 2463 4430 paterna
2510 4348 2776 4430 pietate
2826 4369 2907 4410 ac
2943 4346 3207 4411 affectu

637 4478 768 4540 pro
818 4458 1087 4521 viribus
1136 4467 1480 4522 conatura
1527 4468 1734 4521 esset.
1815 4458 2084 4519 Verum
2133 4477 2220 4519 ea
2252 4476 2368 4519 res
2413 4454 2873 4537 provincialis
2907 4454 3206 4517 Concilii

638 4565 940 4628 coeundi
972 4565 1231 4629 dictam
1261 4565 1677 4629 Sanctitatis
1725 4574 1964 4628 vestre
2014 4573 2410 4628 creaturam
2460 4561 2835 4626 sollicitam
2882 4570 3102 4625 tenet.

814 4672 1063 4754 Neque
1112 4684 1379 4738 temere
1429 4694 1671 4737 eorum
1720 4673 1840 4755 qui
1887 4672 1986 4735 ita
2035 4671 2350 4735 sentiunt
2396 4672 2865 4752 amplectetur
2925 4678 3200 4733 senten·

636 4778 806 4842 tiam
854 4780 987 4843 nisi
1036 4789 1383 4861 quatenus
1444 4781 1517 4842 id
1567 4778 1930 4845 Sanctitas
1993 4788 2236 4841 vestra
2283 4787 2562 4859 gratum
2613 4796 2770 4841 esse
2817 4796 2903 4839 ac
2951 4778 3044 4839 ab
3093 4796 3202 4839 ea-

640 4888 800 4959 dem
846 4887 1141 4975 probari
1190 4887 1633 4969 cognoverit.
