3575 5775
1335 547 1827 629 0—43365835

312 721 723 806 Apostolice
771 722 1159 786 auctoritas
1206 721 1277 784 in
1325 729 1675 803 perpetua
1723 715 1954 800 gloria
2002 720 2581 795 conservaretur,
2653 707 2862 796 queni

311 831 511 894 etiam
563 851 704 893 non
756 849 960 892 secus
1010 849 1095 892 ac
1141 848 1520 911 personam
1574 836 1885 889 nostram
1935 820 2317 885 Sanctitati
2382 830 2619 885 vestre
2683 840 2858 884 com-

314 939 738 1001 mendamus,
836 936 990 1018 Que
1038 936 1163 998 diu
1210 944 1281 998 et
1328 933 1733 997 felicissime
1783 941 2087 995 maneat.
2179 931 2441 992 Datum
2471 929 2541 992 in
2575 928 2864 991 civitate

314 1052 547 1106 nostra
594 1043 839 1124 Regia
888 1041 1373 1106 Stocholmen.
1482 1041 1695 1103 Anno
1764 1038 2027 1101 domini
2093 1034 2543 1117 MDXXIII,
2607 1033 2685 1096 X
2752 1033 2866 1095 die

316 1151 564 1214 mensis
611 1149 1079 1233 SeptembriS,
1129 1159 1372 1213 nostro
1422 1151 1553 1212 sub
1602 1147 1838 1229 sigillo

1426 1272 1711 1334 flussiflvuss
1750 1275 1853 1323 Dei
1893 1273 2064 1336 gratia
2099 1273 2386 1322 Succorum

1638 1376 1691 1418 et
1726 1368 2009 1431 gothorum
2050 1371 2190 1416 Rex.

521 1439 698 1488 Foris:
740 1441 841 1488 S'ffl‘
874 1443 997 1489 Dno
1036 1441 1149 1490 Nro
1191 1443 1353 1505 Pape.

1821 1513 1905 1560 De
1944 1511 2192 1558 mandato
2231 1506 2394 1556 serem*
2440 1508 2487 1556 d.
2530 1521 2584 1562 n.
2625 1505 2797 1569 Regis

1960 1597 2212 1667 Andron,
2251 1601 2579 1655 secretarius.

1382 1737 1794 1748 mmm

1520 1896 1667 1961 132.

772 2021 1118 2102 Erasmus
1174 2021 1687 2102 Roterodamus
1743 2021 1937 2102 Gard.
1997 2020 2389 2123 Campegio,

1143 2169 1347 2239 (Aeta
1391 2169 1719 2228 Wormao.
1775 2169 1890 2227 fol.
1927 2169 2058 2240 192.)

507 2313 577 2378 S.
630 2316 709 2378 P.
758 2315 909 2378 R¹¹¹⁰
954 2315 1281 2378 Domine.
1377 2317 1495 2378 Ad
1543 2316 1828 2378 lieteras
1875 2315 1970 2377 R.
2021 2315 2106 2380 D.
2155 2314 2234 2378 E.
2299 2335 2474 2397 quas
2521 2335 2663 2377 una
2717 2335 2876 2377 cum

336 2422 579 2485 Pacaei
644 2422 868 2485 nostri
929 2422 1195 2485 licteris
1244 2423 1527 2504 accepi,
1597 2443 1727 2505 per
1783 2424 2106 2484 morbum
2155 2443 2298 2484 non
2347 2422 2540 2485 licuit
2587 2443 2873 2505 respon-

334 2530 509 2609 dere,
558 2529 693 2592 nisi
742 2531 932 2611 quod
980 2540 1124 2592 tum
1176 2550 1407 2612 pauca
1455 2529 1718 2592 dictavi
1767 2529 2031 2592 famulo
2081 2531 2173 2592 ad
2223 2530 2643 2610 Pacaeeum,
2693 2550 2875 2612 quae

335 2635 449 2698 tibi
496 2637 551 2700 si
614 2639 1059 2700 commodum
1126 2648 1315 2699 esset
1382 2635 1954 2699 communicaret.
2064 2635 2400 2698 Animum
2463 2635 2673 2699 istum
2731 2646 2877 2699 tam

336 2742 639 2825 amicum,
691 2755 762 2806 et
810 2745 1185 2806 candidum
1238 2763 1398 2826 eg0,
1430 2755 1506 2804 ut
1540 2744 1794 2823 debe0,
1845 2743 2224 2805 exosculor
2271 2742 2498 2824 unice,
2549 2743 2878 2826 daboque

337 2872 631 2934 operam,
680 2862 757 2914 ut
803 2851 904 2914 illi
953 2871 1085 2934 pro
1132 2850 1405 2913 viribus
1453 2851 1956 2931 respondeant.
2051 2849 2284 2913 Unam
2321 2849 2666 2932 epistolae
2714 2858 2876 2915 tuae

340 2960 741 3039 particulam
808 2980 951 3022 non
1016 2959 1185 3021 satis
1251 2958 1775 3041 intelligebam,
1845 2957 1915 3019 in
1987 2978 2126 3039 qua
2187 2956 2436 3020 scribis
2495 2979 2607 3022 me
2677 2958 2876 3039 scire,

342 3066 495 3145 quid
542 3066 749 3129 isthic
798 3076 1163 3148 ageretur,
1214 3067 1439 3129 Paulo
1488 3077 1653 3147 post
1700 3086 1791 3129 ex
1841 3064 2335 3146 Noremberga
2393 3065 2650 3127 missae
2721 3076 2882 3127 sunt

340 3174 423 3233 ad
470 3194 574 3236 me
624 3192 854 3235 novae
902 3171 1209 3235 stunz‘cae
1266 3172 1794 3235 conclusiones:
1866 3179 1937 3233 et
2000 3182 2288 3253 praeter
2346 3172 2476 3234 has
2534 3172 2882 3254 promittit

340 3290 473 3341 tres
516 3281 827 3361 libellos,
895 3300 1073 3362 quos
1138 3280 1401 3341 vetitus
1451 3281 1711 3342 aedere
1760 3288 2001 3341 vestra
2049 3284 2120 3340 et
2167 3276 2533 3341 Pontificis
2583 3279 2883 3344 Adriani

342 3388 767 3451 auctoritate.
860 3388 971 3450 De
1004 3388 1139 3450 hoc
1175 3388 1499 3469 suspicor
1546 3386 1853 3449 sensisse
1902 3396 2093 3448 tuam
2129 3384 2524 3466 epistolam,
2578 3387 2884 3451 demirer
2979 3388 2982 3393 ’

343 3495 625 3557 hominis
690 3495 1079 3557 audaciam.
1193 3494 1508 3556 Exorsus
1576 3504 1729 3556 erat
1793 3495 1978 3555 hanc
2035 3492 2349 3555 fabulam
2416 3496 2548 3555 sub
2619 3494 2882 3575 Leone,

346 3620 465 3664 nec
520 3602 843 3684 profecit.
936 3602 1219 3665 Rursus
1283 3620 1368 3663 eo
1436 3610 1713 3663 mortuo
1730 3649 1749 3683 ,
1814 3620 2026 3681 quum
2087 3601 2354 3663 rediret
2415 3602 2507 3663 ad
2570 3610 2885 3665 veterem

344 3705 671 3788 fabulam,
740 3708 1003 3771 vetitus
1062 3707 1316 3771 iterum
1372 3716 1587 3789 atque
1652 3707 1910 3769 iterum
1972 3708 2250 3770 aedicto
2318 3718 2580 3789 vestro,
2644 3708 2883 3772 furtim

347 3814 560 3877 emisit
588 3836 801 3877 unum
837 3827 1050 3896 atque
1086 3817 1381 3878 alterum
1414 3815 1765 3878 libellum:
1816 3814 2098 3877 Rursus
2131 3818 2322 3897 apud
2355 3816 2752 3879 Adrianum
2782 3816 2886 3879 VI

349 3920 511 4001 egit,
560 3932 631 3984 ut
679 3923 929 3985 liceret
978 3923 1239 3986 aedere
1288 3921 1458 3985 treis
1508 3922 1665 3984 illos
1714 3922 2026 4003 libellos,
2075 3920 2146 3983 in
2197 3922 2449 4003 quibus
2499 3923 2888 3986 declaravit

348 4038 665 4107 quantum
716 4029 943 4111 possit
988 4028 1254 4092 insanis
1284 4029 1651 4100 conviciis;
1702 4029 1821 4091 ille
1863 4030 2309 4110 pernegavit,
2359 4049 2541 4092 nunc
2573 4029 2645 4092 in
2678 4030 2885 4093 inter-

349 4154 577 4217 regno,
624 4137 831 4199 vobis
882 4138 969 4198 de
1017 4157 1207 4199 novo
1255 4135 1603 4199 Pontifice
1652 4136 2180 4218 satagentibUS,
2240 4136 2468 4200 emisit
2514 4158 2677 4200 suas
2727 4158 2886 4201 con-

350 4242 677 4307 clusiones
742 4245 957 4325 plane
1030 4243 1602 4327 sycophanticaS.
1714 4242 1826 4305 De
1892 4243 2148 4325 quibus
2207 4246 2420 4326 plane
2493 4244 2739 4308 dubito
2799 4266 2890 4309 an

351 4346 477 4409 sint
524 4346 879 4413 Stunicae.
972 4348 1315 4432 Suspicor
1348 4372 1503 4413 esse
1538 4350 1833 4413 alicuius
1867 4350 2239 4431 lutherani,
2288 4350 2406 4432 qui
2439 4354 2554 4415 vel
2589 4353 2891 4416 voluerit

350 4472 451 4515 me
497 4454 565 4518 in
610 4468 853 4539 partes
901 4477 1065 4521 suas
1099 4459 1535 4539 pertrahere,
1587 4460 1700 4521 vel
1732 4458 1999 4539 ulcisci,
2047 4458 2116 4520 in
2167 4460 2434 4521 nullum
2483 4460 2615 4522 nisi
2663 4459 2892 4543 magis

352 4558 661 4645 fremunt,
710 4584 921 4646 quam
972 4564 1037 4626 in
1091 4586 1223 4644 me,
1274 4566 1385 4629 cui
1419 4564 1539 4626 uni
1572 4564 1942 4646 imputant,
1992 4566 2184 4645 quod
2212 4586 2355 4629 non
2402 4568 2615 4648 plane
2658 4567 2890 4631 trium-

354 4668 558 4745 phent
582 4691 999 4753 quamquam
1028 4673 1339 4734 nondum
1365 4671 1779 4735 abiecerunt
1807 4691 2004 4752 spem
2029 4671 2392 4735 victoriae.
2421 4672 2628 4753 Quod
2657 4674 2716 4736 si
2737 4672 2893 4737 Stu-

356 4774 541 4838 nicae
570 4788 747 4859 sunt,
791 4800 931 4842 non
968 4779 1202 4860 miror,
1238 4800 1449 4861 quum
1482 4778 1603 4841 illo
1637 4778 1705 4840 in
1740 4776 1887 4841 Sua
1919 4778 2268 4861 Hispania
2300 4800 2581 4863 semper
2609 4782 2894 4845 habitus

355 4880 437 4942 sit
475 4903 607 4965 pro
648 4884 844 4949 fatuo
873 4936 890 4967 ,
954 4898 1023 4948 et
1086 4887 1249 4949 libri
1318 4886 1622 4949 hominis
1694 4886 1864 4948 satis
1925 4888 2290 4949 declarent
2339 4908 2496 4951 eum
2545 4909 2685 4951 non
2736 4908 2894 4951 esse

404 5008 555 5060 Euan,
578 5010 860 5052 Documenta
879 5012 1158 5052 Luthorana.
2505 4992 2577 5046 ‘20
