3575 5775
1700 621 2196 680 &moe—o

668 764 1027 850 intelligit.
1116 770 1297 835 Nam
1343 781 1417 835 et
1465 792 1832 853 expensae
1879 791 2010 855 per
2071 792 2183 834 me
2244 770 2536 834 habitae
2598 770 2666 833 in
2699 794 2706 801 ·
2734 770 3234 853 impetratione

666 875 937 955 Judicis
955 925 977 957 ,
1034 877 1107 943 in
1156 878 1527 957 citatione,
1584 879 1653 942 in
1702 898 2046 962 processu
2093 877 2498 958 iudiciariO,
2560 898 2803 943 omnes
2863 889 3031 941 sunt
3071 898 3234 959 per-

670 983 859 1049 ditae
908 1004 1039 1066 per
1070 984 1484 1051 huiusmodi
1552 985 2121 1066 revocationem,
2169 985 2527 1065 similiter,
2591 995 2662 1049 et
2721 986 2930 1049 labor
2977 984 3236 1056 omnis:

670 1098 743 1153 et
788 1100 867 1152 ut
912 1091 1157 1158 maiori
1208 1109 1617 1175 exponet-er
1664 1093 2008 1173 ludibrio,
2071 1114 2182 1157 me
2231 1096 2598 1157 absentem
2651 1091 3066 1155 Curtisanus
3112 1090 3237 1155 ille

670 1196 915 1262 citavit
962 1197 1032 1259 in
1084 1200 1318 1263 valvis
1361 1198 1745 1266 Ecclesiae.
1839 1200 2102 1265 Merito
2151 1199 2542 1280 excandui,
2591 1220 2748 1263 cum
2796 1199 2948 1263 heri
2997 1219 3236 1263 rever-

670 1324 787 1369 sus
834 1304 955 1369 illa
1004 1305 1351 1372 relatione
1400 1307 1783 1371 amicorum
1831 1307 2338 1391 intelligerem;
2399 1308 2528 1371 sed
2591 1307 2793 1371 huius
2840 1306 2944 1370 rei
2991 1324 3240 1369 curam

668 1408 740 1475 S.
776 1410 855 1478 T.
890 1412 1237 1493 Datari0,-·
1258 1425 1380 1477 aut
1408 1414 1620 1477 alicui
1651 1414 1858 1479 alteri
1890 1415 2312 1489 committat3
2361 1424 2653 1497 paratus
2686 1434 2838 1477 sum
2867 1412 3238 1494 suscipere

666 1516 1035 1596 iustitiam,
1096 1522 1309 1583 modo
1368 1517 1445 1587 S.
1510 1520 1589 1585 T.
1654 1522 2045 1585 committat
2091 1542 2410 1595 causam;
2457 1521 2690 1601 Judici
2752 1520 2822 1583 in
2889 1520 3240 1603 partibuS,

670 1624 786 1706 qui
834 1627 1063 1707 possit
1116 1642 1248 1709 per
1292 1636 1513 1693 testes
1562 1629 1883 1693 oculatos
1931 1629 2304 1693 veritatem
2337 1628 2671 1712 experiri,
2705 1636 2826 1691 aut
2853 1628 2914 1691 si
2942 1627 3236 1691 omnino

669 1732 953 1800 Romae
1018 1735 1535 1816 experiendum
1610 1746 1719 1801 est
1780 1738 1871 1800 de
1934 1738 2126 1817 iure,
2183 1757 2328 1801 non
2397 1736 2763 1819 permittat
2835 1732 2906 1799 S.
2975 1736 3060 1797 T.
3121 1754 3236 1797 me

668 1840 927 1921 rotari,
992 1843 1119 1903 sed
1178 1842 1569 1907 committat
1614 1844 1827 1907 alicui
1895 1864 1986 1907 ex
2035 1842 2686 1907 Reverendissimis
2735 1840 3242 1905 Cardinalibus

668 1948 757 2021 D.
808 1947 1125 2015 Antonio
1166 1952 1265 2013 -de
1312 1950 1581 2032 Monte,
1652 1960 1773 2013 aut
1821 1952 1910 2015 D.
1959 1952 2178 2015 Petro
2227 1950 2714 2031 AnconitanO,
2775 1960 2900 2013 aut
2955 1950 3041 2012 D.
3093 1948 3240 2012 Do·

669 2053 927 2119 minico
994 2058 1083 2125 de
1144 2057 1573 2138 JacobatiiS,
1656 2058 1775 2139 qui
1837 2058 2322 2141 appellatione
2385 2066 2660 2121 remota
2721 2056 3104 2121 summarie
3167 2064 3241 2118 et

671 2161 1083 2245 simpliciter
1132 2175 1521 2247 cognoscat
1570 2166 1661 2229 de
1710 2166 2058 2247 equitate,
2121 2173 2196 2227 et
2253 2163 2520 2227 iustitia
2567 2183 2843 2227 causae.
2939 2160 3016 2225 Si
3065 2161 3237 2227 fide·

672 2268 833 2338 liter
880 2270 1237 2335 servirem·
1270 2272 1556 2337 minimo
1606 2272 1864 2351 nobili,
1913 2272 2034 2335 ille
2081 2271 2475 2353 susciperet
2520 2292 2632 2335 me
2681 2270 3236 2348 defendendum,

672 2385 939 2456 quanto
989 2378 1215 2459 magis
1278 2377 1396 2445 Se.
1460 2380 1599 2461 Ap.
1662 2379 1781 2443 cui
1839 2379 1976 2443 iam
2037 2388 2146 2441 tot
2204 2377 2406 2441 annis
2467 2376 2874 2441 fidelissime
2921 2396 3082 2441 cum
3133 2384 3240 2439 tot

670 2482 1057 2563 laboribus,
1110 2494 1184 2547 et
1227 2485 1563 2566 periculis
1612 2486 1911 2565 servivi,
1975 2506 2115 2549 non
2174 2485 2530 2566 relinquat
2589 2506 2702 2547 me
2763 2484 3238 2547 indefensum.

672 2585 746 2654 S.
781 2589 859 2655 T.
892 2592 1157 2659 habeat
1190 2592 1565 2674 negocium
1613 2591 1781 2656 fidei
1816 2594 2402 2673 commendatum,
2436 2592 2604 2657 licet
2633 2591 2982 2657 Catholici
3009 2592 3240 2655 ferme

672 2715 917 2766 omnes
944 2698 1327 2779 desperent
1351 2700 1667 2765 haeresis
1692 2699 2246 2782 extirpationem
2275 2699 2408 2763 nisi
2447 2698 2711 2763 Caesar
2743 2720 2872 2763 sua
2904 2718 3237 2780 praesen-

673 2802 771 2868 tia
818 2803 1101 2871 iuverit.·
1189 2807 1383 2871 Deus
1434 2804 1599 2890 opt.
1650 2806 1845 2871 Max,
1895 2804 1963 2869 S.
2013 2806 2091 2869 T.
2144 2816 2445 2888 tueatur,
2495 2826 2577 2869 ac
2628 2806 2910 2889 dirigat.

848 2911 1271 2993 Ingolstadii
1319 2914 1561 2978 XVII.
1610 2913 2056 2996 Septembris
2103 2917 2320 2978 Anno
2367 2915 2642 2997 gratiae
2690 2914 3094 2978 MDXXV.

994 3017 1067 3086 S.
1116 3021 1195 3084 T.

2507 3127 2852 3178 numillimus
2892 3129 3130 3178 Servitor

2641 3216 2719 3278 lu.
2757 3215 2986 3278 Rekita.

1879 3627 2029 3694 256.

1077 3755 1492 3838 willelmus
1547 3756 1929 3837 Palatinus
1983 3753 2220 3836 Rheni
2275 3753 2618 3834 Clementi
2673 3754 2829 3834 VII.

1524 3911 1689 3978 (mit.
1724 3911 2048 3985 Principum
2084 3909 2128 3968 1.
2165 3909 2255 3969 fol.
2297 3909 2400 3979 51.)

1706 4054 1811 4106 (24.
1850 4043 1995 4105 Sept.
2041 4041 2209 4101 1525.)

855 4183 1225 4262 Neminem
1272 4183 1618 4266 praeterit
1664 4183 1746 4248 B.
1799 4183 1879 4245 P.
1943 4181 2233 4264 dignum
2295 4179 2452 4243 fore
2519 4191 2591 4243 et
2637 4179 2894 4244 rationi
2943 4200 3231 4243 consen·

678 4299 998 4369 taneum,
1063 4301 1139 4354 ut
1200 4311 1355 4370 eos,
1423 4289 1541 4372 qui
1611 4290 1860 4352 sedula
1925 4288 2132 4351 nobis
2195 4286 2566 4368 vigilantia
2629 4287 3059 4367 inserviunt,
3122 4307 3235 4349 ve-

678 4400 1047 4462 hementer
1080 4417 1363 4478 quoque
1392 4396 1760 4460 favoribus
1793 4415 2332 4478 prosequamur,
2357 4414 2437 4456 ac
2472 4393 2808 4457 molestiis
2857 4394 3230 4476 presertim

678 4503 1016 4567 indebitis
1063 4506 1399 4567 levemus.
1495 4502 1703 4583 Quod
1768 4500 2030 4565 Sedem
2091 4501 2583 4582 Apostolicam
2644 4501 2763 4562 ubi
2819 4500 3236 4582 benignissi-

682 4631 863 4674 mam
932 4631 1013 4672 ac
1100 4609 1485 4691 piissimam
1564 4609 1753 4673 circa
1821 4630 1989 4671 suos
2069 4606 2451 4670 servitores
2520 4607 2767 4670 sedulo
2853 4610 3238 4672 observare

682 4737 823 4780 non
896 4715 1335 4796 dubitamuS,
1419 4737 1636 4797 quare
1720 4715 1999 4778 facilius
2070 4715 2377 4777 animum
2447 4713 2852 4778 induximus
2923 4727 3235 4778 nostrum

682 4844 813 4906 pro
872 4824 1067 4887 fideli
1140 4835 1382 4887 nostro
1439 4835 1535 4888 'et
1618 4823 1823 4886 nobis
1891 4823 2150 4887 dilecto
2208 4822 2532 4902 Johanne
2592 4821 2815 4884 Echio
2878 4821 3234 4885 ordinario

684 4932 1099 4996 Professore
1150 4943 1221 4995 et
1269 4953 1399 5015 pro
1450 4931 1891 4996 Cancellario
1957 4929 2168 4992 studii
2229 4929 2449 4992 nostri
2496 4927 2854 5011 generalis
2901 4927 3228 5010 ingolsta-
