3575 5775
1352 576 1469 631 0-<23
1546 575 1652 632 269
1729 573 1848 629 ΕΡ-<’

332 731 390 783 ut
423 721 817 784 novissime
850 721 1329 784 renuntiatum
1361 731 1490 801 est,
1538 724 1629 785 ab
1666 723 1918 784 eodem
1951 722 2143 784 clero
2179 720 2604 785 erfordiensi
2638 721 2880 783 decem

332 828 513 890 milia
572 849 947 891 aureorum
995 827 1440 891 Renensium
1503 848 1658 891 cum
1707 837 2054 910 perpetua
2110 829 2570 892 ecclesiarum
2617 827 2882 890 ibidem

332 935 589 998 iactura
630 956 762 1016 per
808 935 1221 998 violentiam
1270 945 1747 1014 extorserunt,
1798 956 1882 998 ac
1932 938 2311 1017 plerosque
2363 955 2452 996 ex
2501 934 2883 996 sacerdoti-

330 1045 437 1106 bus
503 1042 750 1124 oppidi
797 1042 868 1104 in
920 1042 1207 1104 exilium
1258 1052 1578 1124 egerunt.
1676 1043 1795 1104 Ad
1827 1044 2009 1105 haec
2057 1041 2481 1104 sediciosum
2531 1041 2884 1123 quendam

334 1150 895 1213 concionatorem
929 1148 1397 1230 professionis
1432 1148 1677 1213 Sancti
1710 1149 2100 1232 Augustini
2149 1149 2267 1230 qui
2315 1158 2566 1211 contra
2615 1146 2884 1210 Sancti-

337 1257 483 1321 tatis
516 1257 607 1320 V.
658 1256 1101 1320 maiestatem
1150 1265 1399 1320 contra
1443 1256 1701 1320 dictam
1752 1266 2150 1319 creaturam
2197 1264 2508 1318 vestram
2557 1275 2641 1318 ac
2690 1254 2886 1319 cleri-

342 1368 543 1428 calem
574 1373 836 1427 statum
872 1374 944 1426 et
990 1363 1414 1445 dignitatem
1461 1364 1789 1427 viliorem
1839 1365 2124 1445 plebem
2173 1362 2441 1426 tristius
2489 1362 2754 1442 incitat,
2806 1381 2888 1424 ac

344 1473 417 1532 ad
456 1472 833 1554 perfidiam
880 1471 1171 1553 pellicet
1220 1474 1410 1553 apud
1460 1493 1537 1534 se
1585 1472 1804 1536 fovet.

494 1613 983 1697 Magdeburgi
1046 1621 1423 1695 praeterea
1482 1613 1779 1695 singulis
1827 1613 1981 1676 fere
2030 1613 2357 1676 noctibus
2407 1615 2624 1676 aedes
2674 1622 2744 1674 et
2792 1614 2886 1674 fe·

346 1731 597 1784 uestras
647 1722 1093 1783 sacerdotum
1130 1721 1385 1783 aemuli
1426 1721 1709 1802 quidam
1741 1721 2246 1802 perfregerunt
2281 1729 2350 1782 et
2385 1719 2688 1782 interdiu
2724 1740 2887 1801 quo-

345 1847 460 1908 que
524 1829 679 1890 ausi
745 1827 1033 1893 fuerunt
1093 1828 1377 1890 ianuam
1435 1827 1828 1890 sacerdotis
1877 1828 2242 1890 cuiusdam
2291 1827 2582 1890 violare.
2678 1828 2888 1889 Prae-

344 1946 516 1998 terea
590 1935 895 2018 exigunt
963 1935 1227 2016 passim
1295 1957 1336 1996 a
1408 1935 1899 1997 sacerdotibus
1969 1943 2045 1997 ut
2113 1956 2190 1997 se
2237 1933 2598 1996 fateantur
2645 1933 2890 1996 favere

344 2041 629 2104 Mai-tino
658 2041 974 2104 Luthero
1026 2051 1096 2104 et
1131 2041 1201 2103 id
1250 2061 1479 2123 genus
1528 2043 2008 2105 molestiarum
2057 2041 2446 2104 intulerunt
2477 2043 2692 2120 cler0,
2743 2042 2888 2123 plu·

344 2149 569 2212 rimutn
619 2147 809 2211 dicta
858 2160 1097 2211 tamen
1144 2159 1471 2212 creatura
1518 2160 1758 2212 vestra
1809 2149 1958 2232 egit
2005 2160 2081 2211 ut
2129 2158 2705 2232 compesceretur
2752 2149 2890 2210 iam

344 2255 635 2337 gliscens
681 2257 1020 2318 tumultus
1069 2275 1151 2317 ac
1202 2256 1661 2338 insigniorem
1713 2257 1864 2319 eius
1925 2257 2338 2338 tragaediae
2389 2267 2752 2319 auctorem
2801 2255 2893 2318 ad

346 2365 568 2427 turrim
619 2363 819 2426 dedit
864 2362 963 2424 ita
1009 2374 1085 2425 ut
1132 2384 1317 2426 nunc
1368 2365 1603 2446 aliqua
1650 2365 2126 2448 tranquillitas
2176 2364 2380 2427 adsit.

504 2490 747 2571 Lipsie
798 2488 1065 2551 ordinis
1116 2489 1456 2552 minorum
1494 2489 2076 2553 concionatorum
2113 2499 2181 2552 et
2215 2490 2394 2552 alius
2428 2487 2696 2551 ordinis
2745 2486 2890 2548 divi

350 2596 712 2678 Augustini
760 2595 1245 2680 Magdeburgi
1308 2598 1591 2660 nomine
1654 2598 2031 2662 islebensis
2096 2599 2382 2680 publice
2451 2601 2540 2660 de
2588 2599 2893 2658 ambone

346 2705 564 2767 testati
633 2715 797 2767 sunt
859 2726 1017 2768 cum
1067 2705 1401 2788 lacrymis
1450 2725 1527 2768 se
1576 2707 1922 2768 hactenus
1972 2705 2300 2767 docuisse
2333 2725 2611 2766 errores
2654 2712 2725 2765 et
2774 2701 2893 2764 im-

349 2831 686 2893 pugnasse
737 2811 1161 2875 catholicum
1223 2813 1452 2875 virum
1500 2812 1916 2895 Martinum,
1969 2811 2496 2893 miserabilique
2547 2831 2726 2872 voce
2775 2809 2895 2872 im-

346 2922 699 2999 plorarunt
760 2922 1100 3003 populum
1166 2922 1256 2981 ad
1328 2920 1913 2983 intercedendum
1985 2921 2174 3001 apud
2227 2920 2454 2981 Deum
2505 2938 2636 2999 pro
2687 2917 2898 2979 venia

348 3036 523 3089 tante
570 3026 977 3107 impietatis,
1030 3048 1256 3109 eoque
1305 3027 1469 3089 fuco
1519 3027 1655 3089 sibi
1687 3012 2066 3089 maximum
2099 3045 2516 3089 concursum
2551 3024 2896 3086 fecerunt.

348 3134 486 3195 'sali
532 3133 825 3215 ingenio
874 3154 989 3196 res
1030 3134 1264 3215 agitur
1316 3145 1387 3196 et
1417 3135 1516 3197 sic
1550 3133 1996 3197 insanissima
2030 3134 2263 3196 studia
2295 3132 2492 3215 vulgi
2521 3135 2897 3195 vehemen-

350 3240 471 3303 tius
512 3240 983 3305 inflamantur.

510 3374 941 3441 Sacerdotes
989 3376 1309 3438 nonnulli
1370 3396 1633 3439 uxores
1695 3378 2096 3447 duxerunt;
2173 3395 2430 3455 nempe
2482 3374 2896 3454 Archipres·

348 3482 519 3545 biter
560 3484 633 3547 in
686 3484 1068 3565 Komberg
1116 3483 1385 3564 oppido
1418 3482 1724 3544 'ditionis
1788 3481 2246 3545 Illustrissimi
2315 3481 2534 3543 Ducis
2584 3478 2899 3543 Saxonie

350 3588 683 3654 Electoris
754 3590 823 3652 in
890 3589 1075 3652 facie
1134 3589 1497 3653 Ecclesiae
1570 3589 2086 3651 matrimonium
2158 3589 2448 3669 publice
2523 3587 2901 3668 contraxit,

350 3697 530 3759 cuius
600 3709 839 3761 tamen
905 3696 1246 3778 puniendi
1326 3705 1645 3776 potestas
1720 3716 1862 3757 non
1913 3698 2120 3757 datur
2199 3702 2524 3757 creature
2595 3703 2900 3758 vestrae.

354 3804 538 3866 Alius
585 3813 873 3867 curatus
923 3804 1206 3885 quidam
1259 3805 1390 3865 sub
1441 3802 1707 3865 ditione
1757 3812 2109 3865 certorum
2147 3802 2494 3865 Comitum
2547 3803 2634 3863 de
2669 3800 2900 3863 Mans-

352 3910 469 3972 felt
525 3911 703 3973 citra
766 3920 1002 3973 tamen
1067 3910 1583 3973 solemnitatem
1650 3931 1806 3971 cum
1869 3909 2116 3971 infami
2181 3909 2472 3971 muliere
2521 3907 2901 3987 contraxit,

352 4036 543 4097 quem
590 4017 822 4080 dictus
872 4017 1197 4080 dominus
1246 4020 1588 4081 Albertus
1623 4016 2022 4079 Cardinalis
2057 4017 2120 4077 in
2178 4016 2477 4079 vinculis
2509 4024 2578 4077 et
2613 4036 2898 4077 carcere

352 4125 643 4197 detinet:
695 4126 939 4188 statuit
985 4135 1223 4187 tamen
1278 4126 1579 4187 eundem
1628 4124 1687 4187 si
1737 4144 2052 4187 errorem
2101 4144 2299 4186 suum
2335 4120 2713 4205 agnoverit
2761 4121 2898 4183 adi-

352 4240 497 4292 ecta
542 4232 779 4313 aliqua
826 4233 1480 4311 animadversione,
1545 4254 1700 4295 cum
1767 4234 2058 4313 aliquod
2122 4232 2306 4293 inter
2369 4251 2536 4294 suos
2597 4231 2766 4293 boni
2814 4230 2904 4293 sit

356 4338 657 4419 nominiS,
707 4340 798 4399 ad
850 4340 1257 4401 eorumdem
1310 4340 1656 4402 Comitum
1715 4338 2308 4420 supplicationem
2377 4350 2448 4400 et
2495 4337 2904 4399 instantiam

356 4446 829 4527 emancipare:
894 4446 1469 4527 quandoquidem
1536 4446 1745 4507 valde
1815 4455 2292 4527 opportunum
2353 4445 2722 4509 videretur
2785 4444 2903 4505 ubi

360 4551 809 4635 resipisceret,
857 4562 1301 4631 retractaret,
1353 4565 1424 4614 et
1473 4554 1948 4615 detestaretur
1981 4550 2258 4614 facinus
2292 4552 2762 4633 designatum,
2812 4552 2905 4613 ad

358 4662 898 4740 compescendos
956 4660 1167 4739 alios,
1231 4660 1348 4741 qui
1417 4681 1507 4721 ex
1571 4680 1656 4721 eo
1719 4660 2162 4721 incarcerato
2213 4678 2546 4740 magnum
2597 4658 2904 4720 animum

360 4766 739 4849 ardensque
788 4767 1095 4830 studium
1143 4767 1233 4828 ad
1283 4787 1397 4829 res
1447 4769 1820 4829 novandas
1868 4765 2150 4828 iamiam
2200 4766 2618 4847 concepisse
2665 4765 2903 4827 viden-

361 4884 480 4933 tur.
571 4872 999 4955 Expectabit
1065 4884 1302 4937 tamen
1360 4895 1574 4955 super
1622 4875 1756 4937 hoc
1808 4874 2214 4935 mandatum
2269 4870 2682 4936 Sanctitatis
2730 4872 2901 4935 Ves-
