3575 5775
1520 609 2014 672 0-<2485e4

472 761 616 830 tior
662 785 852 846 sum,
924 783 1133 848 quam
1188 783 1499 846 unquam
1572 783 1817 826 eorum
1877 761 2224 846 perfidiae
2289 761 2779 846 subscribere,
2843 760 3050 829 sicuti

473 873 1115 937 Reverendissimo
1208 872 1509 936 Domino
1596 869 1957 934 Cardinali
2045 870 2436 953 Campegio
2510 872 2582 935 in
2673 873 3051 955 Hungaria

475 979 897 1044 Sanctitatis
945 980 1252 1042 Vestrae
1300 979 1605 1060 Legat0‚
1655 979 1744 1040 de
1795 977 2049 1058 studio,
2101 977 2473 1059 diligentia
2521 990 2594 1042 et
2623 999 2845 1061 opera
2893 1001 3051 1044 mea

474 1090 611 1149 hoc
658 1086 733 1150 in
764 1085 1069 1168 negocio
1102 1085 1459 1164 adhibitis,
1505 1083 1729 1147 lacius
1778 1091 2094 1158 constat3
2143 1085 2466 1166 supplico
2502 1085 2742 1167 itaque
2777 1084 3046 1150 Sancti-

474 1193 609 1256 tati
638 1193 961 1276 Vestrae,
1004 1203 1270 1274 quanta
1295 1211 1580 1274 possum
1606 1191 2022 1271 humilitate,
2051 1189 2406 1254 Sanctitas
2425 1191 2688 1256 Vestra
2713 1193 3051 1274 dignetur

476 1303 765 1364 tandem
817 1300 1147 1367 clementi
1197 1311 1542 1382 paternae
1591 1297 1881 1381 pietatis
1930 1299 2135 1361 oculo
2183 1300 2368 1362 hanc
2417 1299 2756 1363 diocesim
2799 1319 3052 1380 meam,

474 1407 692 1470 immo
740 1427 936 1470 suam
988 1407 1403 1488 benigniter
1448 1406 1829 1487 respicere.
1941 1405 2122 1468 Nam
2173 1425 2257 1468 eo
2307 1427 2422 1469 res
2471 1409 2783 1470 nondum
2832 1407 3049 1487 venit,

475 1528 557 1575 ut
606 1515 693 1576 de
726 1513 1195 1576 restauranda
1234 1513 1587 1593 religione
1636 1533 1804 1594 spes
1854 1512 2080 1576 omnis
2129 1515 2370 1576 ablata
2418 1513 2529 1594 sit,
2579 1513 3046 1595 racionesque

479 1629 923 1702 opportunas
970 1620 1178 1682 huius
1225 1622 1505 1702 amplae
1556 1619 1920 1701 dyocesis,
1971 1619 2347 1682 Romanae
2396 1617 2570 1683 Sedi
2633 1621 3051 1684 retinendae

478 1735 754 1788 mature
820 1725 1001 1789 inire
1063 1735 1441 1808 antequam
1510 1746 1789 1789 errores
1837 1726 1935 1788 hii
1981 1725 2053 1789 in
2101 1726 2334 1790 vicina
2374 1747 2602 1809 regna
2633 1727 3051 1810 Hungariae

481 1833 873 1895 Bohemiae
922 1834 1267 1896 Poloniae
1317 1845 1389 1896 et
1437 1844 1721 1896 caetera
1791 1844 2083 1916 serpant
2144 1837 2445 1917 posthac
2507 1855 2865 1916 nunquam
2935 1855 3050 1898 ex-

481 1939 881 2022 tinguendi.
980 1939 1093 2005 Ob
1140 1941 1215 2003 id
1264 1941 1448 2004 enim
1507 1939 1917 2003 Sanctitatis
1965 1941 2272 2004 Vestrae
2339 1961 2776 2024 magnopere
2842 1941 3050 2004 inter-

483 2068 645 2116 esse
706 2048 1100 2128 videretur‚
1166 2068 1376 2130 quarn
1438 2049 1739 2129 primum
1802 2047 1964 2111 huic
2031 2051 2216 2111 malo
2283 2050 2448 2111 dum
2505 2069 2755 2111 recens
2819 2049 3052 2111 adhuc

482 2165 595 2218 est
642 2155 930 2217 obviam
977 2156 1101 2217 ire.
1196 2155 1276 2216 Id
1327 2156 1519 2236 quod
1566 2175 1698 2236 pro
1749 2155 1993 2217 debito
2025 2176 2185 2217 meo
2217 2155 2686 2218 Sanctitatem
2722 2155 3052 2218 Vestram

486 2262 739 2324 iterum
800 2261 1119 2325 officiose
1182 2260 1376 2325 nolui
1438 2264 1693 2325 celare.
1804 2261 2183 2325 Sanctitati
2240 2262 2545 2325 Vestrae
2611 2263 2909 2344 perinde
2977 2283 3060 2326 ac

484 2369 1035 2432 clementissimo
1070 2369 1377 2432 Domino
1426 2389 1583 2431 meo
1638 2389 1745 2430 me
1796 2369 2325 2432 devotissimam
2375 2369 2738 2432 euiusdem
2789 2381 3056 2433 creatu-

480 2497 635 2538 ram
681 2476 1069 2539 humillime
1119 2478 1557 2539 commendO.

662 2584 826 2647 Dat.
878 2581 1297 2646 Otmuchaw
1348 2583 1461 2645 die
1512 2582 1881 2663 Vigesima
1939 2593 2196 2646 octava
2261 2583 2530 2647 Mensis
2592 2584 2782 2664 Junii
2845 2585 3058 2647 Anno

484 2690 771 2753 Domini
818 2691 1222 2755 MDXXV.

664 2797 999 2860 Eiusdem
1049 2796 1466 2860 Sanctitatis
1514 2795 1842 2859 Vestrae.

2092 2906 2449 2954 Devotissima
2485 2906 2738 2955 Creatura

1838 2992 2080 3055 lacobus
2120 2998 2417 3061 Episcopus
2457 2997 2903 3049 VratislaviensiS.

1574 3155 1921 3167 Amat-‘summ
1934 3155 1987 3166 mlx

1694 3352 1846 3419 226.

1002 3470 1393 3571 Episcopus
1450 3468 1914 3549 Tridentinus
1970 3469 2316 3550 Clementi
2369 3469 2527 3553 VII.

1400 3615 1601 3689 (Epist.
1638 3615 1820 3674 Primo.
1855 3615 1958 3674 111.
1995 3616 2136 3685 185.)

1520 3733 1593 3803 (1.
1632 3735 1764 3800 Julii
1811 3734 1984 3797 1525.)

661 3860 1022 3924 Sanctitas
1080 3860 1342 3922 Vestra
1415 3858 1663 3921 debuit
1724 3859 1864 3921 iam
1941 3858 2307 3940 accepisse
2380 3861 2768 3924 cuiusmodi
2833 3860 3047 3923 fuerit

482 3988 903 4051 responsum
954 3969 1143 4049 quod
1195 3964 1704 4029 Serenissimus
1752 3966 2092 4047 princeps
2143 3968 2536 4030 declaravit
2583 3967 3050 4049 popularibus

481 4076 687 4139 huius
732 4074 1126 4138 Comitatus
1175 4093 1389 4154 super
1437 4071 1772 4154 querellis
1823 4081 1893 4135 et
1942 4072 2414 4154 peticionibus
2464 4076 2873 4155 eorundem,
2905 4094 3046 4155 quo

481 4183 765 4264 quidem
818 4183 1033 4264 plane
1084 4181 1427 4261 colligere
1475 4180 1641 4242 licet
1690 4198 1851 4241 eum
1918 4199 2076 4243 esse
2125 4200 2334 4261 quem
2401 4190 2685 4245 vestrae
2734 4180 3047 4245 Beatitu-

479 4289 627 4353 dini
677 4290 964 4371 saepius
1013 4296 1312 4350 testatus
1362 4307 1512 4349 sum
1561 4285 1956 4369 principem
2005 4286 2417 4368 religiosum
2475 4290 2729 4352 iustum
2799 4297 2870 4351 et
2927 4290 3047 4352 ho-

480 4407 757 4461 nestum
806 4395 1009 4459 simul
1060 4405 1131 4458 et
1178 4395 1600 4457 catholicum
1650 4395 1917 4457 ordinis
1985 4406 2056 4457 et
2104 4396 2472 4475 dignitatis
2520 4396 3048 4459 ecclesiasticae

483 4504 957 4567 defensorem.
1052 4503 1132 4565 In
1184 4522 1323 4583 quo
1373 4501 1675 4582 negocio
1710 4501 2044 4583 quicquid
2095 4521 2231 4583 ego
2265 4502 2554 4565 fecerim
2605 4502 2867 4584 quidve
2914 4524 3046 4585 pro

476 4612 665 4674 virili
713 4631 872 4673 mea
918 4610 1159 4673 facere
1209 4608 1594 4687 contend0‚
1643 4627 1894 4688 parum
1957 4607 2290 4671 convenit
2347 4611 2538 4691 quod
2583 4610 2658 4672 id
2726 4611 2884 4691 ipsa
2954 4631 3045 4673 ex

476 4739 591 4781 me
641 4725 1054 4801 cognoscat,
1103 4715 1281 4779 alios
1330 4735 1537 4796 quam
1588 4734 1697 4776 me
1746 4715 2094 4777 relatores
2139 4716 2469 4781 habitura
2519 4771 2529 4782 .
2567 4769 2580 4783 .
2617 4766 2632 4779 .

654 4824 767 4887 Ex
816 4823 1158 4887 Tridento
1217 4843 1268 4887 1.
1318 4821 1484 4901 Julii
1542 4840 1727 4899 1525.

1563 4998 1743 5010 „cm-
1759 4999 1975 5031 ,ΝΜἫἽ
