3575 5775
1691 546 2186 603 04313085-Ο

657 702 1007 773 constare,
1057 713 1214 756 nam
1267 713 1398 756 nec
1447 703 1728 774 tempus
1777 695 1993 754 ullum
2028 691 2517 774 opportuniUS,
2568 710 2700 752 nec
2734 708 2949 752 causa
2979 687 3229 750 iustior

659 821 966 880 unquam
1013 799 1146 863 fuit
1194 800 1558 881 ingenium
1608 811 1823 880 atque
1873 799 2271 862 doctrinam
2303 797 2535 882 impiis
2576 795 2975 860 hominibus
3006 814 3221 878 oppo-

660 908 909 980 nendi3
975 929 1104 970 nec
1169 927 1342 970 vero
1411 906 1780 988 quisquam
1845 907 2001 995 ipso
2066 906 2196 986 te1)
2214 953 2231 984 ,
2296 915 2375 966 ut
2434 913 2753 966 nostrum
2810 912 2919 966 est
2966 905 3056 966 de
3104 911 3231 964 tua

661 1015 1056 1097 eruditione
1126 1014 1498 1093 iudicium,
1569 1015 1659 1076 ad
1732 1021 1876 1076 tam
1952 1013 2311 1076 laudabile
2386 1031 2565 1092 opus
2634 1010 2871 1093 aptior
2937 1010 3007 1072 in
3084 1029 3229 1091 quo

660 1125 983 1185 elaborat
1029 1122 1316 1204 quidem
1362 1131 1434 1186 et
1483 1123 1941 1186 elaborarunt
1987 1119 2349 1202 permulti,
2416 1139 2689 1182 summa
2736 1139 2893 1180 cum
2940 1115 3233 1198 pietatis

660 1238 730 1291 et
777 1228 1118 1292 scientiae
1165 1229 1391 1308 fama,
1450 1229 1577 1292 sed
1627 1237 1700 1292 et
1745 1227 2025 1292 illorum
2074 1229 2295 1292 corda
2343 1226 2605 1290 direxit
2651 1225 2847 1288 Deus
2896 1234 2968 1286 et
3016 1225 3106 1286 de
3156 1233 3231 1286 te

660 1346 824 1400 tuae
897 1337 1321 1419 prudentiae
1391 1335 1947 1417 permittendum
2018 1337 2203 1415 est2).
2299 1333 2447 1398 Nos
2512 1335 2607 1395 ad
2672 1335 2939 1416 probra
3002 1340 3074 1394 et
3134 1334 3232 1394 ad

659 1443 1122 1506 contumelias
1177 1443 1676 1508 seditiosorum
1721 1442 2081 1506 hominum
2132 1440 2373 1504 divina
2424 1461 2559 1522 ope
2611 1450 2680 1503 et
2728 1439 3075 1522 patientia
3122 1459 3229 1502 ar—

659 1550 849 1633 mati,
897 1551 1071 1614 illud
1119 1550 1346 1632 magis
1396 1552 1692 1613 moleste
1740 1549 2032 1614 ferimus
2076 1550 2267 1630 quod
2300 1569 2457 1610 curn
2488 1546 2769 1611 zizaniis
2801 1568 2939 1609 non
2974 1567 3233 1628 parum

659 1661 891 1722 bonae
953 1658 1221 1739 segetis
1284 1657 1787 1740 corrumpitur,
1852 1657 2219 1738 omnisque
2285 1659 2373 1720 de
2422 1675 2651 1739 grege
2698 1655 2905 1718 nobis
2952 1654 3231 1716 credito

658 1765 930 1830 iactura
978 1765 1286 1828 animum
1337 1773 1654 1828 nostrum
1701 1764 2149 1828 solicitudine
2198 1761 2453 1834 afficit3
2522 1763 2641 1844 qui
2690 1761 2933 1842 enim³)
2982 1782 3231 1841 possu-

659 1893 811 1936 mus
878 1892 1017 1934 non
1089 1873 1331 1935 dolere
1383 1872 1807 1936 detrimento
1856 1875 2204 1934 bonarum
2254 1871 2589 1934 mentium
2653 1890 2836 1952 quae
2891 1870 3234 1931 labuntur

655 1978 727 2041 in
799 1999 1146 2061 errorem,
1219 2000 1376 2044 cum
1443 1979 1622 2042 istos
1694 1978 1891 2060 ipsos
1964 1976 2225 2040 erroris
2296 1987 2368 2040 et
2445 1977 2829 2060 impietatis
2896 1985 3235 2040 auctores

658 2089 896 2150 salvos
967 2108 1123 2150 esse
1174 2088 1591 2169 cupiamus?
1687 2084 1833 2150 Sed
1882 2106 2115 2167 neque
2166 2085 2393 2147 deerit
2440 2084 2645 2147 nobis
2692 2085 2927 2162 Deus,
2996 2105 3233 2164 neque

659 2193 808 2256 Nos
856 2193 1128 2258 numeri
1175 2204 1389 2276 atque
1439 2194 1678 2258 officio
1730 2204 1975 2258 nostro
2024 2215 2265 2256 sumus
2314 2192 2645 2256 defuturi.
2733 2193 2938 2272 Quod
2990 2200 3233 2253 autem

658 2301 748 2362 ad
795 2299 1068 2364 litteras
1117 2311 1276 2365 tuas
1317 2302 1589 2382 attinet,
1641 2323 1791 2382 nos,
1845 2312 1915 2363 et
1950 2301 2039 2364 de
2087 2310 2208 2363 tua
2248 2301 2516 2382 optima
2555 2299 2922 2362 voluntate
2956 2306 3233 2360 certum

658 2407 796 2470 iam
862 2409 1242 2490 habemUS,
1313 2417 1384 2472 et
1431 2418 1625 2472 tuum
1675 2410 2059 2472 adventum
2107 2409 2177 2472 in
2226 2410 2409 2472 hanc
2456 2410 2705 2470 urbem
2756 2407 3232 2488 quandocum-

660 2535 800 2595 que
847 2514 906 2578 is
953 2515 1165 2579 fuerit
1212 2520 1400 2581 laete
1450 2527 1522 2580 et
1568 2528 1939 2598 gratanter
1986 2537 2221 2580 sumus
2270 2515 2651 2597 accepturi.

839 2624 1102 2686 Datum
1147 2623 1430 2688 Romae
1480 2625 1685 2687 XVI.
1735 2624 2055 2704 Januarii
2101 2623 2447 2686 MDXXI
2498 2625 2711 2685 Anno
2762 2631 3037 2684 octavo,

2468 2747 2547 2809 1⁰.
2586 2745 2907 2808 andoletus.

1729 2892 1959 2907 ae‘aetaeaewrss«
1965 2893 2038 2907 “m
2043 2894 2106 2907 '‘⁶ae5-
2118 2896 2143 2907 ν·

1894 3144 2000 3209 54.

1327 3269 1748 3350 Aloander
1812 3268 2557 3350 VioecancellariO.

1451 3406 1797 3477 (Nuntiat.
1836 3408 2147 3466 German.
2182 3408 2245 3465 Ι..
2285 3406 2445 3480 130.)

1677 3516 1784 3587 (19.
1824 3521 2007 3569 Martii
2052 3518 2227 3585 1521.)

841 3652 971 3715 Poi
1034 3654 1165 3715 che
1227 3654 1323 3715 ha
1384 3652 1698 3736 piaciuto
1761 3650 1910 3715 cosi
1958 3674 2001 3715 a
2050 3650 2268 3715 Cesar
2317 3673 2449 3735 per
2495 3651 2789 3715 consilio
2839 3650 2910 3711 di
2960 3650 3113 3712 suoi
3166 3658 3241 3711 et

660 3758 1066 3840 compiacer
1112 3782 1156 3821 a
1203 3760 1434 3842 questi
1487 3759 1803 3842 Principi
1854 3768 1925 3822 et
1956 3781 2086 3841 per
2120 3758 2567 3841 pacification
2605 3758 2673 3819 di
2706 3757 2951 3839 populi
3001 3756 3235 3843 (come

663 3870 817 3930 loro
866 3864 1154 3955 dicono)
1205 3868 1498 3929 mandar
1547 3889 1590 3931 a
1638 3866 1953 3930 chiamar
1998 3866 2310 3930 Martino
2362 3875 2433 3929 et
2480 3887 2609 3947 per
2656 3864 2995 3946 pubblico
3045 3886 3235 3927 man-

663 3976 831 4037 dato
893 3974 1006 4037 far
1053 3985 1464 4056 sequestrat
1509 3975 1672 4037 tutti
1721 3974 1768 4037 li
1818 3972 1977 4037 libri
2030 3976 2145 4036 del
2195 3975 2391 4036 detto
2441 3974 2532 4035 ad
2582 3970 2918 4034 instantia
2965 3971 3037 4033 di
3088 3968 3239 4033 Sua

661 4082 940 4145 Maesta
987 4082 1130 4146 fino
1180 4084 1313 4146 che
1362 4084 1545 4145 altro
1595 4082 2016 4161 commandi,
2067 4080 2255 4144 homi
2304 4080 2614 4143 sforzato
2650 4082 2929 4142 almeno
2960 4079 3073 4141 far
3101 4078 3238 4140 che

663 4193 728 4253 el
800 4190 1137 4252 mandato
1209 4190 1292 4253 sii
1367 4190 1436 4251 di
1506 4192 1746 4252 buona
1817 4198 2011 4251 sorte
2085 4198 2155 4250 et
2220 4190 2287 4249 al
2358 4186 2730 4270 proposito
2795 4186 2984 4248 della
3046 4184 3236 4247 Sede

664 4294 1126 4379 Apostolica,
1176 4306 1424 4360 sevato
1475 4316 1754 4377 sempre
1804 4296 1847 4357 1’
1879 4298 2107 4357 honor
2156 4304 2227 4358 et
2274 4294 2615 4357 auttorita
2663 4291 2734 4355 di
2783 4290 2867 4355 N.
2923 4290 2989 4353 S.
3040 4302 3114 4353 et
3162 4290 3234 4354 in

665 4411 919 4485 questo
967 4403 1244 4467 Messer
1293 4402 1548 4467 Nicolo
1597 4400 1879 4465 Sichler
1927 4400 2313 4465 secretario
2378 4402 2448 4464 di
2496 4404 2761 4483 lengua
2822 4398 3238 4481 germanica

729 4625 768 4696 ¹)
809 4630 1086 4677 Laemmer
1121 4628 1280 4691 legit:
1320 4636 1550 4691 tempore
1587 4630 1684 4675 hoc
1719 4642 1817 4691 pro
1857 4629 1969 4689 t'jbso
2010 4632 2072 4689 te,
2112 4627 2205 4675 sed
2245 4626 2461 4674 omnino
2501 4639 2793 4687 perperam.

728 4714 772 4783 ²)
813 4720 1088 4767 Laemmer
1136 4718 1502 4781 corrigendum
1541 4717 1772 4782 putavit:
1825 4723 1875 4765 ct
1918 4716 2017 4764 Ιιοσ
2052 4718 2207 4765 etlam
2256 4722 2375 4763 tuae
2426 4712 2734 4777 prudentiae
2774 4711 3230 4760 cotmne’ttmuiurn“

807 4809 899 4856 sed
939 4808 1106 4855 codex
1142 4807 1225 4856 illi
1263 4807 1410 4857 nullo
1451 4808 1609 4857 modo
1648 4805 1981 4869 suffragatur.

729 4894 771 4964 ³)
811 4900 1084 4947 Laemmer
1123 4896 1286 4947 male:
1327 4900 1425 4961 qui
1458 4914 1577 4946 non.
