3575 5775
1410 588 1907 649 &wsb—0

371 758 644 823 gregar
693 741 770 804 el·
808 736 1158 827 Concilio)
1207 749 1280 803 et
1327 738 1700 803 tractarasi
1747 740 1847 801 tal
1896 758 2063 800 cosa
2110 758 2265 800 cum
2328 736 2377 799 li
2428 734 2599 799 altri
2644 735 2793 813 Re,
2866 752 2937 797 et

371 847 696 929 Principi
745 846 1129 911 Christiani
1175 848 1440 929 perche
1489 868 1700 911 senza
1745 848 1901 909 loro
1950 864 2095 908 non
2154 844 2215 907 si
2268 845 2392 926 pol
2450 842 2560 905 far
2615 840 2937 907 Concilio

371 952 801 1017 Universale
849 955 980 1017 che
1029 954 1195 1017 vadi
1241 956 1406 1018 ben.

557 1060 718 1123 Non
766 1063 1092 1141 besogna
1137 1060 1270 1123 che
1319 1058 1465 1123 Sua
1509 1058 1786 1123 Maesta
1850 1058 2130 1123 remetti
2193 1066 2447 1140 questa
2502 1076 2699 1136 cosa,
2760 1077 2803 1119 a
2866 1057 2946 1134 la·

367 1176 641 1229 venuta
687 1166 790 1229 dil
837 1186 1016 1248 gran
1067 1164 1488 1230 Cancellieri
1537 1166 1628 1230 de
1675 1185 1846 1248 qua,
1894 1166 2159 1249 perche
2207 1166 2244 1229 ὲ
2294 1163 2698 1227 necessaria
2744 1162 2788 1224 l'
2820 1182 2936 1225 au-

367 1273 590 1336 tor-ita
637 1294 788 1355 sua,
837 1286 910 1337 et
958 1292 1100 1337 non
1148 1275 1240 1336 de
1285 1292 1533 1337 menor
1575 1293 1907 1355 persone,
1954 1274 2047 1336 ad
2094 1272 2207 1335 far
2252 1274 2383 1335 che
2431 1270 2651 1352 quelli
2688 1268 2935 1351 populi

369 1380 838 1445 obediscanO.
933 1380 1164 1443 Etiam
1211 1381 1474 1462 perche
1525 1382 1595 1444 el
1649 1399 1831 1463 gran
1890 1379 2310 1444 Cancellieri
2372 1398 2511 1441 non
2584 1378 2935 1460 potrebbe

369 1488 558 1551 cossi
607 1488 782 1571 ogni
843 1486 1014 1551 fiata
1079 1488 1292 1571 piliar
1340 1488 1800 1552 conclusione
1847 1488 1938 1552 de
1984 1488 2035 1551 li
2083 1486 2377 1551 remedii
2424 1487 2555 1549 che
2602 1484 2933 1567 parereb-

367 1598 562 1658 beno
633 1616 680 1657 a
732 1596 804 1658 la
863 1594 1196 1672 giornata
1261 1615 1459 1658 esser
1505 1594 1927 1674 necessarii,
1976 1614 2192 1659 senza
2234 1614 2425 1657 nova
2470 1600 2799 1673 resposta
2845 1591 2934 1653 de

368 1700 522 1765 Sua
572 1701 846 1765 Maesta
895 1703 1027 1764 che
1074 1704 1382 1765 sarebbe
1431 1721 1602 1771 cosa
1646 1702 2136 1785 longhissima.
2230 1702 2321 1765 Et
2366 1708 2569 1763 tanto
2615 1698 2739 1781 piu
2802 1699 2932 1761 che

367 1810 440 1871 la
487 1808 802 1873 Natione
849 1807 1280 1873 Germanica
1326 1808 1938 1891 suspiciosissima,
1988 1820 2059 1873 et
2104 1811 2197 1871 de
2224 1818 2480 1872 natura
2510 1825 2737 1889 pocco
2770 1806 2931 1868 obe-

369 1916 618 1981 diente
644 1964 662 1995 ,
711 1934 852 1979 non
903 1916 1219 1979 darebbe
1267 1914 1434 1980 fede
1483 1938 1526 1979 a
1571 1918 1640 1993 le
1687 1916 2149 1998 ordinationi,
2214 1917 2345 1979 che
2401 1914 2767 1978 venissero
2816 1912 2936 1975 dal

365 2042 551 2105 gran
603 2022 1024 2087 Cancellieri
1071 2025 1374 2087 essendo
1424 2023 1522 2087 lui
1567 2024 1639 2087 in
1687 2023 1918 2103 Italia,
1966 2024 2125 2087 anci
2172 2024 2566 2086 direbbeno
2616 2022 2749 2084 che
2794 2018 2931 2085 fus-

363 2150 532 2193 sero
581 2129 976 2193 inventioni
1025 2138 1287 2194 nostre.
1380 2131 1438 2194 11
1506 2133 1640 2195 che
1710 2151 1853 2194 non
1910 2140 2216 2213 potrano
2264 2130 2417 2193 dire
2464 2150 2542 2192 se
2591 2126 2739 2191 Sua
2786 2126 2932 2189 Ma-

365 2235 524 2300 esta
551 2237 896 2301 mandata
926 2236 1042 2301 un'
1067 2238 1278 2301 homo
1312 2237 1402 2301 de
1435 2236 1786 2319 Hispania
1827 2258 1957 2319 per
2004 2248 2257 2320 questa
2302 2258 2471 2301 cosa
2518 2238 2931 2301 solamente.

549 2343 877 2407 Adverta
923 2345 994 2407 la
1039 2342 1350 2408 Cesarea
1395 2344 1674 2408 Maesta
1735 2347 1869 2409 che
1930 2366 2061 2427 per
2122 2346 2165 2409 l’
2196 2347 2426 2409 honor
2480 2345 2571 2407 de
2636 2342 2777 2406 Dio
2862 2351 2934 2405 et

365 2471 498 2515 suo
549 2452 856 2514 sarebbe
904 2453 1096 2514 bono
1145 2450 1203 2514 si
1235 2471 1579 2534 pensasse
1628 2453 1718 2516 de
1765 2452 2008 2535 privar
2056 2455 2126 2516 lo
2161 2453 2437 2517 Elettor
2469 2452 2559 2514 de
2591 2446 2933 2529 Saxonia,

365 2566 440 2620 et
487 2556 862 2621 transferir
909 2561 979 2621 lo
1026 2557 1424 2631 Elettorato
1472 2560 1543 2623 in
1591 2580 1686 2623 un
1735 2560 2073 2644 Principe
2139 2562 2271 2624 che
2333 2560 2456 2644 piu
2517 2559 2841 2641 piaeesse
2890 2577 2934 2620 a

367 2662 518 2727 Sua
565 2662 846 2727 Maesta
901 2674 974 2729 et
1018 2684 1313 2747 paresse
1360 2665 1472 2729 far
1517 2668 1587 2729 al
1633 2668 2033 2749 proposito·
2058 2670 2146 2732 de
2194 2675 2449 2750 questa
2496 2664 2811 2746 materia,
2860 2671 2933 2727 et

367 2772 460 2833 de
509 2772 580 2834 le
629 2791 794 2834 cose
841 2792 986 2835 sue.
1081 2773 1354 2837 Pei-che
1404 2775 1470 2837 el
1520 2775 1718 2838 detto
1768 2777 1859 2838 de
1906 2775 2227 2838 Saxonia
2286 2794 2417 2857 per
2482 2792 2679 2837 esser
2744 2781 2929 2834 stato

365 2889 578 2942 autor
622 2888 694 2943 et
734 2878 972 2945 fautor
1001 2880 1092 2943 de
1122 2889 1376 2962 questa
1405 2881 1751 2962 haeresia,
1781 2882 2095 2947 meritasi
2141 2903 2273 2965 per
2319 2884 2389 2946 le
2435 2880 2581 2965 legi
2626 2899 2830 2944 sacre
2861 2887 2933 2942 et

363 2986 720 3068 imperiali
749 3007 947 3050 esser
960 2985 1264 3068 privatO,
1283 3007 1485 3050 como
1505 2988 1714 3052 etiam
1733 3009 1867 3071 per
1881 2991 1952 3053 la
1970 2989 2443 3073 ignominiosa
2465 2986 2927 3051 desobedien-

365 3093 484 3174 tia,
527 3095 600 3156 la
635 3095 798 3176 qual
825 3092 923 3157 lui
948 3095 1041 3156 ha
1075 3104 1277 3157 usato
1305 3103 1554 3158 contra
1580 3096 1651 3159 lo
1677 3095 1931 3160 Edicto
1957 3096 2047 3161 de
2069 3094 2219 3160 Sua
2242 3095 2518 3160 Maesta
2546 3103 2617 3157 et
2651 3094 2741 3156 de
2772 3101 2926 3154 tuto

369 3201 438 3264 lo
457 3199 796 3283 ImperiO,
847 3201 978 3263 che
1025 3200 1097 3264 in
1145 3220 1319 3265 vero
1369 3201 1405 3264 ὲ
1440 3222 1608 3265 cosa
1655 3223 1796 3266 non
1848 3206 2239 3267 solamente
2290 3204 2378 3267 de
2427 3221 2655 3284 pocco
2700 3200 2931 3262 honor

367 3327 408 3370 a
453 3305 610 3371 Sua
655 3307 936 3371 Maesta
981 3329 1098 3370 ma
1143 3328 1407 3372 ancora
1455 3309 1861 3390 periculosa
1922 3310 1997 3373 in
2041 3308 2207 3374 farli
2246 3309 2555 3392 ⁴minuir,
2621 3316 2694 3371 et
2753 3304 2928 3368 forsi

365 3414 620 3478 levarli
665 3415 737 3476 la
783 3414 1194 3478 obedientia
1240 3416 1331 3477 de
1379 3414 1429 3478 li
1476 3416 1636 3480 altri
1685 3417 2023 3499 Principi,
2074 3427 2146 3482 et
2193 3417 2474 3501 Populi,
2523 3437 2599 3479 se
2647 3414 2927 3478 vedeno

327 3511 458 3585 'un
507 3521 698 3585 cossi
745 3521 1122 3585 manifesto
1173 3542 1374 3585 error
1421 3523 1536 3585 del
1571 3523 1776 3587 Duca
1824 3525 1913 3588 de
1956 3523 2277 3588 Saxonia
2324 3543 2519 3588 esser
2562 3521 2928 3605 impunito,

441 3645 452 3656 ·
545 3628 868 3692 Sarebbe
916 3648 1136 3692 ancor
1181 3631 1374 3694 bono
1425 3629 1555 3692 che
1603 3628 1752 3694 Sua
1807 3630 2085 3694 Maesta
2132 3651 2507 3714 pensasse,
2557 3650 2599 3693 a
2647 3627 2926 3691 dechia-

363 3753 482 3798 rar
529 3756 665 3818 per
709 3736 966 3798 adesso
1013 3755 1158 3798 una
1199 3737 1356 3798 sola
1402 3736 1493 3798 de
1542 3738 1777 3818 quelle
1827 3747 2017 3800 terre
2063 3737 2358 3802 franche
2409 3757 2603 3802 esser
2649 3736 2929 3799 incorsa

371 3841 442 3904 in
509 3843 579 3904 le
645 3861 882 3924 poene
945 3843 1060 3906 del
1124 3842 1376 3905 Banno
1425 3841 1837 3924 Imperiale,
1908 3853 1980 3906 et
2023 3845 2331 3908 metterli
2410 3847 2477 3907 le
2537 3841 2930 3926 represalia

365 3947 422 4010 si
467 3967 608 4031 per
653 3946 1057 4030 Germania,
1108 3969 1309 4012 como
1359 3969 1490 4032 per
1521 3948 1652 4012 tuti
1681 3949 1730 4012 li
1763 3951 1972 4033 lochi,
2023 3953 2209 4016 dove
2255 3954 2492 4015 hanno
2538 3951 2924 4014 mercantie

365 4063 561 4119 tanto
611 4055 733 4139 piu
783 4056 915 4119 che
963 4055 1020 4119 si
1069 4057 1251 4118 vede
1301 4056 1441 4120 essi
1489 4056 1828 4121 medesmi
1877 4059 2218 4122 mercanti
2262 4061 2480 4124 molto
2512 4059 2735 4121 haver
2764 4077 2923 4138 pec·

367 4171 524 4226 cato
588 4160 660 4225 in
727 4171 979 4244 questa
1047 4162 1394 4227 haeresia.
1474 4162 1778 4244 ,Questo
1857 4165 2230 4230 volentieri
2297 4167 2803 4229 vederebbeno
2876 4165 2923 4227 li

367 4268 685 4352 Principi
733 4272 823 4333 de
872 4267 1288 4352 Germania,
1341 4280 1413 4334 et
1459 4291 1536 4334 se
1585 4272 1913 4335 metteria
1958 4283 2208 4354 terror,
2272 4294 2315 4336 a
2372 4275 2439 4336 le
2489 4273 2667 4336 altre
2714 4280 2925 4350 terre,

368 4385 436 4438 et
479 4376 764 4460 Populi,
815 4377 1026 4441 etiam
1075 4397 1214 4441 non
1265 4398 1475 4441 senza
1523 4381 1799 4459 grande
1854 4380 2025 4444 utile
2090 4381 2181 4443 de
2252 4379 2397 4444 Sua
2444 4378 2743 4443 Maesta.
2837 4379 2926 4441 Et

366 4483 596 4562 questi
647 4503 784 4546 non
836 4503 1012 4548 sono
1059 4484 1356 4548 remedii
1405 4485 1606 4566 novi,
1656 4507 1771 4550 ma
1819 4487 2355 4568 consuetissimi,
2406 4497 2479 4550 et
2524 4507 2655 4569 per
2702 4489 2920 4551 molto

367 4607 613 4653 menor
660 4609 874 4653 causa
923 4591 1015 4653 da
1063 4590 1112 4652 li
1157 4591 1328 4654 boni
1375 4591 1799 4674 Imperatori
1846 4593 1965 4675 piu
2015 4596 2208 4656 volte
2256 4594 2459 4657 usati.

539 4696 987 4762 Finalmente
1033 4699 1281 4780 tenghi
1329 4708 1526 4763 certo
1575 4698 1722 4763 Sua
1770 4699 2047 4764 Maesta
2104 4702 2233 4764 che
2292 4700 2553 4764 Nostro
2610 4699 2920 4782 Signore

369 4822 506 4866 non
553 4803 616 4868 si
665 4825 875 4868 move
921 4805 992 4868 in
1042 4817 1295 4888 questa
1341 4827 1512 4870 cosa
1559 4827 1690 4888 per
1737 4809 1805 4869 el
1849 4807 2131 4889 privato
2182 4808 2590 4889 commodO,
2639 4828 2681 4871 o
2729 4808 2922 4887 utile,

371 4909 495 4977 che
543 4912 813 5000 venghi
867 4913 956 4981 de
1003 4913 1074 4982 la
1107 4911 1491 4982 Germania
1537 4933 1581 4977 a
1625 4923 1879 5000 questa
1928 4913 2178 4988 Corte;
2229 4915 2362 4979 che
2405 4923 2602 4984 certo
2651 4916 2687 4984 ὲ
2720 4923 2918 4984 tanto
