3575 5775
1650 575 2148 642 0—434708>-0

615 731 907 820 pietate,
954 745 1075 798 tua
1124 732 1525 798 constantia
1587 756 1665 798 ac
1728 732 2142 815 integritate
2207 731 2510 796 clarius?
2587 753 2669 796 ac
2737 729 2988 817 gravia
3043 729 3186 815 qui-

617 848 781 908 dem
828 854 991 908 sunt
1036 865 1223 925 quae
1283 853 1355 905 te
1419 843 1715 924 cingunt
1776 842 2130 924 pericula,
2193 843 2317 904 sed
2381 843 2634 905 eadem
2698 843 2999 924 gloriam
3059 841 3186 904 tibi

621 973 776 1015 eam
824 951 1523 1031 benivolentiamque
1572 949 1895 1032 pariunt,
1956 948 2153 1011 cuius
2223 948 2494 1011 fructus
2542 970 2585 1011 a
2631 958 2704 1012 te
2751 951 3190 1032 percipietur

618 1059 1110 1142 sempiternus.
1205 1059 1355 1121 Nos
1404 1059 1541 1120 tuis
1590 1057 1845 1120 litteris
1892 1056 2118 1138 lectiS,
2181 1066 2253 1118 et
2312 1059 2403 1119 ad
2454 1055 2994 1120 Serenissimum
3053 1057 3187 1119 fra-

618 1179 797 1230 trem
844 1177 1040 1229 tuum
1090 1167 1403 1229 scribere
1452 1165 1879 1227 instituimus
1911 1174 1983 1226 et
2025 1183 2183 1226 cum
2213 1163 2316 1226 eis
2349 1163 2755 1245 Principum
2789 1162 3191 1226 oratoribus

619 1274 738 1356 qui
786 1274 978 1356 apud
1026 1294 1159 1336 nos
1205 1283 1371 1336 sunt
1416 1274 1880 1335 vehementer
1935 1271 2239 1352 egimuS,
2305 1280 2380 1333 ut
2425 1292 2558 1353 pro
2607 1291 2736 1334 sua
2779 1283 2988 1355 parte
3034 1274 3189 1334 hor-

620 1391 939 1444 tarentur
969 1401 1156 1462 su05‚
1204 1391 1281 1443 ut
1328 1380 1420 1443 ad
1452 1382 1631 1443 haec
1678 1381 1992 1442 arcenda
2039 1379 2358 1461 pericula
2404 1379 2592 1442 ferre
2640 1379 3026 1442 subsidium
3075 1399 3192 1440 ve-

619 1489 781 1563 lint;
840 1489 910 1550 in
974 1507 1115 1570 quo
1178 1487 1487 1549 maxima
1554 1497 1663 1550 est
1720 1485 2048 1549 Caesaris
2113 1485 2530 1567 auctoritaS,
2594 1486 2900 1550 facultas
2957 1496 3192 1549 autem

624 1595 934 1658 omnium
998 1603 1069 1657 et
1122 1596 1455 1656 voluntas
1514 1603 1706 1657 esset
1765 1594 2026 1674 maior,
2084 1593 2142 1656 si
2203 1614 2342 1675 quo
2408 1595 2620 1656 modo
2681 1602 2803 1656 aut
2865 1593 3194 1674 componi

622 1699 768 1764 fida
834 1723 1015 1784 pax,
1080 1709 1202 1764 aut
1259 1699 1559 1764 induciis
1620 1701 1822 1783 quies
1872 1701 2025 1763 dari
2075 1701 2355 1764 afflictis
2405 1711 2477 1763 et
2524 1701 3012 1764 dubitantibus
3071 1720 3195 1782 po-

622 1807 809 1890 pulis
858 1807 1101 1891 possit,
1151 1808 1221 1870 in
1270 1828 1411 1890 qua
1457 1828 1638 1889 pace
1688 1809 2056 1872 suadenda
2105 1818 2270 1871 tuae
2319 1807 2706 1892 praecipue
2738 1829 2898 1871 esse
2931 1809 3196 1871 debent

622 1924 886 1998 partes.
982 1914 1162 1978 Illud
1214 1925 1286 1977 et
1331 1916 1678 1978 vellemus
1727 1928 1798 1978 et
1846 1915 2278 1978 consulimus
2327 1915 2477 1996 tibi,
2525 1924 2604 1977 ut
2651 1915 2804 1978 eius
2835 1915 3200 1978 exercitus

623 2019 921 2086 fraterni
970 2023 1087 2104 qui
1134 2022 1309 2085 locis
1357 2022 1495 2084 tuis
1542 2023 1988 2105 propinquus
2037 2033 2145 2086 est
2207 2043 2430 2104 opera
2487 2033 2560 2086 et
2624 2023 2891 2086 auxilio
2953 2023 3052 2084 uti
3123 2021 3198 2084 in

623 2139 821 2192 tanta
868 2151 945 2192 re
993 2129 1194 2211 veliS,
1243 2149 1400 2191 cum
1449 2150 1732 2212 semper
1781 2130 1846 2192 ei
1894 2131 2212 2212 periculo
2264 2131 2456 2211 quod
2502 2149 2848 2211 praesens
2891 2129 3198 2192 maxime

625 2247 733 2300 est
798 2237 1359 2300 subveniendum
1409 2237 1517 2316 sit,
1577 2246 1649 2299 et
1709 2257 1954 2300 omnes
2011 2237 2440 2299 intellecturi
2505 2236 2645 2299 sint
2701 2237 2940 2300 Nobten
3001 2247 3196 2299 tuam

622 2365 795 2408 vere
844 2355 1057 2426 atque
1120 2364 1211 2406 ex
1259 2344 1493 2406 animo
1547 2346 1639 2406 ad
1698 2345 2254 2407 succurrendum
2312 2343 2648 2426 periculis
2706 2343 3200 2407 communibus

628 2451 845 2514 totius
886 2450 1313 2515 Germaniae
1362 2451 1703 2514 intentam
1754 2463 1826 2514 et
1866 2461 2187 2534 paratam
2237 2473 2433 2524 esse;
2483 2451 2662 2514 sicut
2708 2451 2917 2514 latius
2963 2462 3198 2514 tecum

626 2558 743 2621 dil.
809 2558 995 2622 filius
1043 2559 1524 2639 Hieronymus
1572 2557 1926 2622 Rorarius
1991 2559 2286 2622 nuncius
2345 2567 2588 2622 noster
2621 2570 2864 2621 nostro
2913 2559 3201 2620 nomine

624 2675 815 2748 aget,
866 2665 979 2728 cui
1024 2664 1264 2727 Nobt⁸³
1288 2673 1412 2726 tua
1456 2663 1669 2728 fidem
1718 2687 1998 2729 omnem
2045 2665 2362 2729 habebit.

802 2773 1066 2835 Datum
1114 2773 1396 2836 Romae
1445 2785 1575 2838 ete.
1628 2773 1906 2836 XXIX
1945 2774 2118 2836 Maii
2150 2773 2534 2836 MDXXV
2585 2775 2801 2836 Anno
2836 2771 3198 2836 Secundo,

1698 3016 1736 3027 ‘v
1744 3017 2112 3029 ‘WWWQMV

1833 3329 1984 3393 217.

1150 3445 1541 3546 Episcopus
1597 3444 2063 3526 Tridentinus
2119 3445 2466 3525 Clementi
2519 3446 2677 3527 VII.

1499 3593 1697 3667 (Epist.
1731 3594 1906 3667 prino.
1941 3593 2044 3652 111.
2079 3592 2170 3651 1⁸01„
2206 3591 2344 3663 136.)

1657 3725 1762 3785 (30.
1802 3722 1937 3771 Maii
1980 3725 2150 3785 1525.)

812 3858 1235 3922 Beatissime
1284 3857 1503 3920 Pater
1562 3856 1870 3919 Domine
1937 3854 2030 3918 mi
2093 3854 2645 3935 Colendissime,
2709 3865 2876 3938 post
2927 3855 3201 3938 pedum

631 3969 1000 4030 beatorum
1051 3967 1293 4030 oscula
1347 3964 1804 4028 humillimam
1845 3962 2526 4026 commendationem
2577 3972 2650 4025 et
2696 3962 3200 4043 obsequiorum

634 4094 953 4137 meorum
1000 4074 1455 4137 oblationem.
1506 4072 1678 4134 Vidi
1726 4070 1895 4152 quid
1945 4073 2037 4133 ad
2084 4090 2196 4133 me
2246 4070 2631 4132 Beatitudo
2656 4069 2918 4133 Vestra
2985 4068 3200 4151 scrip-

636 4182 807 4245 serit
852 4202 985 4263 per
1030 4184 1253 4245 breve
1302 4201 1501 4244 suum
1552 4177 1664 4241 die
1715 4177 2181 4241 decimanona
2228 4177 2469 4257 huiuS‚
2533 4179 2727 4259 quod
2773 4178 2866 4238 ad
2913 4197 3025 4239 me
3069 4196 3206 4258 per

636 4288 985 4351 Nuncium
1037 4286 1255 4351 Suum
1302 4285 1689 4351 Rorarium
1737 4307 1828 4349 ex
1874 4286 2283 4368 Insprugga
2329 4286 2615 4347 missum
2661 4284 2874 4347 hodie
2935 4283 3202 4365 accepi.

638 4394 819 4477 Eg0‚
852 4396 1032 4458 sicut
1065 4396 1221 4477 ipsa
1254 4395 1635 4475 desiderat,
1686 4414 1962 4457 omnem
2013 4414 2306 4475 operam
2355 4393 2648 4455 duturus
2679 4412 2852 4473 sum,
2901 4411 3042 4473 quo
3090 4411 3205 4453 me

641 4511 987 4583 agnoscat
1032 4512 1178 4565 tam
1224 4502 1554 4585 suiipsius
1601 4500 2210 4581 studiosissimum,
2259 4520 2469 4582 quam
2523 4498 2734 4563 etiam
2768 4497 2978 4562 Sedis
3009 4498 3204 4579 Apo·

643 4608 937 4671 stolicae
1000 4611 1538 4672 observatorem
1599 4606 2252 4690 vigilantissimum,
2322 4616 2400 4670 ut
2461 4627 2551 4669 ne
2615 4606 2786 4688 quid
2845 4605 3208 4669 minimum

645 4716 931 4797 quidem
979 4716 1070 4779 de
1116 4736 1274 4778 mea
1322 4735 1499 4798 erga
1546 4735 1623 4778 se
1669 4713 1813 4777 fide
1881 4724 1954 4778 et
2015 4714 2411 4777 devocione
2479 4716 2858 4795 depereat,
2921 4711 3210 4775 minime

647 4842 957 4904 unquam
1048 4822 1674 4905 praetermissurus
1771 4822 1943 4904 quin
2030 4820 2261 4884 eidem
2353 4830 2767 4884 reverenter
2835 4818 3208 4883 enunciem

648 4950 1088 5012 quecumque
1136 4930 1228 4992 ad
1299 4929 1720 5012 dignitatem
1770 4949 1966 4991 suam
2026 4930 2143 4991 vel
2200 4928 2538 4992 tuendam
2599 4929 2715 4989 vel
2777 4925 3210 5010 amplifican-
