3575 5775
1477 566 1967 626 0-<23XVk}-0

433 721 603 783 dam
671 740 810 783 non
875 716 1391 799 inelegantem,
1468 720 1594 781 sed
1663 738 1803 781 non
1870 718 2152 781 omnino
2224 718 2293 781 in
2374 718 2699 782 omnibus
2758 738 3001 783 verum

433 848 840 891 sermonem
874 826 1198 907 confecit,
1262 846 1468 907 quem
1518 829 1608 890 ab
1643 827 2011 889 Aleandro
2073 826 2443 889 recitatum
2491 827 2717 907 finxit,
2767 848 2999 908 quem—

437 956 583 1017 que
617 935 801 997 inter
827 936 1256 995 documenta
1287 933 1563 995 sincera
1609 932 1870 1015 Leplat
1918 934 2159 1013 edidit,
2209 933 2468 1013 aliique
2520 944 2999 997 numerarunt.

435 1041 732 1123 Optima
796 1042 974 1102 haec
1023 1042 1494 1119 consuetudo,
1560 1040 2000 1121 temporibus
2074 1040 2529 1123 pallavicini,
2602 1042 3003 1105 habebatur

433 1168 804 1211 sermones
866 1145 1214 1226 effingere
1281 1157 1352 1208 et
1430 1146 1500 1208 in
1579 1167 1702 1209 ore
1775 1149 2155 1226 haeroum,
2240 1148 2525 1227 ducum,
2604 1149 3000 1230 principum

432 1276 746 1336 ponere;
808 1254 936 1317 sed
997 1256 1088 1314 ab
1149 1252 1488 1315 historiae
1555 1254 1937 1316 severitate
1985 1254 2325 1334 alienam,
2386 1276 2807 1337 quamquam
2866 1256 3001 1319 for-

431 1374 631 1424 tasse
679 1360 1065 1423 lectoribus
1098 1370 1395 1441 gratam,
1430 1380 1614 1423 reor.
1691 1361 1847 1421 Hac
1898 1380 2071 1423 vero
2116 1354 3005 1426 occasione'Pallavicinus

433 1489 570 1550 pro
622 1467 962 1530 sermonis
1021 1470 1280 1529 robore
1331 1468 1669 1529 nonnulla
1717 1467 1991 1529 addidit
2039 1489 2257 1548 quae,
2329 1470 2386 1531 si
2453 1471 2681 1532 minus
2745 1491 3001 1552 oppor-

435 1588 614 1638 tuna
680 1573 978 1636 iudicari
1037 1584 1428 1654 nequeant,
1496 1592 1710 1654 quum
1759 1595 1899 1636 non
1964 1594 2206 1637 coram
2257 1578 2613 1657 quoddam
2678 1578 3001 1659 principe

432 1682 739 1745 recitata
775 1680 936 1759 sint,
983 1662 1108 1741 sed
1159 1680 1226 1741 in
1275 1680 1847 1761 frequentissimo
1890 1682 2171 1763 imperii
2193 1683 2591 1765 principum
2626 1696 3004 1763 conventu,

433 1810 850 1872 germanam
938 1798 1172 1851 tamen
1245 1789 1766 1869 simplicitatem
1846 1810 1987 1852 non
2067 1802 2374 1856 servant.
2492 1790 3001 1855 Instructiones

434 1897 802 1980 Episcopo
863 1896 1289 1977 Tergestino
1355 1905 1425 1958 et
1485 1897 1760 1974 Jodoco
1825 1900 2033 1959 datae
2082 1916 2407 1959 severam
2458 1899 2811 1979 quandam
2859 1900 3001 1961 vim
3052 1920 3071 1937 ·

433 2004 968 2085 praeseferunt;
1035 2023 1264 2083 neque
1331 2004 1660 2067 inornata
1725 2004 1955 2065 forma
2004 2004 2139 2065 illis
2188 2007 2431 2077 obest;
2502 2006 2765 2067 veritas
2816 2006 3001 2067 enim

436 2114 637 2173 nullo
703 2112 1083 2173 verborum
1149 2110 1313 2172 fuco
1389 2110 1708 2172 involuta
1773 2111 2170 2172 evidentior
2235 2112 2513 2173 exsistit
2576 2122 2647 2174 et
2710 2113 3003 2193 propria

434 2221 600 2281 luce
659 2218 909 2299 fulget,
1004 2218 1540 2280 Monumentum
1606 2220 1741 2279 hoc
1804 2217 2244 2298 temporibus
2329 2218 2609 2280 diaetae
2678 2219 3001 2281 Worma-

433 2324 652 2387 tiensi
730 2322 1204 2386 anterioribus
1281 2324 1819 2406 adscripsimus»,
1894 2334 2040 2385 tum
2112 2325 2276 2405 quia
2368 2327 2631 2387 nullum
2700 2328 2787 2387 de
2850 2326 3005 2407 ipsa

432 2432 680 2493 diaeta
725 2432 1103 2511 vestigium
1151 2430 1222 2493 in
1271 2432 1426 2511 ipso
1478 2441 1812 2511 apparet,
1870 2440 2017 2493 tum
2074 2432 2243 2511 quia
2291 2443 2559 2494 tantum
2610 2433 3003 2495 Constanti-

433 2539 632 2601 ensis
710 2538 992 2601 diaetae
1053 2538 1246 2599 facta
1310 2538 1720 2616 innuuntur,
1806 2538 2193 2619 ipsaequae
2253 2540 2755 2601 instructiones
2824 2542 3005 2603 tales

431 2656 604 2709 sunt
669 2666 850 2727 quae
913 2645 1340 2707 desiderium
1396 2646 1632 2727 potius
1688 2666 1833 2707 non
1878 2646 2189 2708 vocandi
2250 2648 2339 2707 ad
2392 2667 2647 2709 novam
2698 2648 3001 2709 diaetam

435 2753 829 2815 Lutherum
879 2754 1291 2831 ostendant,
1356 2773 1564 2833 quam
1631 2754 1770 2814 iam
1836 2752 2073 2814 vocati
2122 2764 2193 2814 et
2241 2753 2546 2815 convicti
2596 2754 3000 2815 obstinatio-

431 2878 600 2922 nem
650 2861 1005 2922 damnent.

617 2965 769 3028 Nec
818 2967 1023 3046 parvi
1077 2966 1414 3029 momenti
1463 2975 1626 3029 sunt
1675 2967 1978 3048 epistola
2044 2989 2085 3029 a
2154 2967 2765 3030 Vicecancellario
2840 2971 2999 3032 Ale-

429 3075 666 3136 andro
715 3075 884 3136 data
931 3074 1046 3136 die
1106 3094 1200 3152 15.
1251 3073 1522 3155 Aprilis
1581 3095 1766 3154 1521,
1821 3075 2171 3136 sententia
2218 3075 2643 3136 marchionis
2692 3076 3003 3138 Brande-

431 3179 841 3263 burgensiS,
892 3181 1257 3243 consihnm
1287 3181 1682 3262 principum
1713 3181 1988 3261 imperii
2041 3183 2129 3242 de
2158 3181 2571 3260 Luthero¹),
2620 3184 3003 3246 relationes

431 3288 790 3353 Aleandri
839 3291 927 3351 de
976 3289 1274 3370 privatis
1323 3289 1616 3352 Lutheri
1665 3289 2039 3370 colloquiis
2086 3289 2153 3352 in
2208 3291 2418 3351 domo
2470 3290 2798 3352 electoris
2836 3291 2999 3352 Tre-

431 3395 782 3476 verensiS,
833 3397 1064 3478 deque
1113 3397 1646 3459 lutheranorum
1696 3395 2090 3480 consiliis²)‚
2140 3409 2213 3460 et
2260 3397 2657 3458 Cardinalis
2704 3399 2999 3478 Mogun-

431 3505 562 3567 tini
615 3505 706 3565 de
755 3512 940 3565 statu
990 3503 1514 3584 Germaniae³)‚
1567 3503 1870 3584 epistola
1898 3505 2198 3566 Adriani
2236 3505 2355 3566 VI.
2401 3505 2490 3566 ad
2526 3505 3004 3568 Archiducem

433 3611 970 3674 Ferdinandum
1019 3631 1206 3674 anno
1286 3631 1446 3690 1522
1515 3613 1683 3673 data
1745 3611 1935 3674 circa
1994 3611 2553 3674 machinationes
2602 3614 2999 3675 lutherano-

434 3717 677 3803 rum4).
759 3719 1097 3799 Quamvis
1133 3739 1348 3781 unum
1377 3719 1662 3780 missum
1697 3718 1788 3779 sit
1818 3720 1911 3779 ad
1946 3718 2292 3780 Nuncium
2336 3719 2463 3780 sed
2494 3738 2635 3782 non
2672 3717 2881 3781 Carlo
2913 3719 3000 3781 V.

433 3826 957 3908 consignatum,
997 3835 1068 3887 et
1101 3825 1291 3887 aliud
1343 3825 1679 3906 scriptum
1715 3828 1842 3887 sed
1877 3847 2017 3888 non
2047 3825 2355 3905 missum,
2405 3826 2719 3906 pretiosa
2764 3837 3000 3888 tamen

431 3943 601 3995 sunt
647 3932 898 3996 brevia
945 3953 1128 4015 quae
1176 3934 1308 3995 sub
1357 3952 1649 3994 numero
1699 3953 1781 4010 39
1834 3943 1904 3994 et
1962 3953 2076 4011 152
2128 3933 2199 3994 in
2244 3932 2503 3996 nostris
2534 3932 3001 3995 monumentis

435 4039 757 4103 veniunt.
851 4039 1050 4102 Haec
1099 4051 1335 4101 autem
1387 4047 1635 4101 contra
1682 4039 2219 4119 impugnatores
2270 4039 2531 4103 Leonis
2576 4051 2649 4101 et
2684 4041 2997 4102 Clemen-

431 4149 524 4210 tis
591 4147 884 4211 faciunt.
977 4147 1486 4210 Instructiones
1547 4149 1638 4208 ad
1708 4147 2021 4209 Nuncios
2086 4147 2543 4229 Apostolicos
2590 4167 2777 4209 anno
2838 4169 3001 4225 1524

433 4257 650 4317 datae
703 4265 866 4318 sunt
911 4255 1334 4336 prudentiae
1385 4265 1456 4316 et
1503 4253 1777 4316 consilii
1826 4265 2353 4316 monumentum
2397 4255 2679 4336 insigne
2742 4265 2813 4317 et
2861 4277 2998 4318 non

429 4362 798 4425 minimum
843 4361 1184 4424 historiae
1231 4360 1736 4442 adiutoriumf’).

618 4467 822 4549 Quae
868 4467 1104 4531 omnia
1154 4477 1224 4530 et
1273 4467 1412 4530 alia
1458 4469 1571 4530 hic
1621 4489 1762 4532 non
1813 4478 2219 4546 memorata,
2271 4467 2591 4549 apprime
2621 4469 3003 4533 historicae

429 4575 724 4638 veritati
771 4575 1182 4655 inserviunt,
1235 4586 1305 4636 et
1356 4584 1596 4637 nostra
1651 4577 1785 4637 hac
1834 4585 2107 4653 aetate,
2158 4575 2485 4636 eruendis
2534 4578 3003 4638 monumentis

589 4769 628 4832 ¹)
670 4773 896 4820 Docum.
938 4773 1022 4832 63,
1065 4772 1150 4832 69,
1193 4784 1276 4834 71.
1748 4769 1790 4838 8)
1832 4774 2057 4824 Docum.
2098 4783 2183 4834 74,
2223 4773 2307 4830 80,
2349 4783 2435 4832 93,
2476 4786 2542 4836 94
2581 4781 2679 4826 etc.

582 4849 628 4919 ⁸)
669 4854 894 4902 Docum.
939 4863 1057 4914 107.
1748 4849 1791 4918 ⁴)
1833 4855 2057 4904 Docum.
2108 4864 2219 4916 129.

583 4933 624 5000 ⁸)
663 4935 890 4982 Docum.
935 4943 1050 5000 154.
