3575 5775
1713 586 2208 645 0-3233'788540

685 729 1026 811 eundem,
1099 752 1239 795 non
1306 730 1374 794 in
1425 733 1559 796 hac
1631 734 1877 815 m0d0,
1950 735 2043 797 ad
2092 756 2325 817 quam
2395 734 2685 799 indubie
2762 756 2902 799 non
2975 738 3238 816 absque

683 832 932 899 Sancti
985 834 1290 919 Spiritus
1338 840 1571 921 gratia
1619 850 1917 904 vocatus
1965 852 2074 905 est
2121 842 2490 924 dignitate,
2541 842 2942 906 confirmari
2978 854 3053 906 et
3084 862 3237 905 con-

683 945 975 1024 servari,
1025 947 1153 1009 sed
1200 947 1447 1009 maiori
1498 946 1709 1011 etiam
1745 950 2274 1013 commodorum
2322 960 2715 1014 mereretur
2753 950 2965 1033 affici,
3032 962 3105 1013 et
3151 969 3237 1011 ex

683 1068 768 1111 eo
794 1050 1245 1116 Trarectensi
1272 1054 1658 1137 Ecclesiae,
1707 1054 1847 1118 iam
1892 1058 2082 1119 bello
2119 1057 2581 1136 disturbatae,
2630 1060 2815 1120 bene
2846 1058 3237 1121 consultum

688 1156 771 1217 iri
840 1158 1238 1240 cupiamuS,
1313 1181 1541 1242 eoque
1608 1164 2100 1226 vehementius
2180 1164 2698 1243 desideremus,
2772 1164 2963 1246 quod
3034 1165 3242 1244 plane

683 1264 1034 1328 noscimus
1071 1266 1493 1330 Caesaream
1527 1268 1977 1333 Maiestatem
2025 1269 2223 1334 cuius
2268 1291 2411 1335 non
2461 1271 2668 1353 parvi
2716 1271 3033 1350 interest,
3084 1289 3243 1351 qua·

683 1369 769 1433 lis
815 1370 1277 1455 Episcopatui
1338 1374 1440 1437 illi
1487 1375 1557 1437 in
1606 1376 1766 1439 imis
1816 1377 2017 1457 quasi
2082 1376 2437 1441 inferioris
2487 1378 2905 1461 Burgundie
2964 1374 3247 1439 visceri-

683 1479 818 1539 bus
865 1480 1248 1543 constituto
1297 1482 1541 1563 presit,
1589 1482 1947 1565 prefatum
1998 1486 2325 1564 electum,
2373 1494 2709 1566 tanquam
2750 1484 3249 1566 gratissimum,

685 1584 1029 1667 precipuo
1087 1588 1337 1651 favore
1392 1589 1758 1671 prosequi;
1825 1599 2041 1671 atque
2091 1592 2395 1655 eundem
2455 1612 2589 1673 pro
2638 1591 2876 1654 valido
2936 1588 3251 1671 presidio

685 1690 991 1756 afflictae
1042 1695 1522 1758 Traiectensis
1567 1695 1935 1761 Ecclesiae
1986 1698 2321 1777 stabiliri,
2370 1698 2441 1761 in
2489 1698 2675 1761 votis
2722 1696 3007 1777 haberi,
3058 1696 3249 1759 unde

685 1801 1182 1883 tranquillitas,
1232 1802 1854 1884 desidaratumque
1905 1803 2306 1867 Christiano
2356 1806 2625 1887 populo
2674 1804 2943 1885 ocium,
3007 1806 3249 1867 subse-

687 1906 806 1987 qui
877 1911 1181 1990 poterit,
1253 1919 1326 1973 et
1396 1910 1562 1992 quia
1625 1913 1761 1973 hoc
1834 1910 1989 1974 sine
2057 1910 2400 1993 precipua
2472 1911 2889 1975 Sanctitatis
2944 1910 3252 1974 Vestrae

692 2013 1158 2097 benignitate,
1207 2016 1475 2097 gratia,
1545 2017 1797 2080 favore
1862 2026 1935 2080 et
1982 2038 2157 2099 ope,
2231 2038 2362 2082 nec
2430 2018 2768 2100 consequi
2838 2018 3043 2097 licet,
3118 2036 3253 2079 nec

687 2121 875 2184 effici
923 2132 1194 2204 potest;
1247 2145 1548 2206 namque
1597 2124 1754 2205 ipsa
1802 2124 2279 2189 Traiectensis
2325 2126 2730 2207 provincia,
2778 2144 2909 2207 per
2958 2122 3253 2189 Geldrie

689 2228 962 2291 Ducem
1010 2230 1111 2293 ita
1157 2232 1615 2313 opprimitur,
1679 2242 1755 2294 ut
1803 2234 2143 2295 nonnulla
2210 2242 2445 2295 castra
2506 2244 2577 2296 et
2624 2232 2893 2314 oppida
2940 2231 3256 2293 eiusdem

689 2335 1191 2419 Episcopatus,
1239 2338 1310 2402 vi
1359 2325 1851 2421 occupaverit,
1900 2339 2245 2418 detineat,
2318 2351 2391 2403 et
2449 2359 2581 2421 per
2629 2360 2715 2403 ea
2763 2338 2965 2420 quasi
3012 2358 3259 2401 omnes

689 2442 1162 2525 Episcopales
1210 2446 1532 2509 redditus
1578 2447 1939 2521 sublevet;
2016 2466 2146 2509 nec
2217 2446 2447 2510 indies
2496 2446 2637 2510 alia
2682 2447 2775 2507 ad
2823 2466 2901 2508 se
2949 2447 3257 2523 trahere,

694 2569 777 2611 ac
833 2557 1055 2613 totam
1127 2552 1631 2634 Episcopalem
1704 2552 2171 2617 substantiam
2243 2554 2549 2635 perdere
2621 2560 2891 2632 cesset,
2962 2560 3261 2633 propter

691 2658 883 2736 quod
925 2677 1070 2720 non
1117 2658 1400 2722 videtur
1445 2659 1795 2741 possibile
1844 2660 2034 2723 dicto
2068 2660 2317 2723 Electo
2348 2658 2750 2722 huiusmodi
2783 2656 3258 2722 adversitates

691 2765 1041 2845 repellere
1067 2785 1301 2847 posse,
1328 2769 1478 2829 sine
1503 2766 1903 2829 retentione
1953 2766 2393 2830 coadiutorie
2420 2764 2977 2829 Wormaciensis
3027 2772 3101 2827 et
3148 2783 3254 2827 ce·

692 2880 1004 2935 terorum
1037 2895 1320 2938 suorum
1352 2874 1877 2956 beneficiorum,
1911 2896 2072 2938 nam
2102 2874 2161 2938 si
2190 2874 2331 2938 illis
2363 2875 2885 2954 destitueretur,
2936 2870 3261 2936 eveniret

691 2978 920 3058 facile,
973 2983 1164 3062 quod
1211 2982 1530 3045 Ecclesia
1577 2981 2076 3063 TraiectensiS,
2125 2981 2269 3045 suis
2316 2981 2587 3044 viribus
2634 3001 2713 3044 se
2761 2979 2991 3062 ipsam
3038 2977 3253 3041 tutari

696 3106 836 3149 non
884 3099 1142 3167 potens
1167 3137 1184 3168 ,
1246 3097 1398 3152 tota
1445 3088 1738 3152 Geldrie
1787 3088 2009 3150 Ducis
2056 3087 2353 3169 imperio
2401 3088 2859 3167 subderetur,
2909 3083 3257 3148 intellexi·

695 3213 851 3256 mus
901 3195 1112 3258 etiam
1162 3197 1352 3277 quod
1399 3195 1554 3278 ipse
1615 3199 1881 3258 electus
1928 3195 2165 3278 potius
2227 3194 2736 3278 Episcopatum
2794 3193 2991 3257 illum
3051 3191 3256 3257 relin-

696 3320 914 3381 quere
964 3304 1180 3365 vellet
1196 3352 1212 3383 ,
1282 3323 1490 3384 quam
1553 3303 1704 3366 sine
1761 3302 2060 3365 aliorum
2117 3301 2627 3366 beneficiorum
2680 3299 3112 3380 retentione,
3182 3318 3259 3361 se

697 3407 912 3471 tantis
962 3409 1147 3471 curis
1196 3420 1267 3471 et
1315 3410 1655 3473 molestiis
1703 3410 2158 3474 submittere:
2209 3411 2403 3490 quod
2450 3409 2509 3471 si
2558 3408 2795 3488 fieret,
2869 3405 3258 3469 verendum

698 3525 916 3593 esset,
987 3537 1075 3579 ne
1125 3516 1303 3578 alius
1351 3516 1678 3580 Caesaris
1725 3517 2083 3580 Maiestati
2148 3537 2286 3578 non
2346 3517 2527 3579 adeo
2588 3523 2837 3596 gratus
2896 3511 3129 3576 fidelis
3176 3533 3258 3575 ac

700 3623 1038 3702 devotuS,
1099 3623 1248 3686 eius
1308 3626 1467 3688 loco
1529 3624 2025 3706 preficeretur,
2091 3623 2279 3706 quod
2346 3622 2705 3686 Maiestati
2762 3641 2934 3684 suae
2994 3619 3067 3682 in
3116 3639 3257 3682 non

699 3749 997 3810 parvum
1075 3731 1572 3794 detrimentum
1649 3735 1973 3806 cederet;
2055 3730 2211 3812 Quo
2302 3730 2491 3794 circa
2556 3749 2697 3792 non
2780 3725 3262 3790 dubitavimus

700 3836 1222 3900 Beatitudinem
1250 3839 1582 3902 Vestram
1630 3838 1889 3903 nostris
1924 3840 2379 3921 interpellare
2408 3836 2767 3918 precibuS,
2815 3833 3153 3898 maiorem
3187 3831 3264 3896 in

699 3945 983 4008 modum
1032 3954 1402 4026 roganteS,
1470 3966 1609 4027 quo
1660 3957 1728 4008 et
1777 3955 2359 4026 memoratorum,
2409 3952 2482 4007 et
2528 3939 3056 4005 intercessionis
3107 3960 3261 4003 nos-

701 4061 853 4114 trae
901 4051 1188 4132 intuitu,
1247 4052 1438 4115 dicto
1503 4055 1731 4115 electo
1791 4073 1879 4115 ne
1946 4053 2106 4115 dum
2160 4051 2511 4115 electione
2562 4047 2959 4112 huiusmodi
3005 4047 3141 4109 rite
3190 4057 3265 4108 et

701 4160 1040 4222 canonice
1072 4159 1338 4224 factum
1369 4160 1788 4224 confirmare
1823 4172 1892 4223 et
1923 4159 2295 4240 ratificare,
2346 4159 2473 4222 sed
2502 4157 2715 4220 etiam
2746 4153 3263 4218 coadiutoriam

701 4263 1260 4329 Wormaciensis
1291 4287 1444 4330 cum
1479 4267 1734 4331 ceteris
1781 4267 1925 4330 suis
1974 4265 2341 4330 beneficiis
2388 4283 2759 4328 reservare
2808 4269 2881 4324 et
2926 4261 3263 4340 retinere,

703 4370 1072 4454 ipsumque
1136 4374 1290 4436 aliis
1338 4374 1704 4455 quibusvis
1751 4373 2015 4456 graciis
2064 4383 2134 4436 et
2182 4373 2553 4436 favoribus
2601 4367 3004 4453 oportuniS,
3054 4367 3267 4430 unice

705 4488 777 4541 et
823 4480 1206 4560 gratiosius
1255 4485 1823 4546 commendatum
1872 4480 2231 4561 suscipere
2282 4480 2641 4560 dignetur,
2688 4477 2761 4538 in
2810 4495 2950 4557 quo
2983 4471 3265 4537 Sancti·

705 4596 815 4648 tas
864 4586 1123 4650 Vestra
1171 4609 1313 4651 non
1361 4591 1572 4653 modo
1623 4609 1754 4670 pro
1804 4586 2145 4669 pastorali
2194 4606 2322 4649 suo
2372 4584 2611 4648 officio
2626 4632 2642 4664 ,
2691 4583 3078 4664 innataque
3128 4582 3266 4643 cle-

705 4693 970 4755 mentia
1004 4694 1497 4759 Traiectenses
1544 4714 1929 4777 oppressos
1978 4697 2068 4756 ab
2116 4692 2373 4756 iniuria
2418 4689 2829 4770 vindicabit,
2878 4687 3004 4751 sed
3054 4685 3269 4750 etiam

706 4799 936 4881 ipsum
985 4802 1314 4882 electum,
1365 4812 1439 4867 et
1483 4811 1700 4865 totam
1751 4801 2226 4882 palatinorum
2275 4797 2645 4878 familiam,
2695 4796 2914 4877 digno
2962 4792 3101 4858 sibi
3146 4795 3265 4857 de-

709 4907 970 4970 vinciet
1016 4908 1388 4990 beneficio,
1438 4929 1578 4991 quo
1629 4907 1839 4972 etiam
1873 4904 2093 4970 Sacre
2144 4905 2497 4971 Caesaree
2544 4913 2619 4968 et
2650 4901 3019 4967 Catholice
3052 4901 3265 4986 Maje-
