3575 5775
1490 593 1605 647 0-3
1684 595 1750 648 21
1835 590 1950 645 fab-0

429 758 642 801 rones
710 739 1034 801 dominos
1094 740 1527 820 temporales
1597 749 1666 802 et
1731 739 1909 801 alios
1977 757 2461 819 quoscumque
2526 746 2667 799 tam
2724 736 2793 798 in
2846 748 2999 817 ger-

427 846 665 907 mania
729 865 942 927 quam
1009 846 1080 908 in
1147 847 1708 927 quibuscumque
1768 845 1925 907 aliis
1974 844 2517 907 christianorum
2579 844 2773 923 lociS,
2826 864 3002 924 quos

429 952 847 1034 apostolicis
882 954 1233 1015 mandatis
1265 953 1764 1016 inobedientes
1794 951 2229 1030 inveneritiS,
2279 950 2711 1032 deponendi,
2762 953 3001 1031 appel·

429 1060 740 1123 lationes
787 1060 1082 1141 insuper
1129 1060 1689 1141 provocationes
1737 1068 1813 1123 et
1842 1058 2200 1140 suffragia
2249 1078 2689 1139 quecumque
2738 1078 2869 1139 per
2906 1058 3001 1119 M.

429 1166 550 1229 W.
589 1167 706 1229 Ul.
743 1176 815 1229 et
863 1168 969 1246 J0.
1022 1186 1105 1228 ac
1157 1166 1338 1229 alios
1387 1186 1874 1247 quoscumque
1923 1165 2634 1246 forsan'interposita
2666 1167 2779 1227 vel
2814 1165 3000 1226 dein-

429 1293 608 1354 ceps
659 1273 912 1354 quavis
963 1272 1344 1335 occasione
1394 1275 1510 1335 vel
1557 1293 1774 1336 causa
1820 1274 2363 1355 interponenda,
2414 1272 2673 1334 frivola
2742 1285 2810 1334 et
2859 1272 3001 1333 ina-

428 1380 550 1442 nia
597 1380 1000 1461 nulliusque
1048 1380 1327 1442 roboris
1393 1383 1510 1444 vel
1574 1381 1909 1444 momenti
1956 1380 2177 1443 fuisse
2246 1388 2315 1443 et
2384 1400 2539 1442 esse
2604 1380 2813 1442 etiam
2876 1400 3005 1461 per

433 1487 746 1549 edictum
777 1486 1142 1567 publicum
1185 1488 1622 1567 declarandi,
1671 1508 1801 1550 nec
1861 1508 2001 1549 non
2052 1488 2615 1551 contradictores
2666 1508 3004 1568 quoscun-

427 1615 572 1675 que
619 1615 754 1675 per
799 1614 1137 1655 censuras
1173 1593 1695 1657 ecclesiasticas
1745 1604 1817 1657 et
1848 1595 1988 1656 alia
2019 1606 2427 1676 opportuna
2467 1596 2641 1675 juris
2690 1596 3005 1658 remedia

429 1700 924 1783 appellatione
973 1700 1374 1783 postposita
1424 1701 1948 1782 compescendi,
2023 1712 2093 1764 et
2161 1703 2216 1765 si
2285 1714 2355 1765 et
2416 1712 2765 1785 quatenus
2826 1723 3005 1783 opus

431 1806 652 1870 fuerit
701 1807 1042 1870 auxilium
1091 1808 1366 1871 brachii
1415 1808 1805 1871 charissimi
1867 1808 1939 1871 in
1991 1808 2270 1873 Christo
2326 1808 2451 1873 filii
2498 1810 2722 1874 nostri
2771 1810 3005 1874 Caroli

436 1916 934 1977 Romanorum
986 1925 1057 1977 et
1105 1916 1610 1997 Hispaniarum
1660 1916 1895 1998 Regis
1954 1916 2301 1980 Catholici
2360 1918 2433 1980 in
2495 1918 3007 1999 Imperatorem

433 2022 647 2085 electi
704 2042 788 2084 ac
839 2031 1084 2084 sancte
1133 2022 1466 2085 Romane
1519 2022 1819 2085 ecclesie
1867 2025 2198 2086 advocati
2267 2045 2349 2087 ac
2407 2024 2703 2087 aliorum
2754 2024 3004 2087 Catho-

429 2130 730 2191 licorum
761 2129 1176 2210 Principum
1225 2130 1628 2195 invocandi.
1682 2130 1950 2192 Verum
2002 2131 2378 2213 omniaque
2428 2132 2565 2194 alia
2616 2152 2698 2194 ac
2726 2133 3007 2213 singula

432 2258 576 2318 que
627 2238 718 2299 ad
767 2234 1170 2299 huiusmodi
1205 2248 1480 2318 pestem
1532 2238 2091 2318 extinguendam
2141 2251 2213 2301 et
2260 2238 2598 2301 radicitus
2648 2239 3005 2320 extirpan-

431 2345 602 2406 dam
665 2353 1067 2425 opportuna
1129 2365 1287 2407 esse
1337 2344 1874 2426 quomodolibet
1923 2344 2298 2423 noveritiS,
2349 2344 2659 2407 faciendi
2708 2346 3005 2425 gerendi

433 2450 826 2513 mandandi
877 2452 1254 2513 ordinandi
1316 2452 1699 2514 exercendi
1766 2463 1838 2515 et
1902 2452 2307 2534 excipiendi
2372 2462 2443 2516 et
2502 2454 2593 2514 ad
2660 2454 3008 2535 premissa

431 2557 677 2620 omnia
727 2568 797 2620 et
847 2558 1132 2638 singula
1179 2558 1238 2620 si
1288 2569 1359 2621 et
1407 2560 1694 2640 quando
1761 2559 2107 2640 expedire
2169 2557 2487 2622 videritis
2548 2559 2739 2622 viros
2800 2570 3009 2642 aptos

433 2675 506 2727 et
560 2666 882 2747 ydoneos
930 2685 1090 2727 cum
1143 2664 1350 2729 simili
1399 2677 1521 2728 aut
1569 2666 1869 2728 limitata
1916 2666 2256 2729 facultate
2302 2667 2705 2730 assumendi
2755 2668 3005 2730 subde-

430 2772 730 2853 legandi
767 2784 837 2835 et
886 2772 1305 2853 deputandi,
1355 2772 1694 2855 ipsosque
1744 2774 2072 2854 quotiens
2122 2783 2599 2854 opportunum
2648 2773 3008 2837 videbitur

429 2878 824 2943 revocandi
883 2889 953 2942 et
1016 2882 1174 2942 loco
1236 2880 1551 2962 ipsorum
1614 2880 1793 2944 alios
1843 2880 2162 2944 similiter
2222 2880 2543 2964 ydoneos
2617 2881 3007 2962 deputandi

429 2989 724 3068 plenam
787 2997 858 3048 et
919 2987 1214 3049 liberam
1285 2997 1536 3050 tenore
1583 2987 2021 3070 presentium
2070 2989 2523 3051 concedimus
2573 2988 3005 3052 facultatem.

433 3093 592 3156 Vos
639 3092 854 3176 igitur
905 3096 1020 3156 vel
1068 3094 1322 3175 aliquis
1370 3105 1704 3175 vestrum,
1755 3095 2011 3157 ceteris
2067 3094 2311 3157 forsan
2388 3093 2766 3174 impeditiS,
2830 3115 3007 3158 onus

430 3213 584 3264 tam
633 3199 980 3264 meritorii
1031 3202 1298 3283 negotii
1349 3204 1612 3265 devota
1659 3211 1897 3264 mente
1946 3201 2435 3282 suscipienteS,
2508 3221 2633 3262 vos
2700 3200 2768 3262 in
2820 3200 3007 3263 illius

429 3307 863 3372 executione
913 3308 1013 3370 sic
1069 3309 1412 3372 sollicitos
1461 3329 1544 3371 ac
1594 3312 1818 3372 verbo
1870 3317 1941 3370 et
1989 3327 2207 3390 opere
2256 3308 2611 3370 studiosos
2662 3317 2873 3388 atque
2909 3308 2999 3369 di-

432 3417 752 3497 ligentes
800 3414 1203 3478 exhibeatis
1253 3417 1441 3497 quod
1491 3435 1584 3478 ex
1636 3415 1894 3479 vestris
1941 3415 2305 3478 laboribus
2357 3414 2597 3477 divina
2656 3415 2862 3477 vobis
2908 3415 3005 3477 fa-

427 3532 652 3585 vente
713 3523 948 3605 gratia
1013 3523 1285 3605 sperati
1349 3523 1625 3585 fructus
1673 3523 2081 3602 adveniant,
2149 3542 2233 3585 ac
2282 3541 2412 3603 per
2461 3521 3006 3585 sollicitudinem

429 3639 748 3692 vestram
799 3649 936 3710 que
985 3649 1236 3693 causas
1295 3631 1449 3711 pias
1511 3631 1929 3710 gerentibus
1992 3650 2123 3710 pro
2186 3627 2653 3691 retributione
2704 3630 3007 3691 debetur

429 3738 742 3820 palmam
807 3736 1036 3819 glorie
1100 3756 1244 3800 non
1310 3739 1533 3800 solum
1597 3737 1937 3817 consequi
2001 3735 2433 3814 mereamini,
2484 3754 2729 3798 verum
2792 3735 3003 3799 etiam

427 3847 632 3927 apud
679 3864 812 3907 nos
862 3853 933 3907 et
981 3845 1226 3908 sedem
1276 3845 1673 3926 predictam
1723 3864 1865 3907 non
1914 3842 2261 3906 immerito
2296 3843 2594 3905 valeatis
2627 3843 2715 3904 de
2749 3851 3005 3904 exacta

427 3951 810 4033 diligentia
912 3960 1152 4014 vestra
1229 3950 1517 4013 uberius
1593 3950 2094 4013 commendari.
2242 3951 2499 4012 Datum
2569 3949 2805 4012 Rome
2872 3959 3009 4012 ete.

431 4061 654 4122 Anno
737 4057 1108 4121 millesimo
1193 4057 1761 4139 quingentesimo
1845 4057 2226 4139 vigesim03
2319 4055 2527 4118 tertio
2608 4056 2813 4118 nonis
2892 4056 3003 4136 Ja-

425 4164 666 4228 nuarii
715 4164 930 4227 Anno
981 4173 1258 4228 octavo.

2392 4303 2454 4364 Δ.
2496 4303 2753 4364 cantilla.

2216 4393 2435 4460 (Collat.
2474 4395 2603 4458 Hip.
2643 4395 2707 4442 de
2746 4393 2935 4462 cesis.)
