3575 5775
1427 610 1847 668 &5820

363 758 793 839 Leodiensis,
827 758 1121 821 Notario
1154 766 1224 821 et
1256 758 1606 839 familiari,
1639 758 1730 820 ad
1766 756 2250 820 charissimum
2284 757 2352 819 in
2390 756 2669 819 Christo
2699 757 2915 819 filium

361 878 670 932 nostrum
719 867 1049 930 Carolum
1097 866 1590 929 Romanorum
1653 875 1725 927 et
1773 864 2277 946 Hispaniarum
2324 864 2611 945 Regem
2664 864 2914 927 Catho-

361 976 562 1038 licum
628 984 700 1037 et
745 974 1258 1055 Imperatorem
1317 976 1619 1037 electum
1669 983 1740 1035 et
1789 970 1991 1037 Sacri
2041 972 2317 1053 imperii
2366 974 2714 1035 electores
2763 992 2917 1035 cae-

359 1094 686 1164 terosque
755 1078 1184 1143 Germaniae
1253 1082 1440 1142 altae
1511 1089 1580 1143 et
1647 1082 1903 1142 bassae
1970 1078 2346 1161 episcopos
2416 1079 2777 1161 principes
2848 1089 2919 1142 et

357 1189 818 1253 comunitates
865 1186 1128 1250 Nostro
1181 1196 1250 1249 et
1295 1186 1762 1267 Apostolicae
1794 1186 2004 1249 Sedis
2033 1185 2309 1248 Nuncio
2360 1196 2430 1249 et
2479 1187 2765 1265 oratori,
2814 1206 2914 1249 sa-

355 1300 570 1361 lutem
620 1305 692 1359 et
738 1294 1206 1376 apostolicam
1255 1294 1847 1357 benedictionem.

532 1404 706 1467 Cum
756 1404 844 1465 ad
895 1401 1066 1464 nihil
1116 1401 1308 1463 aliud
1359 1411 1604 1465 nostra
1650 1400 1921 1483 aspiret
1965 1400 2263 1463 intentio
2308 1421 2517 1481 quam
2549 1411 2625 1462 ut
2659 1399 2919 1463 Christi

351 1511 665 1575 fidelium
715 1509 984 1572 animas
1033 1518 1279 1571 nostra
1327 1508 1696 1589 diligentia
1747 1508 1902 1570 Deo
1950 1507 2369 1571 lucrifacere
2416 1507 2787 1590 possimuS,
2842 1508 2915 1571 li-

350 1622 609 1681 benter
657 1618 848 1679 circa
896 1617 1034 1679 hoc
1073 1636 1365 1698 operam
1399 1614 1688 1697 vigilem
1724 1614 2142 1678 adhibemus
2173 1625 2247 1678 ut
2280 1614 2633 1679 diabolica
2664 1614 2917 1678 fraude

349 1724 635 1807 decepti
697 1724 789 1786 ad
856 1725 1130 1786 caulam
1193 1722 1703 1787 dominicarum
1753 1723 1989 1785 ovium
2037 1730 2507 1802 revertantur,
2572 1735 2641 1786 et
2690 1723 2747 1785 si
2799 1724 2917 1804 qui

350 1834 742 1896 animorum
790 1831 1262 1911 perversitate
1311 1830 1504 1893 ducti
1553 1830 1624 1893 in
1687 1831 2022 1893 damnato
2087 1850 2213 1892 suo
2261 1830 2631 1912 proposito
2678 1838 2915 1894 contu-

352 1939 646 2003 maciter
692 1938 1076 2020 persistere
1123 1937 1523 2017 maluerint,
1574 1936 1815 1999 taliter
1862 1936 2469 1999 animadvertatur
2516 1936 2587 2000 in
2636 1936 2796 2000 illos
2842 1948 2921 1999 ut

348 2047 436 2110 sit
503 2066 748 2109 eorum
817 2065 1051 2126 paena
1113 2044 1419 2108 caeteris
1466 2044 1538 2107 in
1589 2044 2015 2124 exemplum.
2113 2042 2286 2105 Cum
2336 2045 2555 2105 multa
2603 2053 2675 2106 et
2720 2044 2920 2107 varia

348 2155 436 2216 de
499 2153 820 2216 novitate
881 2151 1239 2235 dogmatis
1302 2161 1372 2214 et
1438 2150 1879 2213 seandalosis
1944 2150 2259 2212 articulis
2324 2150 2566 2214 fratris
2627 2150 2917 2214 Martini

350 2262 638 2340 Luther,
690 2258 956 2322 ordinis
999 2258 1296 2321 fratrum
1344 2258 1849 2321 heremitarum
1898 2254 2143 2319 Sancti
2194 2257 2576 2338 Augustini
2625 2257 2697 2321 in
2746 2256 2916 2322 Ger-

348 2367 588 2431 mania
636 2366 983 2447 degentiS,
1035 2366 1241 2429 nobis
1281 2365 1696 2428 renunciata
1731 2374 1971 2428 essent
2014 2374 2083 2427 et
2134 2364 2452 2446 quotidie
2482 2364 2921 2429 referrentur

347 2495 534 2557 quae
568 2484 876 2537 mentem
912 2483 1226 2537 nostram
1262 2473 1508 2535 mirum
1541 2472 1614 2535 in
1645 2473 1933 2535 modum
1967 2475 2532 2549 commovebant,
2580 2483 2917 2555 tanquam

347 2604 388 2644 a
436 2591 688 2645 nostra
744 2581 1092 2662 religione
1154 2582 1440 2663 penitus
1507 2580 1740 2643 aliena
1802 2578 2240 2661 diligentiori
2304 2579 2632 2642 examine
2698 2580 2920 2661 digna

349 2711 506 2753 esse
573 2698 1060 2761 censerentur;
1131 2686 1280 2749 Nos
1346 2708 1434 2749 ne
1501 2686 1782 2750 novitas
1847 2686 2265 2768 hujusmodi,
2330 2698 2403 2749 et
2450 2708 2535 2748 ea
2584 2707 2768 2767 quae
2824 2688 2917 2748 ab

346 2799 507 2880 ipso
559 2798 632 2859 in
680 2796 1044 2878 publicum
1090 2792 1372 2876 prolata
1421 2803 1494 2857 et
1538 2794 1610 2857 in
1660 2793 1944 2875 scriptis
1992 2794 2205 2856 etiam
2253 2793 2548 2856 reducta
2590 2813 2731 2856 non
2764 2794 2918 2856 sine

345 2903 564 2967 animi
613 2905 838 2967 nostri
885 2902 1334 2985 displicentia
1380 2902 1684 2964 vidimus
1733 2913 1807 2964 et
1855 2902 2176 2984 legimus,
2222 2903 2635 2963 scandalum
2677 2901 2747 2964 in
2794 2922 2919 2983 po-

347 3014 520 3094 pulo
571 3012 955 3074 christiano
1005 3029 1316 3092 suaeque
1366 3018 1454 3071 et·
1484 3009 1782 3072 aliorum
1832 3008 2201 3070 animabus
2248 3007 2604 3071 interitum
2662 3028 2917 3090 provo-

269 3185 274 3190 ,
348 3129 633 3197 carent,
700 3121 1027 3181 volentes
1083 3138 1215 3199 pro
1284 3126 1526 3179 nostro
1575 3116 1918 3196 pastorali
1969 3114 2205 3177 officio
2255 3114 2637 3178 salubriter
2684 3115 2911 3197 provi÷

348 3227 543 3304 dere,
595 3225 823 3306 ipsum
865 3245 996 3306 per
1028 3223 1204 3287 alias
1253 3233 1532 3286 nostras
1580 3222 1651 3285 in
1700 3223 1929 3285 forma
1976 3221 2179 3284 brevi
2227 3221 2501 3284 litteras
2550 3231 2627 3284 ut
2660 3222 2751 3285 ad
2785 3242 2916 3286 nos

348 3331 656 3412 veniret,
726 3332 816 3394 ad
864 3334 1042 3395 haec
1091 3339 1168 3393 ut
1235 3351 1326 3393 ex
1389 3350 1512 3392 ore
1576 3350 1702 3392 suo
1764 3329 2139 3392 veritatem
2196 3337 2268 3392 et
2333 3349 2621 3391 causam
2671 3349 2913 3392 eorum

349 3461 533 3521 quae
584 3439 870 3520 publice
919 3439 1332 3521 disputabat
1381 3448 1452 3499 et
1498 3436 1570 3499 in
1619 3436 1903 3518 scriptis
1946 3436 2327 3517 redigebat
2353 3436 2917 3519 intelligeremus

347 3546 767 3626 monuimus,
818 3566 1118 3627 cumque
1148 3545 1223 3607 id
1253 3544 1494 3607 facere
1544 3555 1963 3624 recusasset,
2014 3564 2095 3606 ac
2146 3565 2305 3606 eum
2354 3564 2497 3607 non
2530 3545 2916 3607 secundum

347 3653 486 3718 Dei
549 3655 782 3734 legem
852 3673 980 3735 per
1035 3673 1245 3735 quam
1299 3651 1708 3714 obedientia
1757 3661 1829 3714 et
1878 3650 2232 3714 humilitas
2280 3651 2673 3732 precipitur
2732 3651 2917 3714 ince-

349 3764 522 3825 dere
587 3761 1152 3826 manifestissime
1203 3769 1590 3833 constaret;
1643 3759 1790 3821 Nos
1838 3779 1929 3822 ne
1978 3779 2177 3822 error
2222 3758 2620 3841 hujusmodi
2667 3758 2738 3820 in
2788 3757 2913 3820 Ec-

349 3868 576 3932 clesia
621 3868 757 3930 Dei
806 3871 938 3930 sub
987 3866 1548 3930 dissimulatione
1596 3876 1668 3929 et
1714 3865 2174 3948 negligentia,
2228 3875 2550 3949 tempore
2597 3885 2915 3948 praeser-

349 3975 470 4039 tim
505 3985 776 4057 nostre,
811 3975 1244 4057 pertransire
1277 3975 1661 4055 videretur,
1693 3973 2050 4036 nonnullis
2086 3995 2177 4036 ex
2204 3971 2511 4036 Sanctae
2541 3973 2917 4035 Romanae

349 4083 717 4146 Ecclesiae
780 4081 1278 4146 Cardinalibus
1341 4082 1550 4144 vivae
1621 4081 1819 4143 vocis
1885 4082 2173 4144 oraculo
2240 4078 2748 4142 commissimus
2818 4091 2916 4160 ut,

349 4189 690 4254 adhibitis
749 4190 819 4252 in
872 4189 1096 4254 Sacra
1144 4189 1420 4272 Pagina
1485 4187 1842 4270 magistris
1890 4197 1961 4250 et
2008 4187 2165 4250 aliis
2211 4186 2379 4250 viris
2429 4185 2678 4266 doctiS,
2742 4188 2915 4269 ejus-

351 4299 516 4360 dem
553 4296 844 4361 Martini
891 4297 1083 4359 dicta
1131 4305 1202 4358 et
1251 4295 1516 4377 scripta
1564 4295 1948 4376 diligenter
1998 4293 2487 4357 examinarent
2535 4304 2607 4357 et
2654 4294 2915 4358 deinde

349 4403 417 4466 in
471 4405 892 4468 consistorio
941 4412 1187 4466 nostro
1221 4412 1500 4466 secreto
1534 4402 1915 4476 referrent;
1966 4422 2261 4484 quorum
2291 4402 2638 4465 relatione
2674 4401 2916 4465 audita

353 4521 424 4572 et
471 4511 758 4594 saepius
805 4521 1078 4574 mature
1128 4510 1466 4591 discussa,
1517 4512 1919 4592 complures
1951 4509 2288 4572 articulos
2323 4529 2414 4571 ex
2452 4509 2601 4572 eius
2634 4509 2915 4592 scriptis

355 4631 716 4682 extractos
764 4622 853 4681 de
904 4621 1291 4683 eorundem
1341 4616 1821 4680 Cardinalium
1886 4616 2179 4679 consilio
2247 4616 2765 4697 damnavimus,
2830 4617 2913 4679 is·

354 4734 642 4808 tumque
673 4727 1053 4791 Martinum
1097 4731 1229 4790 sub
1262 4727 1512 4809 poenis
1543 4737 1710 4789 tunc
1752 4725 2111 4807 expressis
2158 4725 2553 4789 monuimus
2599 4734 2676 4787 ut
2729 4723 2917 4787 infra

357 4843 624 4896 certum
687 4844 968 4916 tempus
1015 4844 1184 4899 tunc
1240 4855 1658 4917 expressum
1707 4853 1986 4897 errores
2033 4853 2197 4896 suos
2244 4841 2796 4914 recognosceret
2844 4841 2917 4894 et

356 4941 444 5001 ad
509 4941 760 5005 solitae
809 4942 1130 5006 veritatis
1179 4942 1365 5005 viam
1414 4951 1912 5022 reverteretur,
1964 4951 2034 5004 et
2082 4961 2264 5021 quae
2311 4939 2385 5002 in
2434 4940 2583 5002 eius
2632 4938 2913 5020 scriptis
