<?xml version="1.0" encoding="UTF-8"?>
<!DOCTYPE html PUBLIC "-//W3C//DTD XHTML 1.0 Transitional//EN"
    "http://www.w3.org/TR/xhtml1/DTD/xhtml1-transitional.dtd">
<html xmlns="http://www.w3.org/1999/xhtml" xml:lang="en" lang="en">
 <head>
  <title>
</title>
<meta http-equiv="Content-Type" content="text/html;charset=utf-8" />
  <meta name='ocr-system' content='tesseract 3.04.00' />
  <meta name='ocr-capabilities' content='ocr_page ocr_carea ocr_par ocr_line ocrx_word'/>
</head>
<body>
  <div class='ocr_page' id='page_1' title='image "./monumentareform02vatigoog_0127.png"; bbox 0 0 3575 5775; ppageno 0'>
   <div class='ocr_carea' id='block_1_1' title="bbox 1347 544 1805 607">
    <p class='ocr_par' dir='ltr' id='par_1_1' title="bbox 1347 544 1805 607">
     <span class='ocr_line' id='line_1_1' title="bbox 1347 544 1805 607; baseline -0.011 0"><span class='ocrx_word' id='word_1_1' title='bbox 1347 553 1463 607; x_wconf 59' lang='grc' dir='ltr'>0-ςῖ</span> <span class='ocrx_word' id='word_1_2' title='bbox 1542 544 1805 606; x_wconf 46' lang='grc'>798543</span> 
     </span>
    </p>
   </div>
   <div class='ocr_carea' id='block_1_2' title="bbox 301 695 2873 4970">
    <p class='ocr_par' dir='ltr' id='par_1_2' title="bbox 301 695 2867 1853">
     <span class='ocr_line' id='line_1_2' title="bbox 301 695 2863 780; baseline 0 -18"><span class='ocrx_word' id='word_1_3' title='bbox 301 719 424 762; x_wconf 87' lang='lat' dir='ltr'>non</span> <span class='ocrx_word' id='word_1_4' title='bbox 489 699 730 762; x_wconf 89' lang='lat' dir='ltr'>buone</span> <span class='ocrx_word' id='word_1_5' title='bbox 793 717 978 762; x_wconf 88' lang='lat' dir='ltr'>nove</span> <span class='ocrx_word' id='word_1_6' title='bbox 1040 696 1114 761; x_wconf 91' lang='lat' dir='ltr'>di</span> <span class='ocrx_word' id='word_1_7' title='bbox 1177 695 1495 780; x_wconf 80' lang='lat' dir='ltr'>Spatgna.</span> <span class='ocrx_word' id='word_1_8' title='bbox 1608 699 2023 762; x_wconf 80' lang='lat' dir='ltr'>Tuttavolta</span> <span class='ocrx_word' id='word_1_9' title='bbox 2088 698 2155 762; x_wconf 89' lang='lat' dir='ltr'>el</span> <span class='ocrx_word' id='word_1_10' title='bbox 2202 695 2480 761; x_wconf 88' lang='lat' dir='ltr'>Nuncio</span> <span class='ocrx_word' id='word_1_11' title='bbox 2550 707 2619 762; x_wconf 91' lang='lat' dir='ltr'>et</span> <span class='ocrx_word' id='word_1_12' title='bbox 2684 699 2753 761; x_wconf 88' lang='lat' dir='ltr'>io</span> <span class='ocrx_word' id='word_1_13' title='bbox 2814 699 2863 762; x_wconf 88' lang='lat' dir='ltr'>li</span> 
     </span>
     <span class='ocr_line' id='line_1_3' title="bbox 301 805 2862 888; baseline 0 -20"><span class='ocrx_word' id='word_1_14' title='bbox 301 807 630 888; x_wconf 71' lang='lat' dir='ltr'>pai-lamo,</span> <span class='ocrx_word' id='word_1_15' title='bbox 725 805 937 870; x_wconf 86' lang='lat' dir='ltr'>Disse</span> <span class='ocrx_word' id='word_1_16' title='bbox 971 807 1104 868; x_wconf 87' lang='lat' dir='ltr'>che</span> <span class='ocrx_word' id='word_1_17' title='bbox 1137 805 1233 887; x_wconf 76' lang='lat' dir='ltr'>po</span> <span class='ocrx_word' id='word_1_18' title='bbox 1281 825 1548 888; x_wconf 88' lang='lat' dir='ltr'>pranso</span> <span class='ocrx_word' id='word_1_19' title='bbox 1595 808 1905 870; x_wconf 84' lang='lat' dir='ltr'>sarebbe</span> <span class='ocrx_word' id='word_1_20' title='bbox 1955 825 2169 888; x_wconf 84' lang='lat' dir='ltr'>sopra</span> <span class='ocrx_word' id='word_1_21' title='bbox 2215 815 2494 886; x_wconf 88' lang='lat' dir='ltr'>questo,</span> <span class='ocrx_word' id='word_1_22' title='bbox 2544 815 2617 868; x_wconf 89' lang='lat' dir='ltr'>et</span> <span class='ocrx_word' id='word_1_23' title='bbox 2662 825 2862 888; x_wconf 83' lang='lat' dir='ltr'>repe·</span> 
     </span>
     <span class='ocr_line' id='line_1_4' title="bbox 301 911 2863 993; baseline 0 -19"><span class='ocrx_word' id='word_1_24' title='bbox 301 911 560 976; x_wconf 88' lang='lat' dir='ltr'>tendoli</span> <span class='ocrx_word' id='word_1_25' title='bbox 605 913 675 976; x_wconf 92' lang='lat' dir='ltr'>io</span> <span class='ocrx_word' id='word_1_26' title='bbox 723 913 774 976; x_wconf 91' lang='lat' dir='ltr'>li</span> <span class='ocrx_word' id='word_1_27' title='bbox 824 912 1185 976; x_wconf 89' lang='lat' dir='ltr'>desordini</span> <span class='ocrx_word' id='word_1_28' title='bbox 1232 915 1365 975; x_wconf 91' lang='lat' dir='ltr'>che</span> <span class='ocrx_word' id='word_1_29' title='bbox 1415 914 1506 976; x_wconf 79' lang='lat' dir='ltr'>da</span> <span class='ocrx_word' id='word_1_30' title='bbox 1554 913 1674 976; x_wconf 91' lang='lat' dir='ltr'>doi</span> <span class='ocrx_word' id='word_1_31' title='bbox 1719 912 1901 976; x_wconf 88' lang='lat' dir='ltr'>mesi</span> <span class='ocrx_word' id='word_1_32' title='bbox 1946 911 2021 974; x_wconf 90' lang='lat' dir='ltr'>in</span> <span class='ocrx_word' id='word_1_33' title='bbox 2068 911 2203 993; x_wconf 71' lang='lat' dir='ltr'>qua</span> <span class='ocrx_word' id='word_1_34' title='bbox 2254 933 2472 979; x_wconf 83' lang='lat' dir='ltr'>erano</span> <span class='ocrx_word' id='word_1_35' title='bbox 2532 912 2863 977; x_wconf 83' lang='lat' dir='ltr'>cresciuti</span> 
     </span>
     <span class='ocr_line' id='line_1_5' title="bbox 303 1019 2862 1102; baseline 0 -20"><span class='ocrx_word' id='word_1_36' title='bbox 303 1041 415 1101; x_wconf 86' lang='lat' dir='ltr'>per</span> <span class='ocrx_word' id='word_1_37' title='bbox 457 1029 712 1102; x_wconf 81' lang='lat' dir='ltr'><strong>queste</strong></span> <span class='ocrx_word' id='word_1_38' title='bbox 745 1029 942 1084; x_wconf 85' lang='lat' dir='ltr'>tante</span> <span class='ocrx_word' id='word_1_39' title='bbox 989 1022 1333 1100; x_wconf 83' lang='lat' dir='ltr'>consulte,</span> <span class='ocrx_word' id='word_1_40' title='bbox 1384 1019 1576 1084; x_wconf 87' lang='lat' dir='ltr'>disse</span> <span class='ocrx_word' id='word_1_41' title='bbox 1623 1021 1754 1084; x_wconf 86' lang='lat' dir='ltr'>che</span> <span class='ocrx_word' id='word_1_42' title='bbox 1804 1019 2125 1084; x_wconf 85' lang='lat' dir='ltr'>darebbe</span> <span class='ocrx_word' id='word_1_43' title='bbox 2172 1019 2425 1084; x_wconf 83' lang='lat' dir='ltr'>ordine</span> <span class='ocrx_word' id='word_1_44' title='bbox 2475 1029 2547 1082; x_wconf 88' lang='lat' dir='ltr'>et</span> <span class='ocrx_word' id='word_1_45' title='bbox 2594 1021 2725 1083; x_wconf 89' lang='lat' dir='ltr'>che</span> <span class='ocrx_word' id='word_1_46' title='bbox 2764 1019 2862 1082; x_wconf 88' lang='lat' dir='ltr'>fa-</span> 
     </span>
     <span class='ocr_line' id='line_1_6' title="bbox 303 1126 2861 1209; baseline 0 -20"><span class='ocrx_word' id='word_1_47' title='bbox 303 1131 514 1190; x_wconf 84' lang='lat' dir='ltr'>rebbe</span> <span class='ocrx_word' id='word_1_48' title='bbox 579 1130 644 1190; x_wconf 89' lang='lat' dir='ltr'>el</span> <span class='ocrx_word' id='word_1_49' title='bbox 707 1147 835 1190; x_wconf 89' lang='lat' dir='ltr'>suo</span> <span class='ocrx_word' id='word_1_50' title='bbox 888 1127 1251 1209; x_wconf 89' lang='lat' dir='ltr'>possibile.</span> <span class='ocrx_word' id='word_1_51' title='bbox 1347 1127 1456 1190; x_wconf 79' lang='lat' dir='ltr'>Ne</span> <span class='ocrx_word' id='word_1_52' title='bbox 1513 1127 1604 1190; x_wconf 89' lang='lat' dir='ltr'>mi</span> <span class='ocrx_word' id='word_1_53' title='bbox 1651 1147 1867 1208; x_wconf 76' lang='lat' dir='ltr'>pai-se</span> <span class='ocrx_word' id='word_1_54' title='bbox 1913 1126 2089 1208; x_wconf 78' lang='lat' dir='ltr'>pero</span> <span class='ocrx_word' id='word_1_55' title='bbox 2138 1126 2211 1189; x_wconf 91' lang='lat' dir='ltr'>in</span> <span class='ocrx_word' id='word_1_56' title='bbox 2263 1135 2517 1208; x_wconf 85' lang='lat' dir='ltr'>questo</span> <span class='ocrx_word' id='word_1_57' title='bbox 2562 1129 2715 1190; x_wconf 74' lang='lat' dir='ltr'>cosi</span> <span class='ocrx_word' id='word_1_58' title='bbox 2760 1149 2861 1189; x_wconf 89' lang='lat' dir='ltr'>ar-</span> 
     </span>
     <span class='ocr_line' id='line_1_7' title="bbox 304 1232 2863 1316; baseline 0 -20"><span class='ocrx_word' id='word_1_59' title='bbox 304 1235 438 1298; x_wconf 86' lang='lat' dir='ltr'>dito</span> <span class='ocrx_word' id='word_1_60' title='bbox 485 1255 690 1297; x_wconf 88' lang='lat' dir='ltr'>corne</span> <span class='ocrx_word' id='word_1_61' title='bbox 737 1254 869 1316; x_wconf 89' lang='lat' dir='ltr'>per</span> <span class='ocrx_word' id='word_1_62' title='bbox 915 1235 1190 1305; x_wconf 80' lang='lat' dir='ltr'>avanti:</span> <span class='ocrx_word' id='word_1_63' title='bbox 1259 1235 1642 1298; x_wconf 85' lang='lat' dir='ltr'>tuttavolta</span> <span class='ocrx_word' id='word_1_64' title='bbox 1690 1235 1883 1315; x_wconf 87' lang='lat' dir='ltr'>apud</span> <span class='ocrx_word' id='word_1_65' title='bbox 1932 1251 2181 1297; x_wconf 88' lang='lat' dir='ltr'>omnes</span> <span class='ocrx_word' id='word_1_66' title='bbox 2224 1233 2298 1296; x_wconf 86' lang='lat' dir='ltr'>in</span> <span class='ocrx_word' id='word_1_67' title='bbox 2346 1232 2681 1297; x_wconf 87' lang='lat' dir='ltr'>confesso</span> <span class='ocrx_word' id='word_1_68' title='bbox 2736 1245 2863 1315; x_wconf 84' lang='lat' dir='ltr'>est,</span> 
     </span>
     <span class='ocr_line' id='line_1_8' title="bbox 303 1340 2866 1422; baseline -0.001 -18"><span class='ocrx_word' id='word_1_69' title='bbox 303 1345 420 1404; x_wconf 90' lang='lat' dir='ltr'>che</span> <span class='ocrx_word' id='word_1_70' title='bbox 485 1340 586 1404; x_wconf 85' lang='lat' dir='ltr'>lui</span> <span class='ocrx_word' id='word_1_71' title='bbox 647 1342 685 1404; x_wconf 76' lang='lat' dir='ltr'>e</span> <span class='ocrx_word' id='word_1_72' title='bbox 752 1340 1364 1407; x_wconf 86' lang='lat' dir='ltr'>desiderosissimo</span> <span class='ocrx_word' id='word_1_73' title='bbox 1433 1341 1506 1404; x_wconf 91' lang='lat' dir='ltr'>di</span> <span class='ocrx_word' id='word_1_74' title='bbox 1585 1341 2009 1422; x_wconf 76' lang='lat' dir='ltr'>extinguere</span> <span class='ocrx_word' id='word_1_75' title='bbox 2084 1351 2336 1422; x_wconf 86' lang='lat' dir='ltr'>questa</span> <span class='ocrx_word' id='word_1_76' title='bbox 2401 1362 2607 1418; x_wconf 84' lang='lat' dir='ltr'>cosa,</span> <span class='ocrx_word' id='word_1_77' title='bbox 2674 1343 2866 1422; x_wconf 87' lang='lat' dir='ltr'>quod</span> 
     </span>
     <span class='ocr_line' id='line_1_9' title="bbox 304 1447 2867 1530; baseline -0.001 -18"><span class='ocrx_word' id='word_1_78' title='bbox 304 1451 542 1530; x_wconf 88' lang='lat' dir='ltr'>cred0‚</span> <span class='ocrx_word' id='word_1_79' title='bbox 609 1470 726 1514; x_wconf 86' lang='lat' dir='ltr'>ma</span> <span class='ocrx_word' id='word_1_80' title='bbox 789 1449 837 1511; x_wconf 91' lang='lat' dir='ltr'>li</span> <span class='ocrx_word' id='word_1_81' title='bbox 903 1448 1056 1512; x_wconf 90' lang='lat' dir='ltr'>suoi</span> <span class='ocrx_word' id='word_1_82' title='bbox 1107 1469 1149 1510; x_wconf 90' lang='lat' dir='ltr'>a</span> <span class='ocrx_word' id='word_1_83' title='bbox 1197 1448 1311 1512; x_wconf 82' lang='lat' dir='ltr'>chi</span> <span class='ocrx_word' id='word_1_84' title='bbox 1373 1447 1470 1512; x_wconf 85' lang='lat' dir='ltr'>lui</span> <span class='ocrx_word' id='word_1_85' title='bbox 1531 1448 1590 1512; x_wconf 92' lang='lat' dir='ltr'>si</span> <span class='ocrx_word' id='word_1_86' title='bbox 1653 1447 1800 1512; x_wconf 82' lang='lat' dir='ltr'>fida</span> <span class='ocrx_word' id='word_1_87' title='bbox 1852 1468 1995 1511; x_wconf 87' lang='lat' dir='ltr'>non</span> <span class='ocrx_word' id='word_1_88' title='bbox 2046 1465 2125 1510; x_wconf 87' lang='lat' dir='ltr'>so</span> <span class='ocrx_word' id='word_1_89' title='bbox 2176 1467 2305 1529; x_wconf 91' lang='lat' dir='ltr'>per</span> <span class='ocrx_word' id='word_1_90' title='bbox 2354 1450 2487 1511; x_wconf 90' lang='lat' dir='ltr'>che</span> <span class='ocrx_word' id='word_1_91' title='bbox 2534 1467 2749 1510; x_wconf 81' lang='lat' dir='ltr'>causa</span> <span class='ocrx_word' id='word_1_92' title='bbox 2796 1450 2867 1510; x_wconf 88' lang='lat' dir='ltr'>la</span> 
     </span>
     <span class='ocr_line' id='line_1_10' title="bbox 303 1555 2864 1639; baseline -0.001 -21"><span class='ocrx_word' id='word_1_93' title='bbox 303 1558 706 1637; x_wconf 86' lang='lat' dir='ltr'>producano</span> <span class='ocrx_word' id='word_1_94' title='bbox 753 1565 976 1636; x_wconf 73' lang='lat' dir='ltr'>tantu,</span> <span class='ocrx_word' id='word_1_95' title='bbox 1026 1578 1103 1620; x_wconf 87' lang='lat' dir='ltr'>se</span> <span class='ocrx_word' id='word_1_96' title='bbox 1153 1577 1294 1622; x_wconf 88' lang='lat' dir='ltr'>non</span> <span class='ocrx_word' id='word_1_97' title='bbox 1344 1557 1608 1639; x_wconf 68' lang='lat' dir='ltr'>perche</span> <span class='ocrx_word' id='word_1_98' title='bbox 1657 1556 1748 1618; x_wconf 88' lang='lat' dir='ltr'>mi</span> <span class='ocrx_word' id='word_1_99' title='bbox 1799 1574 1977 1636; x_wconf 88' lang='lat' dir='ltr'>pare</span> <span class='ocrx_word' id='word_1_100' title='bbox 2015 1555 2360 1618; x_wconf 88' lang='lat' dir='ltr'>habbiino</span> <span class='ocrx_word' id='word_1_101' title='bbox 2390 1555 2513 1638; x_wconf 74' lang='lat' dir='ltr'>pin</span> <span class='ocrx_word' id='word_1_102' title='bbox 2546 1565 2864 1638; x_wconf 85' lang='lat' dir='ltr'>respetto</span> 
     </span>
     <span class='ocr_line' id='line_1_11' title="bbox 302 1661 2865 1744; baseline -0.001 -18"><span class='ocrx_word' id='word_1_103' title='bbox 302 1665 402 1726; x_wconf 85' lang='lat' dir='ltr'>alli</span> <span class='ocrx_word' id='word_1_104' title='bbox 455 1664 791 1728; x_wconf 86' lang='lat' dir='ltr'>huomeni</span> <span class='ocrx_word' id='word_1_105' title='bbox 843 1665 974 1726; x_wconf 90' lang='lat' dir='ltr'>che</span> <span class='ocrx_word' id='word_1_106' title='bbox 1025 1684 1068 1726; x_wconf 86' lang='lat' dir='ltr'>a</span> <span class='ocrx_word' id='word_1_107' title='bbox 1113 1661 1284 1744; x_wconf 85' lang='lat' dir='ltr'>Dio,</span> <span class='ocrx_word' id='word_1_108' title='bbox 1347 1675 1419 1726; x_wconf 86' lang='lat' dir='ltr'>et</span> <span class='ocrx_word' id='word_1_109' title='bbox 1468 1683 1602 1726; x_wconf 87' lang='lat' dir='ltr'>con</span> <span class='ocrx_word' id='word_1_110' title='bbox 1651 1671 1907 1744; x_wconf 84' lang='lat' dir='ltr'>questa</span> <span class='ocrx_word' id='word_1_111' title='bbox 1954 1662 2269 1724; x_wconf 86' lang='lat' dir='ltr'>desditta</span> <span class='ocrx_word' id='word_1_112' title='bbox 2315 1661 2483 1727; x_wconf 89' lang='lat' dir='ltr'>delli</span> <span class='ocrx_word' id='word_1_113' title='bbox 2533 1661 2865 1726; x_wconf 83' lang='lat' dir='ltr'>ecclesia·</span> 
     </span>
     <span class='ocr_line' id='line_1_12' title="bbox 304 1771 1843 1853; baseline 0.001 -21"><span class='ocrx_word' id='word_1_114' title='bbox 304 1771 442 1833; x_wconf 84' lang='lat' dir='ltr'>stici</span> <span class='ocrx_word' id='word_1_115' title='bbox 495 1771 609 1834; x_wconf 88' lang='lat' dir='ltr'>far</span> <span class='ocrx_word' id='word_1_116' title='bbox 657 1771 922 1853; x_wconf 85' lang='lat' dir='ltr'>meglio</span> <span class='ocrx_word' id='word_1_117' title='bbox 967 1771 1017 1833; x_wconf 92' lang='lat' dir='ltr'>il</span> <span class='ocrx_word' id='word_1_118' title='bbox 1065 1771 1245 1834; x_wconf 76' lang='lat' dir='ltr'>fatto</span> <span class='ocrx_word' id='word_1_119' title='bbox 1293 1791 1424 1834; x_wconf 85' lang='lat' dir='ltr'>suo</span> <span class='ocrx_word' id='word_1_120' title='bbox 1473 1773 1843 1852; x_wconf 83' lang='lat' dir='ltr'>temporal.</span> 
     </span>
    </p>

    <p class='ocr_par' dir='ltr' id='par_1_3' title="bbox 307 1877 2871 2928">
     <span class='ocr_line' id='line_1_13' title="bbox 469 1877 2867 1961; baseline -0.001 -19"><span class='ocrx_word' id='word_1_121' title='bbox 469 1879 618 1942; x_wconf 89' lang='lat' dir='ltr'>Alli</span> <span class='ocrx_word' id='word_1_122' title='bbox 655 1877 748 1940; x_wconf 81' lang='lat' dir='ltr'>Di</span> <span class='ocrx_word' id='word_1_123' title='bbox 777 1877 1062 1961; x_wconf 85' lang='lat' dir='ltr'>-passati</span> <span class='ocrx_word' id='word_1_124' title='bbox 1115 1897 1433 1944; x_wconf 83' lang='lat' dir='ltr'>vennero</span> <span class='ocrx_word' id='word_1_125' title='bbox 1483 1897 1718 1940; x_wconf 83' lang='lat' dir='ltr'>nuove</span> <span class='ocrx_word' id='word_1_126' title='bbox 1767 1899 1809 1938; x_wconf 87' lang='lat' dir='ltr'>a</span> <span class='ocrx_word' id='word_1_127' title='bbox 1844 1877 2109 1940; x_wconf 83' lang='lat' dir='ltr'>Cesare</span> <span class='ocrx_word' id='word_1_128' title='bbox 2156 1879 2288 1939; x_wconf 89' lang='lat' dir='ltr'>che</span> <span class='ocrx_word' id='word_1_129' title='bbox 2339 1879 2453 1939; x_wconf 91' lang='lat' dir='ltr'>nel</span> <span class='ocrx_word' id='word_1_130' title='bbox 2484 1897 2613 1940; x_wconf 89' lang='lat' dir='ltr'>suo</span> <span class='ocrx_word' id='word_1_131' title='bbox 2646 1896 2867 1958; x_wconf 80' lang='lat' dir='ltr'>paese·</span> 
     </span>
     <span class='ocr_line' id='line_1_14' title="bbox 307 1983 2865 2067; baseline -0.001 -19"><span class='ocrx_word' id='word_1_132' title='bbox 307 1988 404 2048; x_wconf 87' lang='lat' dir='ltr'>del</span> <span class='ocrx_word' id='word_1_133' title='bbox 452 1987 766 2050; x_wconf 83' lang='lat' dir='ltr'>contado</span> <span class='ocrx_word' id='word_1_134' title='bbox 815 1987 905 2048; x_wconf 89' lang='lat' dir='ltr'>de</span> <span class='ocrx_word' id='word_1_135' title='bbox 939 1986 1214 2067; x_wconf 86' lang='lat' dir='ltr'>Artoys</span> <span class='ocrx_word' id='word_1_136' title='bbox 1263 1995 1333 2050; x_wconf 88' lang='lat' dir='ltr'>et</span> <span class='ocrx_word' id='word_1_137' title='bbox 1380 1985 1422 2048; x_wconf 86' lang='lat' dir='ltr'>l&#39;</span> <span class='ocrx_word' id='word_1_138' title='bbox 1454 1985 1636 2048; x_wconf 81' lang='lat' dir='ltr'>isola</span> <span class='ocrx_word' id='word_1_139' title='bbox 1682 1985 1754 2047; x_wconf 86' lang='lat' dir='ltr'>in</span> <span class='ocrx_word' id='word_1_140' title='bbox 1790 1983 2129 2048; x_wconf 81' lang='lat' dir='ltr'>Flandria</span> <span class='ocrx_word' id='word_1_141' title='bbox 2179 2003 2356 2047; x_wconf 90' lang='lat' dir='ltr'>sono</span> <span class='ocrx_word' id='word_1_142' title='bbox 2405 1985 2583 2046; x_wconf 82' lang='lat' dir='ltr'>stati</span> <span class='ocrx_word' id='word_1_143' title='bbox 2620 1985 2865 2048; x_wconf 84' lang='lat' dir='ltr'>desco-</span> 
     </span>
     <span class='ocr_line' id='line_1_15' title="bbox 307 2089 2865 2174; baseline -0.001 -18"><span class='ocrx_word' id='word_1_144' title='bbox 307 2095 476 2173; x_wconf 85' lang='lat' dir='ltr'>perti</span> <span class='ocrx_word' id='word_1_145' title='bbox 527 2104 600 2156; x_wconf 87' lang='lat' dir='ltr'>et</span> <span class='ocrx_word' id='word_1_146' title='bbox 646 2093 840 2174; x_wconf 84' lang='lat' dir='ltr'>presi</span> <span class='ocrx_word' id='word_1_147' title='bbox 887 2092 1085 2156; x_wconf 90' lang='lat' dir='ltr'>molti</span> <span class='ocrx_word' id='word_1_148' title='bbox 1134 2091 1428 2156; x_wconf 86' lang='lat' dir='ltr'>heretici</span> <span class='ocrx_word' id='word_1_149' title='bbox 1480 2093 1614 2156; x_wconf 88' lang='lat' dir='ltr'>che</span> <span class='ocrx_word' id='word_1_150' title='bbox 1639 2101 1910 2154; x_wconf 81' lang='lat' dir='ltr'>teneno</span> <span class='ocrx_word' id='word_1_151' title='bbox 1933 2092 1985 2154; x_wconf 89' lang='lat' dir='ltr'>il</span> <span class='ocrx_word' id='word_1_152' title='bbox 2016 2111 2187 2153; x_wconf 86' lang='lat' dir='ltr'>vero</span> <span class='ocrx_word' id='word_1_153' title='bbox 2222 2091 2553 2173; x_wconf 80' lang='lat' dir='ltr'>corpo&#39;di·</span> <span class='ocrx_word' id='word_1_154' title='bbox 2586 2089 2865 2155; x_wconf 85' lang='lat' dir='ltr'>Christo</span> 
     </span>
     <span class='ocr_line' id='line_1_16' title="bbox 308 2197 2867 2281; baseline 0 -21"><span class='ocrx_word' id='word_1_155' title='bbox 308 2220 430 2263; x_wconf 86' lang='lat' dir='ltr'>non</span> <span class='ocrx_word' id='word_1_156' title='bbox 495 2220 694 2264; x_wconf 89' lang='lat' dir='ltr'>esser</span> <span class='ocrx_word' id='word_1_157' title='bbox 741 2200 812 2262; x_wconf 89' lang='lat' dir='ltr'>in</span> <span class='ocrx_word' id='word_1_158' title='bbox 863 2197 1329 2262; x_wconf 85' lang='lat' dir='ltr'>Sacramento</span> <span class='ocrx_word' id='word_1_159' title='bbox 1379 2199 1660 2279; x_wconf 69' lang='grc' dir='ltr'><strong>61ῖ6115,</strong></span> <span class='ocrx_word' id='word_1_160' title='bbox 1723 2201 1849 2264; x_wconf 92' lang='lat' dir='ltr'>sed</span> <span class='ocrx_word' id='word_1_161' title='bbox 1910 2207 2185 2262; x_wconf 83' lang='lat' dir='ltr'>tantum</span> <span class='ocrx_word' id='word_1_162' title='bbox 2232 2199 2305 2261; x_wconf 90' lang='lat' dir='ltr'>in</span> <span class='ocrx_word' id='word_1_163' title='bbox 2354 2200 2635 2281; x_wconf 86' lang='lat' dir='ltr'>signum</span> <span class='ocrx_word' id='word_1_164' title='bbox 2689 2199 2867 2280; x_wconf 85' lang='lat' dir='ltr'>fieri,</span> 
     </span>
     <span class='ocr_line' id='line_1_17' title="bbox 308 2305 2870 2388; baseline 0 -18"><span class='ocrx_word' id='word_1_165' title='bbox 308 2309 609 2370; x_wconf 89' lang='lat' dir='ltr'>secundo</span> <span class='ocrx_word' id='word_1_166' title='bbox 658 2309 699 2370; x_wconf 91' lang='lat' dir='ltr'>l&#39;</span> <span class='ocrx_word' id='word_1_167' title='bbox 737 2307 1075 2388; x_wconf 87' lang='lat' dir='ltr'>opinione</span> <span class='ocrx_word' id='word_1_168' title='bbox 1124 2307 1194 2372; x_wconf 89' lang='lat' dir='ltr'>di</span> <span class='ocrx_word' id='word_1_169' title='bbox 1225 2305 1546 2370; x_wconf 86' lang='lat' dir='ltr'>Vichleff</span> <span class='ocrx_word' id='word_1_170' title='bbox 1588 2317 1660 2369; x_wconf 90' lang='lat' dir='ltr'>et</span> <span class='ocrx_word' id='word_1_171' title='bbox 1709 2306 1778 2368; x_wconf 90' lang='lat' dir='ltr'>di</span> <span class='ocrx_word' id='word_1_172' title='bbox 1828 2305 2271 2388; x_wconf 84' lang='lat' dir='ltr'>Berengario</span> <span class='ocrx_word' id='word_1_173' title='bbox 2322 2309 2487 2388; x_wconf 82' lang='lat' dir='ltr'>qual</span> <span class='ocrx_word' id='word_1_174' title='bbox 2534 2307 2870 2388; x_wconf 85' lang='lat' dir='ltr'>quodam·-</span> 
     </span>
     <span class='ocr_line' id='line_1_18' title="bbox 307 2413 2869 2498; baseline -0.001 -20"><span class='ocrx_word' id='word_1_175' title='bbox 307 2418 502 2478; x_wconf 88' lang='lat' dir='ltr'>modo</span> <span class='ocrx_word' id='word_1_176' title='bbox 551 2415 863 2478; x_wconf 87' lang='lat' dir='ltr'>Martino</span> <span class='ocrx_word' id='word_1_177' title='bbox 911 2436 1044 2498; x_wconf 86' lang='lat' dir='ltr'>par</span> <span class='ocrx_word' id='word_1_178' title='bbox 1091 2417 1226 2478; x_wconf 85' lang='lat' dir='ltr'>che</span> <span class='ocrx_word' id='word_1_179' title='bbox 1273 2414 1602 2496; x_wconf 88' lang='lat' dir='ltr'>approbi,</span> <span class='ocrx_word' id='word_1_180' title='bbox 1667 2413 1989 2476; x_wconf 84' lang='lat' dir='ltr'>involute</span> <span class='ocrx_word' id='word_1_181' title='bbox 2042 2423 2301 2494; x_wconf 82' lang='lat' dir='ltr'>tamen,</span> <span class='ocrx_word' id='word_1_182' title='bbox 2349 2413 2421 2474; x_wconf 86' lang='lat' dir='ltr'>in</span> <span class='ocrx_word' id='word_1_183' title='bbox 2470 2425 2723 2495; x_wconf 89' lang='lat' dir='ltr'>questa</span> <span class='ocrx_word' id='word_1_184' title='bbox 2771 2417 2869 2475; x_wconf 87' lang='lat' dir='ltr'>ul-</span> 
     </span>
     <span class='ocr_line' id='line_1_19' title="bbox 307 2519 2871 2605; baseline 0 -22"><span class='ocrx_word' id='word_1_185' title='bbox 307 2522 460 2586; x_wconf 86' lang='lat' dir='ltr'>tima</span> <span class='ocrx_word' id='word_1_186' title='bbox 512 2543 736 2605; x_wconf 86' lang='lat' dir='ltr'>opera</span> <span class='ocrx_word' id='word_1_187' title='bbox 781 2523 947 2604; x_wconf 85' lang='lat' dir='ltr'>qual</span> <span class='ocrx_word' id='word_1_188' title='bbox 997 2523 1255 2586; x_wconf 87' lang='lat' dir='ltr'>mando</span> <span class='ocrx_word' id='word_1_189' title='bbox 1305 2543 1437 2604; x_wconf 88' lang='lat' dir='ltr'>per</span> <span class='ocrx_word' id='word_1_190' title='bbox 1483 2531 1736 2603; x_wconf 85' lang='lat' dir='ltr'>questo</span> <span class='ocrx_word' id='word_1_191' title='bbox 1787 2519 2131 2586; x_wconf 83' lang='lat' dir='ltr'>corrieri..</span> <span class='ocrx_word' id='word_1_192' title='bbox 2165 2521 2457 2584; x_wconf 83' lang='lat' dir='ltr'>Ancora</span> <span class='ocrx_word' id='word_1_193' title='bbox 2504 2523 2571 2584; x_wconf 90' lang='lat' dir='ltr'>el</span> <span class='ocrx_word' id='word_1_194' title='bbox 2618 2523 2871 2584; x_wconf 47' lang='lat' dir='ltr'>castel*</span> 
     </span>
     <span class='ocr_line' id='line_1_20' title="bbox 307 2627 2871 2712; baseline -0.001 -21"><span class='ocrx_word' id='word_1_195' title='bbox 307 2631 456 2694; x_wconf 83' lang='lat' dir='ltr'>lano</span> <span class='ocrx_word' id='word_1_196' title='bbox 522 2631 595 2692; x_wconf 93' lang='lat' dir='ltr'>di</span> <span class='ocrx_word' id='word_1_197' title='bbox 655 2651 798 2692; x_wconf 88' lang='lat' dir='ltr'>una</span> <span class='ocrx_word' id='word_1_198' title='bbox 857 2629 1168 2694; x_wconf 86' lang='lat' dir='ltr'>fortezza</span> <span class='ocrx_word' id='word_1_199' title='bbox 1233 2629 1308 2692; x_wconf 90' lang='lat' dir='ltr'>di</span> <span class='ocrx_word' id='word_1_200' title='bbox 1353 2629 1777 2710; x_wconf 85' lang='lat' dir='ltr'>Monsignor</span> <span class='ocrx_word' id='word_1_201' title='bbox 1834 2628 1911 2691; x_wconf 88' lang='lat' dir='ltr'>di</span> <span class='ocrx_word' id='word_1_202' title='bbox 1960 2627 2301 2692; x_wconf 84' lang='lat' dir='ltr'>Chievres</span> <span class='ocrx_word' id='word_1_203' title='bbox 2348 2629 2451 2712; x_wconf 75' lang='lat' dir='ltr'>(ut</span> <span class='ocrx_word' id='word_1_204' title='bbox 2495 2629 2651 2710; x_wconf 87' lang='lat' dir='ltr'>ipse</span> <span class='ocrx_word' id='word_1_205' title='bbox 2698 2628 2871 2692; x_wconf 76' lang='lat' dir='ltr'>mihi</span> 
     </span>
     <span class='ocr_line' id='line_1_21' title="bbox 307 2735 2869 2822; baseline 0 -25"><span class='ocrx_word' id='word_1_206' title='bbox 307 2735 563 2822; x_wconf 87' lang='lat' dir='ltr'>retulit)</span> <span class='ocrx_word' id='word_1_207' title='bbox 613 2738 649 2798; x_wconf 80' lang='grc' dir='ltr'><em>ὲ</em></span> <span class='ocrx_word' id='word_1_208' title='bbox 699 2735 847 2800; x_wconf 83' lang='grc'><strong>6651</strong></span> <span class='ocrx_word' id='word_1_209' title='bbox 895 2735 1275 2819; x_wconf 79' lang='lat' dir='ltr'>impaccito</span> <span class='ocrx_word' id='word_1_210' title='bbox 1325 2738 1513 2800; x_wconf 87' lang='lat' dir='ltr'>nelle</span> <span class='ocrx_word' id='word_1_211' title='bbox 1545 2753 1712 2800; x_wconf 85' lang='lat' dir='ltr'>cose</span> <span class='ocrx_word' id='word_1_212' title='bbox 1747 2735 1819 2798; x_wconf 84' lang='lat' dir='ltr'>di</span> <span class='ocrx_word' id='word_1_213' title='bbox 1854 2735 2127 2799; x_wconf 74' lang='lat' dir='ltr'>Luther</span> <span class='ocrx_word' id='word_1_214' title='bbox 2156 2737 2313 2799; x_wconf 90' lang='lat' dir='ltr'>chel</span> <span class='ocrx_word' id='word_1_215' title='bbox 2344 2735 2551 2798; x_wconf 82' lang='lat' dir='ltr'>facea</span> <span class='ocrx_word' id='word_1_216' title='bbox 2581 2736 2869 2818; x_wconf 84' lang='lat' dir='ltr'>publica</span> 
     </span>
     <span class='ocr_line' id='line_1_22' title="bbox 309 2842 1829 2928; baseline 0.003 -23"><span class='ocrx_word' id='word_1_217' title='bbox 309 2842 748 2923; x_wconf 84' lang='lat' dir='ltr'>professione</span> <span class='ocrx_word' id='word_1_218' title='bbox 796 2853 870 2907; x_wconf 90' lang='lat' dir='ltr'>et</span> <span class='ocrx_word' id='word_1_219' title='bbox 917 2844 1093 2928; x_wconf 78' lang='lat' dir='ltr'>pero</span> <span class='ocrx_word' id='word_1_220' title='bbox 1143 2845 1180 2908; x_wconf 77' lang='grc' dir='ltr'>ἐ·</span> <span class='ocrx_word' id='word_1_221' title='bbox 1227 2853 1415 2909; x_wconf 84' lang='lat' dir='ltr'>stato</span> <span class='ocrx_word' id='word_1_222' title='bbox 1465 2845 1829 2909; x_wconf 82' lang='lat' dir='ltr'>detenutO.</span> 
     </span>
    </p>

    <p class='ocr_par' dir='ltr' id='par_1_4' title="bbox 309 2952 2873 3250">
     <span class='ocr_line' id='line_1_23' title="bbox 473 2952 2873 3036; baseline 0.001 -23"><span class='ocrx_word' id='word_1_223' title='bbox 473 2952 556 3015; x_wconf 89' lang='lat' dir='ltr'>In</span> <span class='ocrx_word' id='word_1_224' title='bbox 589 2952 1040 3036; x_wconf 86' lang='lat' dir='ltr'>Antuverpia</span> <span class='ocrx_word' id='word_1_225' title='bbox 1085 2972 1163 3017; x_wconf 91' lang='grc'><strong>56</strong></span> <span class='ocrx_word' id='word_1_226' title='bbox 1212 2952 1584 3034; x_wconf 84' lang='lat' dir='ltr'>imprimea</span> <span class='ocrx_word' id='word_1_227' title='bbox 1613 2953 1883 3015; x_wconf 85' lang='lat' dir='ltr'>Luther</span> <span class='ocrx_word' id='word_1_228' title='bbox 1930 2952 2001 3015; x_wconf 87' lang='lat' dir='ltr'>in</span> <span class='ocrx_word' id='word_1_229' title='bbox 2052 2952 2443 3035; x_wconf 72' lang='lat' dir='ltr'>hispanim,</span> <span class='ocrx_word' id='word_1_230' title='bbox 2494 2954 2711 3016; x_wconf 84' lang='lat' dir='ltr'>credo</span> <span class='ocrx_word' id='word_1_231' title='bbox 2740 2972 2873 3035; x_wconf 88' lang='lat' dir='ltr'>per</span> 
     </span>
     <span class='ocr_line' id='line_1_24' title="bbox 309 3059 2866 3139; baseline 0.001 -18"><span class='ocrx_word' id='word_1_232' title='bbox 309 3059 748 3123; x_wconf 85' lang='lat' dir='ltr'>solicitudine</span> <span class='ocrx_word' id='word_1_233' title='bbox 795 3059 866 3122; x_wconf 91' lang='lat' dir='ltr'>di</span> <span class='ocrx_word' id='word_1_234' title='bbox 915 3060 1194 3123; x_wconf 86' lang='lat' dir='ltr'>Marani</span> <span class='ocrx_word' id='word_1_235' title='bbox 1243 3061 1372 3123; x_wconf 91' lang='lat' dir='ltr'>che</span> <span class='ocrx_word' id='word_1_236' title='bbox 1421 3080 1597 3123; x_wconf 87' lang='lat' dir='ltr'>sono</span> <span class='ocrx_word' id='word_1_237' title='bbox 1647 3060 2101 3139; x_wconf 86' lang='lat' dir='ltr'>in·Fiandra,</span> <span class='ocrx_word' id='word_1_238' title='bbox 2157 3070 2227 3122; x_wconf 90' lang='lat' dir='ltr'>et</span> <span class='ocrx_word' id='word_1_239' title='bbox 2276 3081 2351 3122; x_wconf 88' lang='grc'>56</span> <span class='ocrx_word' id='word_1_240' title='bbox 2403 3060 2633 3123; x_wconf 82' lang='lat' dir='ltr'>devea</span> <span class='ocrx_word' id='word_1_241' title='bbox 2680 3080 2866 3123; x_wconf 84' lang='lat' dir='ltr'>man·</span> 
     </span>
     <span class='ocr_line' id='line_1_25' title="bbox 310 3166 2563 3250; baseline 0.002 -25"><span class='ocrx_word' id='word_1_242' title='bbox 310 3166 430 3227; x_wconf 89' lang='lat' dir='ltr'>dar</span> <span class='ocrx_word' id='word_1_243' title='bbox 475 3167 546 3229; x_wconf 86' lang='lat' dir='ltr'>in</span> <span class='ocrx_word' id='word_1_244' title='bbox 595 3166 942 3250; x_wconf 81' lang='lat' dir='ltr'>hispania,</span> <span class='ocrx_word' id='word_1_245' title='bbox 995 3166 1258 3231; x_wconf 88' lang='lat' dir='ltr'>Cesare</span> <span class='ocrx_word' id='word_1_246' title='bbox 1307 3168 1370 3230; x_wconf 89' lang='lat' dir='ltr'>ci</span> <span class='ocrx_word' id='word_1_247' title='bbox 1419 3168 1514 3231; x_wconf 82' lang='lat' dir='ltr'>ha</span> <span class='ocrx_word' id='word_1_248' title='bbox 1561 3168 1757 3230; x_wconf 85' lang='lat' dir='ltr'>detto</span> <span class='ocrx_word' id='word_1_249' title='bbox 1808 3168 2101 3230; x_wconf 88' lang='lat' dir='ltr'>haverci</span> <span class='ocrx_word' id='word_1_250' title='bbox 2148 3166 2563 3230; x_wconf 80' lang='lat' dir='ltr'>remediatO.</span> 
     </span>
    </p>

    <p class='ocr_par' dir='ltr' id='par_1_5' title="bbox 310 3272 2872 3451">
     <span class='ocr_line' id='line_1_26' title="bbox 477 3272 2872 3357; baseline 0.002 -22"><span class='ocrx_word' id='word_1_251' title='bbox 477 3274 546 3335; x_wconf 88' lang='lat' dir='ltr'>A</span> <span class='ocrx_word' id='word_1_252' title='bbox 609 3272 820 3337; x_wconf 84' lang='lat' dir='ltr'>Gand</span> <span class='ocrx_word' id='word_1_253' title='bbox 888 3294 964 3337; x_wconf 88' lang='lat' dir='ltr'>se</span> <span class='ocrx_word' id='word_1_254' title='bbox 1027 3275 1319 3357; x_wconf 86' lang='lat' dir='ltr'>predica</span> <span class='ocrx_word' id='word_1_255' title='bbox 1380 3291 1512 3357; x_wconf 84' lang='lat' dir='ltr'>per</span> <span class='ocrx_word' id='word_1_256' title='bbox 1572 3275 1622 3337; x_wconf 92' lang='lat' dir='ltr'>li</span> <span class='ocrx_word' id='word_1_257' title='bbox 1671 3276 2058 3338; x_wconf 82' lang='lat' dir='ltr'>Eremitani</span> <span class='ocrx_word' id='word_1_258' title='bbox 2106 3273 2397 3357; x_wconf 85' lang='lat' dir='ltr'>publice</span> <span class='ocrx_word' id='word_1_259' title='bbox 2440 3274 2512 3337; x_wconf 91' lang='lat' dir='ltr'>la</span> <span class='ocrx_word' id='word_1_260' title='bbox 2559 3275 2872 3339; x_wconf 84' lang='lat' dir='ltr'>dottrina</span> 
     </span>
     <span class='ocr_line' id='line_1_27' title="bbox 310 3379 2549 3451; baseline 0.004 -11"><span class='ocrx_word' id='word_1_261' title='bbox 310 3379 374 3441; x_wconf 84' lang='lat' dir='ltr'>di</span> <span class='ocrx_word' id='word_1_262' title='bbox 423 3379 686 3444; x_wconf 90' lang='lat' dir='ltr'>Luther</span> <span class='ocrx_word' id='word_1_263' title='bbox 735 3400 936 3451; x_wconf 84' lang='lat' dir='ltr'>come</span> <span class='ocrx_word' id='word_1_264' title='bbox 985 3380 1057 3443; x_wconf 93' lang='lat' dir='ltr'>di</span> <span class='ocrx_word' id='word_1_265' title='bbox 1105 3402 1234 3445; x_wconf 90' lang='lat' dir='ltr'>san</span> <span class='ocrx_word' id='word_1_266' title='bbox 1283 3382 1509 3446; x_wconf 87' lang='lat' dir='ltr'>Paulo</span> <span class='ocrx_word' id='word_1_267' title='bbox 1557 3382 1697 3446; x_wconf 84' lang='lat' dir='ltr'>imo</span> <span class='ocrx_word' id='word_1_268' title='bbox 1747 3382 1819 3444; x_wconf 89' lang='lat' dir='ltr'>di</span> <span class='ocrx_word' id='word_1_269' title='bbox 1868 3382 2171 3447; x_wconf 80' lang='lat' dir='ltr'>Christo,</span> <span class='ocrx_word' id='word_1_270' title='bbox 2546 3402 2549 3405; x_wconf 78' lang='grc'><strong>’</strong></span> 
     </span>
    </p>

    <p class='ocr_par' dir='ltr' id='par_1_6' title="bbox 309 3488 2873 3765">
     <span class='ocr_line' id='line_1_28' title="bbox 475 3488 2871 3571; baseline 0.001 -20"><span class='ocrx_word' id='word_1_271' title='bbox 475 3488 952 3551; x_wconf 82' lang='lat' dir='ltr'>Traiectensis</span> <span class='ocrx_word' id='word_1_272' title='bbox 996 3488 1582 3553; x_wconf 86' lang='lat' dir='ltr'>Monasteriensis</span> <span class='ocrx_word' id='word_1_273' title='bbox 1629 3498 1703 3553; x_wconf 87' lang='lat' dir='ltr'>et</span> <span class='ocrx_word' id='word_1_274' title='bbox 1758 3490 2075 3571; x_wconf 85' lang='lat' dir='ltr'>reliquae</span> <span class='ocrx_word' id='word_1_275' title='bbox 2125 3490 2455 3553; x_wconf 85' lang='lat' dir='ltr'>dioceses</span> <span class='ocrx_word' id='word_1_276' title='bbox 2514 3490 2871 3553; x_wconf 84' lang='lat' dir='ltr'>inferioris</span> 
     </span>
     <span class='ocr_line' id='line_1_29' title="bbox 313 3592 2873 3679; baseline 0.002 -24"><span class='ocrx_word' id='word_1_277' title='bbox 313 3592 732 3659; x_wconf 83' lang='lat' dir='ltr'>Germaniae</span> <span class='ocrx_word' id='word_1_278' title='bbox 766 3604 948 3659; x_wconf 86' lang='lat' dir='ltr'>tutte</span> <span class='ocrx_word' id='word_1_279' title='bbox 984 3615 1160 3660; x_wconf 88' lang='lat' dir='ltr'>sono</span> <span class='ocrx_word' id='word_1_280' title='bbox 1207 3596 1497 3679; x_wconf 88' lang='lat' dir='ltr'>putride</span> <span class='ocrx_word' id='word_1_281' title='bbox 1545 3598 1618 3659; x_wconf 85' lang='lat' dir='ltr'>di</span> <span class='ocrx_word' id='word_1_282' title='bbox 1666 3606 1919 3679; x_wconf 87' lang='lat' dir='ltr'>questo</span> <span class='ocrx_word' id='word_1_283' title='bbox 1969 3600 2239 3678; x_wconf 87' lang='lat' dir='ltr'>morb0‚</span> <span class='ocrx_word' id='word_1_284' title='bbox 2292 3608 2363 3661; x_wconf 89' lang='lat' dir='ltr'>et</span> <span class='ocrx_word' id='word_1_285' title='bbox 2392 3598 2614 3661; x_wconf 80' lang='lat' dir='ltr'>Cesar</span> <span class='ocrx_word' id='word_1_286' title='bbox 2655 3618 2747 3661; x_wconf 90' lang='lat' dir='ltr'>ne</span> <span class='ocrx_word' id='word_1_287' title='bbox 2780 3599 2873 3661; x_wconf 91' lang='lat' dir='ltr'>ha</span> 
     </span>
     <span class='ocr_line' id='line_1_30' title="bbox 309 3701 570 3765; baseline 0.015 -4"><span class='ocrx_word' id='word_1_288' title='bbox 309 3701 570 3765; x_wconf 64' lang='lat' dir='ltr'>advisa</span> 
     </span>
    </p>

    <p class='ocr_par' dir='ltr' id='par_1_7' title="bbox 309 3808 2873 4430">
     <span class='ocr_line' id='line_1_31' title="bbox 479 3808 2868 3893; baseline 0.001 -23"><span class='ocrx_word' id='word_1_289' title='bbox 479 3808 558 3871; x_wconf 91' lang='lat' dir='ltr'>In</span> <span class='ocrx_word' id='word_1_290' title='bbox 619 3809 988 3873; x_wconf 87' lang='lat' dir='ltr'>hollandia</span> <span class='ocrx_word' id='word_1_291' title='bbox 1050 3810 1107 3872; x_wconf 89' lang='lat' dir='ltr'>si</span> <span class='ocrx_word' id='word_1_292' title='bbox 1154 3809 1449 3892; x_wconf 88' lang='lat' dir='ltr'>predica</span> <span class='ocrx_word' id='word_1_293' title='bbox 1495 3810 1782 3893; x_wconf 84' lang='lat' dir='ltr'>publice</span> <span class='ocrx_word' id='word_1_294' title='bbox 1832 3814 1901 3874; x_wconf 89' lang='lat' dir='ltr'>la</span> <span class='ocrx_word' id='word_1_295' title='bbox 1950 3812 2261 3876; x_wconf 76' lang='lat' dir='ltr'>dotti-ina</span> <span class='ocrx_word' id='word_1_296' title='bbox 2306 3812 2380 3876; x_wconf 88' lang='lat' dir='ltr'>di</span> <span class='ocrx_word' id='word_1_297' title='bbox 2430 3812 2715 3877; x_wconf 87' lang='lat' dir='ltr'>Luther.</span> <span class='ocrx_word' id='word_1_298' title='bbox 2810 3812 2868 3874; x_wconf 94' lang='lat' dir='ltr'>Il</span> 
     </span>
     <span class='ocr_line' id='line_1_32' title="bbox 309 3917 2869 4002; baseline 0.002 -27"><span class='ocrx_word' id='word_1_299' title='bbox 309 3924 484 3978; x_wconf 86' lang='lat' dir='ltr'>tutto</span> <span class='ocrx_word' id='word_1_300' title='bbox 550 3918 712 3980; x_wconf 88' lang='lat' dir='ltr'>vien</span> <span class='ocrx_word' id='word_1_301' title='bbox 761 3917 854 3980; x_wconf 89' lang='lat' dir='ltr'>da</span> <span class='ocrx_word' id='word_1_302' title='bbox 902 3917 1198 3981; x_wconf 87' lang='lat' dir='ltr'>Erasmo</span> <span class='ocrx_word' id='word_1_303' title='bbox 1245 3918 1685 3999; x_wconf 87' lang='lat' dir='ltr'>hollandino‚</span> <span class='ocrx_word' id='word_1_304' title='bbox 1733 3928 1805 3982; x_wconf 80' lang='lat' dir='ltr'>et</span> <span class='ocrx_word' id='word_1_305' title='bbox 1852 3919 2085 4002; x_wconf 86' lang='lat' dir='ltr'>questi</span> <span class='ocrx_word' id='word_1_306' title='bbox 2132 3918 2203 3981; x_wconf 89' lang='lat' dir='ltr'>di</span> <span class='ocrx_word' id='word_1_307' title='bbox 2251 3920 2471 3983; x_wconf 87' lang='lat' dir='ltr'>Cesar</span> <span class='ocrx_word' id='word_1_308' title='bbox 2516 3918 2679 3981; x_wconf 86' lang='lat' dir='ltr'>tutti</span> <span class='ocrx_word' id='word_1_309' title='bbox 2726 3922 2869 3981; x_wconf 88' lang='lat' dir='ltr'>ben</span> 
     </span>
     <span class='ocr_line' id='line_1_33' title="bbox 309 4023 2869 4108; baseline 0.002 -26"><span class='ocrx_word' id='word_1_310' title='bbox 309 4023 372 4083; x_wconf 92' lang='lat' dir='ltr'>lo</span> <span class='ocrx_word' id='word_1_311' title='bbox 430 4042 832 4088; x_wconf 88' lang='lat' dir='ltr'>conoscono</span> <span class='ocrx_word' id='word_1_312' title='bbox 857 4074 876 4106; x_wconf 88' lang='lat'><em>‚</em></span> <span class='ocrx_word' id='word_1_313' title='bbox 941 4034 1015 4088; x_wconf 92' lang='lat' dir='ltr'>et</span> <span class='ocrx_word' id='word_1_314' title='bbox 1075 4026 1279 4106; x_wconf 88' lang='lat' dir='ltr'>quasi</span> <span class='ocrx_word' id='word_1_315' title='bbox 1341 4035 1590 4108; x_wconf 87' lang='lat' dir='ltr'>aperte</span> <span class='ocrx_word' id='word_1_316' title='bbox 1637 4028 1707 4089; x_wconf 91' lang='lat' dir='ltr'>lo</span> <span class='ocrx_word' id='word_1_317' title='bbox 1756 4026 2207 4091; x_wconf 81' lang='lat' dir='ltr'>confessanO.</span> <span class='ocrx_word' id='word_1_318' title='bbox 2302 4027 2384 4089; x_wconf 85' lang='lat' dir='ltr'>Li</span> <span class='ocrx_word' id='word_1_319' title='bbox 2433 4024 2701 4089; x_wconf 84' lang='lat' dir='ltr'>Saxoni</span> <span class='ocrx_word' id='word_1_320' title='bbox 2751 4026 2869 4107; x_wconf 89' lang='lat' dir='ltr'>qui</span> 
     </span>
     <span class='ocr_line' id='line_1_34' title="bbox 309 4128 2870 4216; baseline 0.004 -29"><span class='ocrx_word' id='word_1_321' title='bbox 309 4128 374 4189; x_wconf 86' lang='lat' dir='ltr'>in</span> <span class='ocrx_word' id='word_1_322' title='bbox 409 4130 617 4195; x_wconf 82' lang='lat' dir='ltr'>Dieta</span> <span class='ocrx_word' id='word_1_323' title='bbox 659 4131 926 4215; x_wconf 86' lang='lat' dir='ltr'>passim</span> <span class='ocrx_word' id='word_1_324' title='bbox 958 4133 1344 4214; x_wconf 89' lang='lat' dir='ltr'>publicano</span> <span class='ocrx_word' id='word_1_325' title='bbox 1379 4152 1573 4196; x_wconf 88' lang='lat' dir='ltr'>esser</span> <span class='ocrx_word' id='word_1_326' title='bbox 1605 4132 1907 4197; x_wconf 85' lang='lat' dir='ltr'>viridico</span> <span class='ocrx_word' id='word_1_327' title='bbox 1936 4134 2245 4199; x_wconf 89' lang='lat' dir='ltr'>Martino</span> <span class='ocrx_word' id='word_1_328' title='bbox 2279 4136 2543 4216; x_wconf 71' lang='lat' dir='ltr'>perche</span> <span class='ocrx_word' id='word_1_329' title='bbox 2574 4134 2870 4197; x_wconf 84' lang='lat' dir='ltr'>Erasmo</span> 
     </span>
     <span class='ocr_line' id='line_1_35' title="bbox 309 4238 2873 4323; baseline 0.003 -28"><span class='ocrx_word' id='word_1_330' title='bbox 309 4246 468 4299; x_wconf 88' lang='lat' dir='ltr'>tene</span> <span class='ocrx_word' id='word_1_331' title='bbox 538 4240 622 4303; x_wconf 83' lang='lat' dir='ltr'>da</span> <span class='ocrx_word' id='word_1_332' title='bbox 680 4240 800 4303; x_wconf 88' lang='lat' dir='ltr'>lui.</span> <span class='ocrx_word' id='word_1_333' title='bbox 895 4238 980 4302; x_wconf 90' lang='lat' dir='ltr'>El</span> <span class='ocrx_word' id='word_1_334' title='bbox 1028 4249 1292 4323; x_wconf 87' lang='lat' dir='ltr'>nepote</span> <span class='ocrx_word' id='word_1_335' title='bbox 1355 4241 1471 4303; x_wconf 86' lang='lat' dir='ltr'>del</span> <span class='ocrx_word' id='word_1_336' title='bbox 1520 4241 1744 4322; x_wconf 79' lang='lat' dir='ltr'>Daca,</span> <span class='ocrx_word' id='word_1_337' title='bbox 1794 4241 1860 4303; x_wconf 89' lang='lat' dir='ltr'>el</span> <span class='ocrx_word' id='word_1_338' title='bbox 1909 4244 2075 4322; x_wconf 86' lang='lat' dir='ltr'>qual</span> <span class='ocrx_word' id='word_1_339' title='bbox 2122 4242 2359 4304; x_wconf 88' lang='lat' dir='ltr'>debbe</span> <span class='ocrx_word' id='word_1_340' title='bbox 2409 4242 2757 4322; x_wconf 80' lang='lat' dir='ltr'>desposar</span> <span class='ocrx_word' id='word_1_341' title='bbox 2802 4243 2873 4303; x_wconf 85' lang='lat' dir='ltr'>la</span> 
     </span>
     <span class='ocr_line' id='line_1_36' title="bbox 312 4346 2479 4430; baseline 0.004 -27"><span class='ocrx_word' id='word_1_342' title='bbox 312 4346 567 4407; x_wconf 88' lang='lat' dir='ltr'>sorella</span> <span class='ocrx_word' id='word_1_343' title='bbox 609 4347 680 4410; x_wconf 86' lang='lat' dir='ltr'>di</span> <span class='ocrx_word' id='word_1_344' title='bbox 729 4347 972 4425; x_wconf 90' lang='lat' dir='ltr'>Cesar,</span> <span class='ocrx_word' id='word_1_345' title='bbox 1021 4348 1058 4410; x_wconf 77' lang='grc' dir='ltr'><em>ὲ</em></span> <span class='ocrx_word' id='word_1_346' title='bbox 1107 4347 1229 4429; x_wconf 76' lang='lat' dir='ltr'>piii</span> <span class='ocrx_word' id='word_1_347' title='bbox 1275 4348 1531 4412; x_wconf 88' lang='lat' dir='ltr'>infetto</span> <span class='ocrx_word' id='word_1_348' title='bbox 1581 4348 1650 4411; x_wconf 92' lang='lat' dir='ltr'>in</span> <span class='ocrx_word' id='word_1_349' title='bbox 1700 4358 1951 4430; x_wconf 85' lang='lat' dir='ltr'>questo</span> <span class='ocrx_word' id='word_1_350' title='bbox 2002 4351 2134 4412; x_wconf 88' lang='lat' dir='ltr'>che</span> <span class='ocrx_word' id='word_1_351' title='bbox 2180 4350 2229 4411; x_wconf 92' lang='lat' dir='ltr'>il</span> <span class='ocrx_word' id='word_1_352' title='bbox 2280 4348 2479 4413; x_wconf 80' lang='lat' dir='ltr'>Thio.</span> 
     </span>
    </p>

    <p class='ocr_par' dir='ltr' id='par_1_8' title="bbox 311 4451 2871 4970">
     <span class='ocr_line' id='line_1_37' title="bbox 483 4451 2869 4536; baseline 0.003 -23"><span class='ocrx_word' id='word_1_353' title='bbox 483 4451 573 4514; x_wconf 89' lang='lat' dir='ltr'>El</span> <span class='ocrx_word' id='word_1_354' title='bbox 613 4454 818 4517; x_wconf 88' lang='lat' dir='ltr'>Duca</span> <span class='ocrx_word' id='word_1_355' title='bbox 865 4453 1183 4536; x_wconf 81' lang='lat' dir='ltr'>Georgio</span> <span class='ocrx_word' id='word_1_356' title='bbox 1243 4455 1409 4518; x_wconf 90' lang='lat' dir='ltr'>olim</span> <span class='ocrx_word' id='word_1_357' title='bbox 1474 4464 1658 4518; x_wconf 86' lang='lat' dir='ltr'>tutto</span> <span class='ocrx_word' id='word_1_358' title='bbox 1721 4466 1970 4519; x_wconf 83' lang='lat' dir='ltr'>nostro</span> <span class='ocrx_word' id='word_1_359' title='bbox 2018 4458 2113 4519; x_wconf 88' lang='lat' dir='ltr'>ha</span> <span class='ocrx_word' id='word_1_360' title='bbox 2156 4456 2337 4519; x_wconf 86' lang='lat' dir='ltr'>fatto</span> <span class='ocrx_word' id='word_1_361' title='bbox 2386 4457 2475 4519; x_wconf 90' lang='lat' dir='ltr'>de</span> <span class='ocrx_word' id='word_1_362' title='bbox 2524 4458 2705 4521; x_wconf 82' lang='lat' dir='ltr'>male</span> <span class='ocrx_word' id='word_1_363' title='bbox 2756 4458 2869 4519; x_wconf 89' lang='lat' dir='ltr'>de-</span> 
     </span>
     <span class='ocr_line' id='line_1_38' title="bbox 311 4560 2871 4643; baseline 0.003 -24"><span class='ocrx_word' id='word_1_364' title='bbox 311 4560 744 4624; x_wconf 85' lang='lat' dir='ltr'>mostrationi</span> <span class='ocrx_word' id='word_1_365' title='bbox 793 4571 867 4623; x_wconf 86' lang='lat' dir='ltr'>et</span> <span class='ocrx_word' id='word_1_366' title='bbox 913 4561 1225 4643; x_wconf 87' lang='lat' dir='ltr'>exempli</span> <span class='ocrx_word' id='word_1_367' title='bbox 1273 4562 1394 4643; x_wconf 91' lang='lat' dir='ltr'>qui</span> <span class='ocrx_word' id='word_1_368' title='bbox 1441 4562 1512 4625; x_wconf 90' lang='lat' dir='ltr'>in</span> <span class='ocrx_word' id='word_1_369' title='bbox 1561 4563 1778 4626; x_wconf 85' lang='lat' dir='ltr'>Dieta</span> <span class='ocrx_word' id='word_1_370' title='bbox 1825 4572 2073 4626; x_wconf 84' lang='lat' dir='ltr'>contra</span> <span class='ocrx_word' id='word_1_371' title='bbox 2119 4563 2259 4641; x_wconf 89' lang='lat' dir='ltr'>noi,</span> <span class='ocrx_word' id='word_1_372' title='bbox 2309 4573 2379 4627; x_wconf 87' lang='lat' dir='ltr'>et</span> <span class='ocrx_word' id='word_1_373' title='bbox 2426 4584 2691 4627; x_wconf 87' lang='lat' dir='ltr'>ancora</span> <span class='ocrx_word' id='word_1_374' title='bbox 2739 4566 2871 4626; x_wconf 88' lang='lat' dir='ltr'>che</span> 
     </span>
     <span class='ocr_line' id='line_1_39' title="bbox 312 4660 2871 4753; baseline 0.002 -27"><span class='ocrx_word' id='word_1_375' title='bbox 312 4666 460 4743; x_wconf 81' lang='lat' dir='ltr'>pari</span> <span class='ocrx_word' id='word_1_376' title='bbox 511 4668 602 4729; x_wconf 86' lang='lat' dir='ltr'>ad</span> <span class='ocrx_word' id='word_1_377' title='bbox 663 4669 896 4733; x_wconf 87' lang='lat' dir='ltr'>alcuni</span> <span class='ocrx_word' id='word_1_378' title='bbox 943 4670 1074 4731; x_wconf 88' lang='grc'><strong>6116</strong></span> <span class='ocrx_word' id='word_1_379' title='bbox 1125 4671 1193 4731; x_wconf 89' lang='grc'>16</span> <span class='ocrx_word' id='word_1_380' title='bbox 1242 4669 1384 4731; x_wconf 87' lang='lat' dir='ltr'>faci</span> <span class='ocrx_word' id='word_1_381' title='bbox 1429 4672 1519 4732; x_wconf 92' lang='lat' dir='ltr'>ad</span> <span class='ocrx_word' id='word_1_382' title='bbox 1569 4680 1744 4751; x_wconf 83' lang='lat' dir='ltr'>arte,</span> <span class='ocrx_word' id='word_1_383' title='bbox 1794 4671 2103 4735; x_wconf 81' lang='lat' dir='ltr'>dandoci</span> <span class='ocrx_word' id='word_1_384' title='bbox 2150 4682 2403 4736; x_wconf 85' lang='lat' dir='ltr'>contra</span> <span class='ocrx_word' id='word_1_385' title='bbox 2447 4672 2516 4734; x_wconf 88' lang='lat' dir='ltr'>in</span> <span class='ocrx_word' id='word_1_386' title='bbox 2568 4660 2871 4753; x_wconf 74' lang='lat' dir='ltr'>qualche</span> 
     </span>
     <span class='ocr_line' id='line_1_40' title="bbox 311 4777 2869 4861; baseline 0.002 -26"><span class='ocrx_word' id='word_1_387' title='bbox 311 4784 514 4851; x_wconf 83' lang='lat' dir='ltr'>parte</span> <span class='ocrx_word' id='word_1_388' title='bbox 579 4794 699 4854; x_wconf 89' lang='lat' dir='ltr'>per</span> <span class='ocrx_word' id='word_1_389' title='bbox 759 4788 972 4857; x_wconf 90' lang='lat' dir='ltr'>poter</span> <span class='ocrx_word' id='word_1_390' title='bbox 1037 4779 1298 4857; x_wconf 86' lang='lat' dir='ltr'>meglio</span> <span class='ocrx_word' id='word_1_391' title='bbox 1347 4777 1649 4840; x_wconf 87' lang='lat' dir='ltr'>favorici</span> <span class='ocrx_word' id='word_1_392' title='bbox 1697 4778 1768 4840; x_wconf 87' lang='lat' dir='ltr'>in</span> <span class='ocrx_word' id='word_1_393' title='bbox 1818 4779 1889 4840; x_wconf 94' lang='lat' dir='ltr'>lo</span> <span class='ocrx_word' id='word_1_394' title='bbox 1938 4780 2072 4843; x_wconf 86' lang='lat' dir='ltr'>che</span> <span class='ocrx_word' id='word_1_395' title='bbox 2118 4779 2241 4861; x_wconf 71' lang='lat' dir='ltr'>pin</span> <span class='ocrx_word' id='word_1_396' title='bbox 2290 4778 2629 4861; x_wconf 87' lang='lat' dir='ltr'>importa;</span> <span class='ocrx_word' id='word_1_397' title='bbox 2684 4778 2869 4841; x_wconf 92' lang='lat' dir='ltr'>Non-</span> 
     </span>
     <span class='ocr_line' id='line_1_41' title="bbox 317 4879 2871 4970; baseline 0.004 -32"><span class='ocrx_word' id='word_1_398' title='bbox 317 4879 598 4943; x_wconf 86' lang='lat' dir='ltr'>dimeno</span> <span class='ocrx_word' id='word_1_399' title='bbox 639 4886 820 4948; x_wconf 89' lang='lat' dir='ltr'>male</span> <span class='ocrx_word' id='word_1_400' title='bbox 867 4888 906 4949; x_wconf 76' lang='grc' dir='ltr'>ὲ</span> <span class='ocrx_word' id='word_1_401' title='bbox 956 4884 1064 4947; x_wconf 82' lang='lat' dir='ltr'>far</span> <span class='ocrx_word' id='word_1_402' title='bbox 1113 4886 1352 4949; x_wconf 88' lang='lat' dir='ltr'>danno</span> <span class='ocrx_word' id='word_1_403' title='bbox 1402 4885 1493 4948; x_wconf 88' lang='lat' dir='ltr'>da</span> <span class='ocrx_word' id='word_1_404' title='bbox 1542 4884 1905 4968; x_wconf 88' lang='lat' dir='ltr'>Principio</span> <span class='ocrx_word' id='word_1_405' title='bbox 1952 4906 2085 4969; x_wconf 86' lang='lat' dir='ltr'>per</span> <span class='ocrx_word' id='word_1_406' title='bbox 2134 4888 2493 4952; x_wconf 85' lang='lat' dir='ltr'>remediar</span> <span class='ocrx_word' id='word_1_407' title='bbox 2547 4887 2690 4970; x_wconf 90' lang='lat' dir='ltr'>poi.</span> <span class='ocrx_word' id='word_1_408' title='bbox 2787 4886 2871 4949; x_wconf 86' lang='lat' dir='ltr'>El</span> 
     </span>
    </p>
   </div>
  </div>
 </body>
</html>
