3575 5775
1777 555 1895 609 0-{3
1974 557 2093 612 190·
2156 555 2273 608 ΕΗ)

748 697 940 760 duict
988 719 1074 760 en
1124 720 1204 761 sa
1252 699 1519 762 maison
1569 709 1640 762 et
1687 722 1899 782 apres
1946 722 2119 766 aura
2168 702 2603 785 plusgrande
2654 702 2939 766 ocasion
3008 703 3099 765 de
3147 723 3295 784 pro-

745 806 962 868 cedet
1017 815 1264 870 contre
1311 809 1432 889 luy
1499 828 1773 872 comme
1828 819 2075 872 contre
2122 830 2273 892 ung
2332 809 2743 892 hereticque
2800 811 3151 892 endurcy,
3214 833 3297 874 en

747 915 1056 994 laquelle
1103 916 1320 978 chose
1381 916 1630 978 lesdits
1679 925 1870 980 estas
1934 919 2224 980 veulent
2284 919 2587 980 adheret
2648 938 2691 978 a
2752 927 2957 979 votre
3006 915 3303 980 Maieste

747 1030 818 1082 et
866 1022 1138 1084 donner
1187 1023 1372 1104 ayde
1421 1033 1492 1086 et
1520 1024 1909 1088 assistence
1958 1035 2029 1087 et
2076 1024 2277 1106 point
2324 1027 2544 1087 lesser
2594 1026 2663 1086 la
2709 1023 2837 1106 foy
2877 1024 3305 1088 christienne

747 1149 789 1188 a
836 1127 1190 1192 loccasion
1243 1132 1332 1192 de
1381 1139 1532 1194 cest
1578 1132 1881 1196 homme.
1976 1131 2369 1194 Touteffois
2417 1131 2501 1194 ilz
2551 1153 2627 1195 se
2657 1141 3039 1194 remettent
3090 1142 3306 1215 quant

747 1255 789 1296 a
854 1256 934 1298 ce
995 1257 1036 1298 a
1085 1237 1524 1318 plusgrande
1586 1238 2058 1301 deliberation
2126 1240 2215 1301 de
2282 1246 2521 1302 vostre
2587 1238 2879 1301 maieste
2938 1240 3307 1322 supplians

747 1342 1230 1405 humblement
1261 1365 1396 1426 que
1431 1353 1670 1407 vostre
1702 1345 1999 1409 maieste
2047 1347 2255 1408 veule
2284 1348 2594 1427 prendre
2628 1354 2819 1409 ceste
2868 1347 3303 1410 admonition

747 1458 934 1511 estre
983 1449 1194 1512 facile
1243 1471 1514 1514 comme
1563 1453 1652 1514 de
1703 1473 1919 1514 coeur
1968 1454 2159 1535 loyal
2210 1462 2281 1515 et
2312 1453 2587 1516 subiect
2621 1464 2693 1516 et
2724 1473 2897 1516 avec
2946 1455 3306 1518 clemence

745 1557 814 1617 la
860 1555 1292 1638 interpreter
1350 1579 1438 1621 au
1488 1558 1774 1622 mieulx.
1870 1559 2021 1641 Soy
2068 1559 2653 1622 recommandans
2702 1581 2745 1622 a
2799 1558 3005 1622 icelle
3070 1569 3309 1623 vostre

746 1661 1038 1728 maieste
1086 1685 1248 1728 vers
1297 1667 1603 1747 laquelle
1653 1668 1989 1729 voeulent
2036 1665 2391 1729 tousiours
2423 1665 2831 1730 fidelement
2875 1687 3007 1749 soy
3037 1677 3309 1749 portet.

2151 1875 2167 1886 -,
2188 1875 2228 1887 -v

1971 2107 2055 2176 72

1315 2235 1466 2318 Rex
1521 2239 2013 2342 Portugalliae
2068 2239 2275 2319 Arch.
2335 2235 2749 2317 Coloniensi.

1639 2389 1808 2458 (Aeta
1841 2386 2112 2445 wormac.
2148 2385 2239 2444 fol.
2274 2385 2407 2453 178.)

1747 2505 1855 2576 (21.
1896 2508 2101 2572 Aprilis
2147 2505 2319 2574 1521.)

929 2630 1174 2694 Revmo
1220 2633 1292 2694 in
1342 2633 1618 2696 Christe
1667 2633 1855 2715 patri
1903 2644 2117 2715 atque
2163 2631 2635 2697 illustrissimo
2681 2631 2985 2712 principi
3034 2628 3313 2694 Coloni-

755 2739 910 2800 ensi
956 2738 1525 2823 Archiepiscopo
1561 2740 1999 2821 Italiaequae
2048 2740 2475 2804 cancellario
2526 2749 2599 2802 et
2645 2737 2827 2800 sacri
2876 2737 2970 2801 R.
3020 2736 3315 2819 Imperii

753 2845 1046 2909 electori
1097 2845 1323 2910 amico
1373 2847 1826 2911 CharissimO.
1923 2847 2263 2912 Emanuel
2313 2847 2447 2913 Dei
2497 2845 2732 2929 gratia
2777 2865 2909 2909 rex
2938 2845 3315 2928 Portugal-

751 2952 888 3015 liae
959 2965 1030 3015 et
1097 2954 1604 3036 Algarbiorum
1669 2956 1845 3019 citra
1910 2958 2237 3037 ultraque
2302 2976 2497 3018 mare
2548 2955 2617 3017 in
2667 2953 2917 3016 Africa
2966 2954 3315 3017 Dominus

753 3058 1031 3124 Guinee
1081 3069 1154 3123 et
1200 3063 1680 3144 expeditionis
1727 3062 2203 3144 navigationis
2265 3084 2347 3125 ac
2420 3060 2821 3124 commercii
2880 3060 3315 3145 Aethiopiae

753 3168 1070 3231 Arabiae
1105 3170 1417 3235 Persidis
1465 3179 1677 3253 atque
1725 3171 1977 3233 Indiae
2012 3166 2084 3234 S.
2126 3170 2213 3231 D.
2294 3169 2467 3231 Cum
2510 3190 2601 3230 ex
2634 3168 3009 3230 multorum
3058 3168 3316 3233 litteris

752 3276 1108 3359 certisque
1157 3276 1432 3339 nunciis
1479 3288 1550 3341 et
1599 3277 1948 3341 constanti
1999 3279 2188 3342 fama
2256 3275 2799 3359 cognoverimus
2862 3276 3313 3339 Christianae

752 3382 919 3445 fidei
987 3385 1265 3447 hostem
1336 3397 1409 3447 et
1476 3384 1897 3466 perditionis
1972 3384 2189 3447 filium
2251 3384 2635 3446 Martinum
2702 3382 3085 3445 Lutherum
3172 3404 3311 3445 non

753 3489 965 3553 modo
1012 3494 1255 3572 plures
1287 3492 1426 3554 iam
1473 3494 1778 3574 populos
1828 3501 1899 3555 et
1928 3492 2251 3555 civitates
2283 3489 2426 3554 suis
2458 3490 2921 3553 concionibus
2968 3490 3311 3572 falsisque

754 3598 1168 3661 commentis
1215 3600 1286 3663 in
1333 3598 1716 3663 Germania
1765 3599 2155 3680 decepisse,
2205 3599 2334 3661 sed
2379 3598 2633 3681 impios
2682 3606 2753 3659 et
2780 3596 3002 3678 iniqui
3050 3596 3314 3659 erroris

754 3704 976 3767 libros
1023 3706 1448 3787 publicasse,
1498 3706 1756 3788 quibus
1806 3716 1876 3769 et
1926 3706 2377 3769 Germaniam
2440 3705 2666 3786 ipsam
2724 3713 2795 3768 et
2844 3724 3019 3786 quas
3068 3712 3315 3785 posset

755 3811 1181 3875 christianas
1242 3813 1566 3877 nationes
1622 3835 1663 3876 a
1725 3813 1915 3876 veris
1978 3812 2051 3878 S.
2109 3812 2204 3875 R.
2263 3811 2627 3874 Ecclesiae
2697 3810 3183 3873 sanctionibus
3246 3822 3317 3873 et

755 3918 1017 3981 Christi
1066 3919 1314 3983 vicarii
1362 3920 1630 3984 ditione
1681 3922 1750 3983 in
1804 3942 2003 3983 suam
2035 3923 2417 4002 reprobam
2450 3920 2860 4000 opinionem
2904 3919 3313 3995 deduceret,

755 4047 884 4089 nos
931 4047 1065 4108 pro
1115 4048 1200 4089 ea
1248 4027 1689 4110 obligatione
1736 4050 1821 4091 ac
1869 4028 2011 4091 fide
2060 4047 2199 4109 qua
2246 4046 2492 4089 omnes
2526 4025 2903 4089 Christiani
2953 4024 3328 4107 principes

753 4134 911 4196 Deo
999 4145 1069 4197 et
1148 4133 1220 4199 S.
1284 4135 1498 4198 Matri
1565 4136 1933 4199 Ecclesiae
1997 4133 2547 4216 obstringimur‚
2624 4153 2754 4214 pro
2830 4143 3072 4195 nostro
3139 4152 3316 4214 erga

756 4240 1136 4303 Cesaream
1163 4242 1611 4305 Maiestatem
1645 4244 1943 4324 speciali
1965 4243 2273 4324 quodam
2302 4240 2546 4303 debito
2581 4240 3039 4322 fraternoque
3072 4259 3315 4302 amore

756 4357 828 4409 et
875 4349 1272 4412 arctissimo
1321 4350 1864 4413 necessitudinis
1910 4350 2195 4412 vinculo
2246 4368 2457 4430 quum
2516 4348 2607 4409 ad
2656 4332 2813 4410 eum
2869 4345 3313 4429 potissimum

753 4452 962 4517 huius
1011 4466 1152 4518 tam
1201 4457 1464 4519 atrocis
1511 4456 1802 4519 sceleris
1850 4455 2165 4518 vindicta
2230 4454 2552 4536 plurimis
2600 4455 2689 4517 de
2738 4452 2969 4515 causis
3016 4462 3315 4534 spectet,

756 4572 901 4624 tum
951 4562 1202 4625 litteris
1249 4583 1465 4645 super
1512 4564 1640 4626 hac
1691 4584 1768 4626 re
1819 4574 1962 4625 tum
2017 4562 2226 4625 etiam
2277 4570 2545 4625 certum
2593 4561 2915 4623 nuntium
2980 4558 3049 4621 in
3112 4579 3313 4639 prae-

754 4668 985 4731 sentia
1047 4668 1593 4750 destinavimus,
1659 4692 1857 4733 suam
1914 4669 2365 4733 Maiestatem
2416 4688 2686 4730 summo
2735 4666 2969 4730 studio
3032 4676 3316 4728 orantes

754 4788 969 4858 atque
1003 4775 1212 4839 etiam
1250 4780 1714 4841 exhortantes
1748 4791 1825 4840 ut
1856 4778 1963 4841 sui
2008 4774 2490 4859 augustissimi
2540 4775 2803 4858 sceptri
2832 4772 3313 4854 memoriaque

754 4882 1286 4949 eminentissimi
1337 4884 1494 4948 solii
1543 4886 1614 4948 in
1665 4906 1805 4967 quo
1854 4906 1901 4948 a
1945 4886 2105 4955 Deo
2152 4882 2405 4955 merito
2458 4892 2565 4947 est
2613 4883 2964 4947 collocata
3024 4888 3099 4944 ut
3144 4878 3314 4945 inde
