3575 5775
1777 569 2233 625 04:312&

722 717 1068 796 Joannem
1103 719 1396 783 Echium
1447 720 1711 783 licteris
1743 721 2157 804 apostolicis
2206 722 2299 783 ad
2330 723 2861 802 procedendum
2904 723 3111 803 juxta
3144 746 3283 785 mo-

725 825 890 887 dum
943 836 1012 889 et
1060 827 1358 889 formam
1409 828 1481 889 in
1531 828 1798 893 eisdem
1848 830 2115 892 licteris
2165 828 2520 892 contentis
2553 838 2804 892 contra
2838 841 2909 893 et
2940 833 3288 895 adversus

725 935 1080 1014 quendam
1131 934 1420 999 fratrem
1467 936 1853 999 Martinum
1904 936 2171 999 Luther
2236 946 2307 998 et
2369 938 2519 1018 ejus
2580 936 2847 1020 scripta
2907 938 3288 1001 fuissemus

724 1042 1066 1124 requisiti,
1118 1064 1249 1106 nec
1284 1065 1424 1106 non
1469 1044 1678 1107 nobis
1727 1043 1881 1106 sine
1913 1063 2285 1121 consensu,
2334 1054 2532 1107 certa
2564 1044 2883 1125 scientia,
2914 1048 3287 1109 voluntate

726 1152 1014 1213 decreto
1077 1161 1148 1212 et
1210 1153 1541 1214 mandato
1610 1160 1895 1214 vestrae
1945 1150 2295 1214 Caesaree
2354 1162 2426 1213 et
2473 1151 2837 1215 Catholice
2886 1153 3287 1234 Majestatis

725 1257 824 1318 uti
871 1257 1214 1339 principis
1263 1268 1334 1320 et
1381 1258 1778 1322 fundatoris
1846 1258 2069 1321 nostri
2117 1260 2511 1339 procedere
2573 1260 2643 1320 in
2694 1269 2836 1321 tam
2886 1260 3106 1324 arduo
3166 1282 3283 1323 ne-

723 1364 934 1445 gocio
998 1365 1224 1427 licuit:
1336 1365 1572 1446 Quare
1635 1386 1922 1429 causam
1986 1367 2213 1448 ipsam
2276 1368 2368 1427 ad
2432 1366 2827 1429 Caesareae
2891 1378 2961 1429 et
3026 1368 3283 1431 Catho-

723 1470 946 1557 licae‘u
966 1472 1361 1553 Majestatis
1431 1474 1728 1537 Vestrae
1804 1474 2132 1537 noticiam
2212 1473 2730 1536 devolvendam
2807 1476 3137 1538 duximus
3207 1485 3283 1537 et

721 1579 909 1641 illius
959 1581 1335 1643 occasione
1367 1582 1956 1662 protestationem
2007 1583 2397 1645 solemnem
2428 1581 2723 1644 fecimus
2756 1592 2827 1645 et
2856 1582 3281 1664 interposui-

723 1708 874 1749 mus
923 1688 1306 1769 copiasque
1357 1690 1669 1770 ejusdem
1717 1692 1811 1752 ad
1874 1688 2205 1753 Vestram
2255 1690 2677 1751 Caesaream
2726 1700 2792 1751 et
2840 1690 3282 1753 Catholicam

721 1794 1164 1875 Majestatem
1213 1796 1770 1877 transmittimus„
1804 1797 2159 1860 humiliter
2188 1798 2489 1859 eandem
2512 1807 2817 1859 vestram
2855 1798 3281 1861 Caesaream

721 1912 793 1965 et
842 1902 1275 1967 Catholicam
1325 1904 1771 1986 Majestatem
1838 1907 2145 1986 desuper
2204 1904 2481 1968 devotis
2548 1904 2879 1985 precibus
2928 1916 3279 1987 petentes,

720 2012 1054 2093 dignetur
1090 2012 1178 2073 de
1213 2022 1446 2075 mente
1481 2021 1552 2075 et
1582 2012 1977 2076 intentione
2010 2023 2289 2075 vestrae
2320 2013 2716 2076 Caesareae
2746 2032 2825 2074 ac
2864 2011 3279 2075 Catholicae

719 2118 1109 2200 Majestatis
1159 2140 1288 2182 nos
1328 2119 1669 2183 certiores
1709 2120 2020 2201 efficere,
2070 2120 2239 2203 quid
2289 2122 2379 2183 ad
2431 2129 2697 2181 tantam
2732 2119 3279 2199 exquisitionem

721 2226 924 2288 nobis
972 2230 1331 2308 agendum
1375 2228 1638 2291 veniat.
1716 2227 2084 2290 Noluimus
2134 2227 2319 2289 enim
2368 2226 2438 2288 in
2489 2236 2688 2289 tanto
2736 2246 2969 2288 rerum
3035 2226 3275 2289 discri-

719 2334 904 2397 mine
955 2356 1046 2397 ex
1095 2335 1327 2397 causis
1376 2346 1447 2398 et
1497 2334 1778 2398 motivis
1826 2336 1896 2397 in
1946 2336 2197 2397 eadem
2228 2334 2744 2417 protestatione
2787 2332 3113 2396 deductis
3158 2355 3275 2395 ve·

719 2452 932 2503 stram
985 2442 1407 2505 Caesaream
1467 2453 1537 2505 et
1587 2442 2025 2505 Catholicam
2073 2442 2519 2522 Majestatem
2596 2441 2961 2522 preteriri,
3042 2462 3277 2523 neque

715 2549 902 2615 illius
951 2550 1326 2612 occasione
1375 2549 1766 2629 Majestatis
1828 2558 2111 2611 vestrae
2159 2550 2698 2630 indignationen
2749 2548 3085 2630 incidere,
3148 2551 3277 2611 sed

715 2662 1155 2722 voluntatem
1205 2668 1510 2719 mentem
1576 2666 1644 2719 et
1693 2657 2126 2719 decisionem
2178 2656 2485 2736 ejusdem
2536 2656 2930 2735 Majestatis
2992 2664 3277 2717 vestrae

717 2777 1136 2849 expectare:
1203 2766 1332 2829 Cui
1405 2785 1534 2828 nos
1610 2785 2031 2846 omnemque
2100 2784 2389 2846 operam
2454 2773 2765 2825 nostram
2842 2764 3276 2825 devovemus

716 2875 1096 2941 subicimus
1165 2884 1235 2936 et
1301 2872 1685 2936 humillime
1753 2872 1853 2935 uti
1901 2871 2206 2955 principi
2270 2882 2341 2934 et
2407 2871 2765 2934 fundatori
2823 2880 3067 2934 nostro
3136 2871 3272 2933 cle-

716 2985 1144 3048 mentissimo
1196 2982 1793 3044 commendamus.

893 3094 1152 3154 Datum
1187 3091 1514 3153 Viennae
1547 3090 1661 3152 die
1695 3091 1905 3151 lunae
1956 3088 2231 3150 decima
2282 3086 2680 3150 decembris
2730 3087 2943 3149 Anno
2986 3085 3269 3148 Domini

713 3203 1089 3264 VicesimO.
1141 3201 1261 3263 Sic
1297 3199 1771 3279 subscriptum
1808 3197 2110 3259 Vestrae
2146 3197 2544 3259 Caesareae
2576 3205 2647 3256 et
2682 3193 3093 3257 Catholicae
3125 3193 3270 3255 Ma·

647 3333 656 3342 ·
707 3309 982 3392 jestatis
1028 3308 1330 3370 humiles
1379 3305 1770 3386 Capellani,
1820 3305 2131 3382 Rector,
2191 3305 2543 3365 Doctores
2608 3313 2677 3364 et
2726 3301 3052 3384 Magistri
3114 3301 3272 3362 Uni-

713 3414 1069 3477 versitatis
1119 3413 1466 3477 Viennae.
1523 3449 1596 3458 —
1651 3413 1734 3476 In
1783 3413 1981 3474 dorso
2042 3411 2467 3473 litterarum.-
2530 3408 3056 3473 Gloriosissimo
3116 3409 3271 3470 Illu-

715 3523 1056 3584 strissimo
1087 3532 1157 3583 et
1181 3519 1642 3583 invictissimo
1677 3519 1981 3601 principi
2010 3530 2078 3580 et
2092 3517 2398 3580 Domino
2418 3518 2719 3580 Domino
2736 3517 2992 3580 Carolo
3008 3516 3267 3579 Roma-

713 3650 961 3692 norum
996 3628 1414 3712 Imperatori
1443 3648 1526 3690 ac
1560 3627 2064 3709 Hispaniarum
2108 3624 2471 3706 utriusque
2506 3623 2789 3687 Siciliae
2841 3633 2911 3685 et
2944 3623 3269 3702 Jherusa·

712 3741 850 3801 lem
899 3736 1094 3818 Regi
1143 3735 1532 3800 Archiduci
1593 3737 1857 3797 austrie
1920 3744 1990 3798 et
2056 3735 2363 3796 Domino
2432 3745 2675 3797 nostro
2738 3733 3269 3816 gratiosissimO.

715 3885 799 3891 —
849 3845 927 3906 In
992 3844 1304 3930 Nomine}
1343 3843 1638 3928 ⁸Domini
1701 3845 1915 3905 Anno
1980 3863 2021 3904 a
2071 3842 2460 3904 Nativitate
2530 3844 2841 3924 ejusdem
2901 3841 3271 3904 millesimo

714 3951 1283 4034 quingentesimo
1317 3950 1683 4032 vigesimO,
1733 3950 2124 4012 indictione
2160 3961 2435 4024 octava,
2486 3949 2601 4012 die
2635 3970 2808 4012 vero
2843 3951 3053 4011 lunae
3086 3969 3271 4029 quae

716 4069 870 4123 erat
932 4060 1206 4123 decima
1269 4059 1528 4122 mensis
1592 4057 2013 4122 Decembris
2084 4061 2261 4120 hora
2332 4067 2589 4120 octava
2662 4072 2828 4120 ante
2906 4056 3271 4119 meridiem

714 4167 1169 4248 pontificatus
1217 4167 1640 4230 sanctissimi
1687 4167 1760 4229 in
1810 4167 2089 4228 Christo
2139 4165 2362 4246 patris
2412 4174 2480 4227 et
2515 4164 2801 4227 Domini
2859 4163 3082 4226 nostri
3132 4165 3267 4226 Do-

715 4273 882 4336 mini
944 4274 1205 4336 Leonis
1273 4274 1514 4336 divina
1576 4273 2027 4355 providentia
2092 4275 2335 4353 Papae
2400 4273 2655 4335 decimi
2720 4291 2903 4333 anno
2972 4281 3269 4334 octavo:

713 4381 1136 4462 Magnificus
1183 4403 1266 4444 ac
1319 4381 1673 4463 Egregius
1708 4381 1853 4459 ‚Vir
1903 4381 2583 4468 JoanneslUbeulhe
2634 4379 2933 4440 Heirser
2994 4378 3273 4443 Artium

717 4500 785 4550 et
835 4489 1338 4551 saluberrimae
1389 4489 1786 4551 medicinae
1820 4489 2112 4566 Doctor‚
2149 4487 2653 4550 Universitatis
2701 4487 2911 4550 studii
2948 4488 3272 4554 Viennae

716 4607 970 4672 rector,
1021 4597 1314 4667 Decani‚
1364 4605 1887 4677 procuratoreS‚
1939 4595 2356 4674 Consffiarii,
2423 4604 2490 4656 et
2551 4615 2949 4658 assessores
3012 4598 3273 4660 dictam

715 4703 1248 4766 universitatem
1282 4712 1945 4785 repraesentantes:
1998 4703 2075 4763 In
2112 4703 2247 4766 mei
2279 4701 2550 4764 Notarii
2586 4703 2851 4783 publici
2882 4715 2953 4766 et
2990 4705 3274 4768 testium

715 4809 1322 4892 infrascriptorum
1369 4811 1732 4892 presentia
1779 4813 1871 4872 ad
1919 4812 2054 4872 hoc
2104 4809 2508 4892 specialiter
2557 4820 2970 4873 vocatorum
3035 4821 3107 4874 et
3168 4833 3272 4876 ro-

713 4927 1039 5001 gatorum
1075 4919 1549 5000 personaliter
1598 4919 1987 4999 constituti,
2036 4918 2107 4981 in
2158 4917 2365 4980 solita
2414 4916 2585 4979 dicti
2616 4918 2899 4982 Domini
2932 4919 3271 4983 Rectoris
