3575 5775
1633 562 1749 633 0-<23
1828 565 1935 634 340
2012 566 2129 629 βο

601 707 720 787 via
783 718 1285 788 demonstratio
1333 727 1511 806 ben,
1583 727 1713 789 che
1772 726 2011 807 quello
2060 722 2331 804 anim0,
2402 724 2535 787 che
2596 744 2879 807 sempre
2926 723 3183 789 hanno

604 836 818 897 hauto
867 834 956 895 de
1004 832 1346 895 liberarse
1396 832 1511 893 dal
1559 832 1726 912 iugo
1776 834 1867 893 de
1915 830 2088 913 ogni
2135 830 2566 913 obedientia,
2623 840 2697 895 et
2742 830 3187 914 superiorita

604 942 670 1003 d'
697 940 878 1021 altri,
927 943 1164 1023 (quum
1213 938 1304 1001 sit
1350 940 1481 1001 che
1529 958 1809 1020 sempre
1858 937 1908 1001 li
1946 938 2375 1019 Imperatori
2420 936 2541 1020 gia
2589 938 2787 1001 molti
2832 938 3003 1003 anni
3050 940 3185 1001 ha-

606 1047 795 1111 biino
853 1057 1146 1130 possuto
1212 1064 1440 1128 pocco
1489 1045 1831 1127 disponer
1896 1046 1987 1107 de
2037 1046 2302 1126 quelle)
2368 1048 2587 1109 hauta
2653 1056 2905 1127 questa
2966 1066 3187 1109 occa-

602 1154 800 1218 sione
849 1154 940 1217 de
987 1155 1058 1215 la
1105 1150 1430 1215 doctrina
1476 1153 1869 1231 lutherana,
1920 1153 2052 1215 che
2101 1152 2494 1233 destrugge
2534 1153 2703 1235 ogni
2735 1152 3189 1231 obedientia,

600 1264 839 1325 hanno
886 1259 1504 1324 manifestamente
1563 1270 1895 1342 scoperto
1962 1261 2033 1321 la
2080 1258 2452 1341 malignita
2498 1260 2588 1322 de
2636 1260 2679 1323 l’
2707 1260 2941 1324 anima
2991 1262 3191 1339 lore,

603 1371 734 1432 6116
780 1388 912 1450 per
959 1367 1202 1430 avanti
1249 1375 1453 1429 stava
1501 1369 1809 1429 occulta.-
1879 1366 1971 1428 de
2022 1366 2231 1429 modo
2280 1366 2411 1429 che
2461 1385 2605 1429 non
2652 1368 3051 1431 solamente
3105 1367 3191 1429 in

600 1479 669 1540 le
717 1474 1215 1539 deliberationi
1277 1476 1366 1536 de
1415 1474 1483 1535 16
1533 1472 1789 1535 Diaete
1840 1481 2084 1535 tenute
2133 1490 2176 1533 a
2224 1471 2703 1555 Norimberga
2757 1492 2933 1536 sono
2984 1483 3193 1536 state

603 1580 955 1646 contrarie
1017 1602 1060 1643 a
1105 1582 1177 1642 la
1221 1579 1555 1661 ragione,
1627 1600 1742 1642 ma
1791 1600 2008 1642 ancor
2054 1578 2275 1642 fanno
2325 1578 2512 1642 assai
2566 1580 2839 1663 peggio
2885 1579 2955 1642 in
3007 1579 3194 1642 fatti

600 1690 862 1773 perche
931 1697 1118 1751 sotto
1166 1708 1374 1750 nome
1437 1689 1527 1748 de
1575 1686 1685 1749 far
1731 1687 2067 1769 predicar
2114 1686 2155 1748 1’
2185 1685 2621 1767 EvangeliO,
2692 1707 2835 1751 non
2880 1688 3192 1751 lassano

600 1796 933 1880 predicar
997 1816 1075 1858 se
1123 1814 1266 1857 non
1313 1793 1707 1873 lutherani,
1781 1806 1851 1855 et
1916 1792 2423 1877 prohibiscono
2489 1814 2535 1856 a
2580 1792 2711 1857 tuti
2758 1793 2977 1876 quelli
3038 1795 3194 1857 che

599 1904 991 1988 predicano
1039 1903 1479 1965 altramente.
2136 1912 2149 1919 ·

778 2012 836 2075 F
841 2030 1026 2075 anno
1077 2009 1248 2091 ogni
1293 2009 1512 2087 male,
1582 2028 1622 2070 a
1670 2008 1889 2088 quelli
1936 2006 2255 2089 religiosi
2319 2008 2451 2071 che
2498 2006 2875 2089 seguitano
2922 2008 2967 2070 l'
2998 2010 3198 2073 anti-

601 2140 742 2201 quo
790 2118 926 2181 rito
992 2118 1182 2179 della
1231 2113 1513 2178 Chiesia
1563 2113 1951 2195 catholica,
2023 2122 2097 2177 et
2140 2113 2408 2196 piliano
2456 2114 2506 2177 li
2554 2115 2709 2177 loro
2768 2116 2957 2179 lochi
3006 2136 3195 2181 con·

597 2224 998 2290 vertendoli
1061 2224 1133 2285 in
1193 2222 1297 2285 usi
1347 2220 1652 2304 profani.
1747 2220 2241 2300 PermettenO,
2311 2220 2474 2284 anci
2532 2220 2891 2284 inducono
2940 2222 3197 2287 Pretti

603 2343 675 2397 et
705 2330 1042 2395 Monachi
1087 2329 1300 2411 piliar
1325 2326 1537 2391 molie
1571 2328 1939 2408 monache,
1988 2348 2209 2392 overo
2240 2328 2475 2409 quelle
2524 2329 2656 2391 che
2685 2328 2915 2410 prima
2948 2350 3196 2395 erano

598 2442 752 2503 loro
801 2437 1197 2501 concubine
1246 2444 1318 2498 et
1365 2432 1742 2497 meretrici.

778 2544 860 2607 In
903 2542 1136 2606 alcuni
1169 2540 1358 2604 lochi
1402 2541 1893 2621 destruggono
1933 2542 2001 2603 le
2030 2539 2321 2622 imagini
2356 2539 2446 2602 de
2480 2536 2749 2622 Sancti,
2801 2542 2891 2607 de
2922 2554 3201 2609 nostra

601 2653 815 2715 Dona
876 2661 948 2713 et
995 2651 1110 2712 del
1160 2646 1513 2711 Salvator.
1607 2646 1767 2709 Non
1818 2648 2079 2710 voleno
2146 2648 2281 2710 che
2328 2646 2387 2708 si
2433 2645 2669 2711 facino
2718 2648 3071 2730 orationi,
3150 2674 3201 2717 a

600 2767 848 2822 nostra
893 2757 1139 2837 Dona,
1211 2754 1298 2817 ne
1350 2776 1389 2817 a
1439 2754 1706 2836 sancti,
1773 2764 1845 2817 et
1892 2752 1964 2815 in
2012 2754 2265 2815 alcune
2314 2751 2597 2817 Chiesie
2642 2755 2880 2818 hanno
2928 2757 3203 2825 levato

598 2867 643 2929 1’
677 2865 838 2929 Ave
884 2863 1148 2944 Maria,
1219 2871 1291 2926 et
1355 2860 1429 2925 in
1473 2863 1634 2927 loco
1700 2860 1793 2924 de
1842 2858 2060 2924 Salve
2106 2859 2435 2943 Regina,
2506 2862 2768 2925 voleno
2830 2862 2891 2928 si
2954 2862 3201 2933 dichi.

601 2975 819 3037 Salve
851 2973 1023 3036 Rex
1059 2983 1190 3036 etc.
1285 2970 1448 3034 Non
1489 2987 1797 3032 servano
1844 2967 1894 3030 li
1940 2966 2205 3048 ieiunii,
2254 2965 2345 3030 ne
2390 2974 2543 3030 tute
2589 2969 2657 3030 le
2690 2967 2873 3034 feste
2904 2972 3200 3056 debite,

599 3082 686 3145 116
737 3081 786 3142 11
835 3077 905 3142 (11
953 3077 1293 3162 prohibiti
1355 3077 1449 3140 da
1495 3095 1730 3138 carne.
1826 3073 1987 3137 Non
2037 3093 2301 3137 curano
2368 3073 2419 3136 li
2466 3072 2911 3140 Sacramenti
2961 3079 3063 3142 de
3120 3085 3205 3146 la

601 3185 886 3250 Chiesia
933 3185 1442 3268 specialmente
1488 3184 1558 3246 16
1589 3179 2076 3245 Confessione.
2154 3179 2245 3243 Et
2292 3201 2381 3243 ne
2413 3182 2485 3244 la
2512 3179 2960 3247 Eucharistia
2990 3207 3202 3253 sono

602 3295 698 3356 dil
746 3303 899 3356 tuto
947 3291 1257 3355 discordi
1305 3292 1398 3353 da
1444 3291 1514 3353 16
1561 3288 1821 3351 diretta
1868 3287 2007 3351 via.
2100 3286 2205 3349 Ne
2252 3288 2513 3350 voleno
2562 3289 2694 3352 che
2734 3289 3062 3370 giovano
3120 3298 3201 3360 le

600 3400 940 3480 orationi,
1011 3409 1081 3461 et
1127 3398 1638 3480 Eleemosyne,
1711 3416 1752 3459 a
1814 3393 1863 3457 11
1903 3392 2255 3457 defuncti.
2346 3393 2451 3456 Ne
2500 3413 2766 3459 cruano
2823 3395 2873 3459 li
2922 3398 3200 3467 Divini

602 3506 869 3588 Officii,
918 3507 1006 3570 ne
1055 3503 1451 3568 ornamenti
1500 3503 1592 3566 de
1638 3503 1710 3565 la
1757 3499 2059 3566 Chiesia.
2154 3499 2245 3562 Et
2292 3519 2370 3564 se
2418 3503 2675 3565 alcuna
2720 3505 2952 3586 volta,
3004 3527 3057 3570 ο
3114 3511 3201 3575 in

605 3617 860 3684 alcuno
908 3615 1067 3676 loco
1114 3610 1165 3674 li
1195 3597 1573 3694 regimenti
1620 3608 1841 3672 fanno
1876 3608 2178 3689 qualche
2210 3607 2813 3674 demonstratione
2844 3611 2935 3674 de
2966 3619 3205 3682 voler

603 3723 714 3786 far
762 3723 1106 3785 observar
1150 3721 1194 3783 l'
1222 3718 1514 3801 antiquo
1561 3717 1700 3780 rito
1747 3714 2288 3796 Ecclesiastico,
2360 3725 2513 3779 tuta
2558 3720 2755 3781 volta
2810 3740 2953 3783 non
3006 3724 3049 3786 ὲ
3109 3747 3200 3792 se

601 3850 746 3893 non
811 3827 1133 3909 fictione,
1205 3827 1468 3910 perche
1529 3825 1603 3888 in
1653 3823 1702 3886 li
1751 3821 1977 3886 effetti
2044 3843 2187 3885 non
2236 3824 2519 3886 lassano
2566 3825 2943 3905 praedicar
3010 3833 3201 3898 altri

601 3938 735 4001 che
800 3936 849 3998 li
896 3936 1284 4015 lutherani,
1353 3933 1404 3994 li
1467 3931 1660 4014 quali
1709 3949 1885 3993 sono
1945 3929 2061 3991 del
2120 3939 2274 3991 tuto
2345 3928 2680 3993 contrarii
2752 3952 2795 3995 a
2840 3931 2883 3994 l'
2910 3937 3199 4004 ordine

601 4046 844 4124 SacrO,
895 4043 1160 4106 inimici
1208 4043 1296 4105 de
1345 4040 1517 4123 ogni
1563 4041 1728 4120 lege
1777 4037 1963 4101 cossi
2011 4036 2375 4118 canonica,
2426 4056 2630 4100 corno
2678 4038 2906 4104 civile.

779 4151 1046 4216 Contra
1105 4146 1334 4231 questi
1383 4146 1765 4209 desordeni
1813 4145 2017 4226 Papa
2064 4143 2387 4206 Adriano
2435 4145 2695 4207 mando
2743 4166 2837 4208 un
2884 4147 3200 4219 Nuncio

599 4257 1056 4340 Apostoli00‚
1105 4277 1149 4318 a
1194 4257 1264 4318 la
1313 4254 1571 4317 Diaeta
1619 4253 1710 4315 de
1758 4252 2282 4332 Noremberga,
2348 4252 2413 4312 el
2463 4253 2627 4331 qual
2678 4272 2821 4315 non
2870 4262 3200 4337 reportb

598 4365 778 4427 altro
842 4365 974 4426 che
1022 4375 1350 4444 resposta
1412 4360 1770 4443 captiosa;
1842 4358 2106 4441 perche
2153 4357 2227 4419 in
2275 4358 2434 4420 loco
2493 4358 2582 4421 de
2646 4359 2777 4422 dar
2822 4367 3197 4450 remedio,

597 4491 641 4534 a
703 4471 882 4533 tanti
951 4468 1208 4549 errori,
1280 4470 1592 4532 secundo
1660 4467 1793 4528 6116
1843 4464 2357 4527 commandano
2424 4471 2575 4527 tute
2642 4465 2807 4546 lege
2871 4471 3199 4554 antique

596 4575 938 4641 canonice
1009 4586 1081 4639 et
1128 4576 1353 4657 civili,
1424 4587 1496 4639 et
1566 4576 1634 4636 lo
1684 4573 1921 4636 edicto
1984 4572 2074 4634 de
2121 4573 2192 4634 16
2240 4569 2595 4634 Caesarea
2642 4571 2919 4636 Maesta
2983 4576 3197 4646 fatto

593 4686 665 4748 in
738 4686 809 4747 la
855 4684 1116 4747 Diaeta
1183 4684 1272 4746 de
1319 4681 1722 4746 Wormatia
1788 4680 1879 4742 de
1928 4698 2278 4742 consenso
2346 4678 2437 4741 de
2502 4687 2655 4742 tuto
2720 4681 2791 4743 lo
2838 4679 3195 4770 imperio,

594 4813 809 4856 senza
871 4792 1077 4854 alcun
1126 4799 1444 4872 respett‘o
1509 4788 1599 4851 de
1647 4785 1797 4850 Sua
1842 4785 2121 4849 Maesta
2180 4785 2422 4848 fecero
2470 4805 2657 4848 nove
2704 4789 3197 4876 conclusioni,

592 4910 664 4961 et
711 4897 1216 4981 respondendo
1266 4897 1357 4959 de
1403 4898 1605 4959 voler
1653 4895 1782 4958 dar
1829 4892 2184 4974 remedi0,
2257 4900 2330 4956 et
2374 4892 2486 4955 far
2544 4891 2878 4974 predicar
2925 4899 2996 4960 la
3049 4919 3193 4982 pa-
