3575 5775
1851 896 1935 963 25
1989 949 2000 963 .

834 1012 879 1102 J
881 1029 1147 1095 oannes
1202 1009 1467 1095 Eckius
1523 1014 1567 1095 J
1570 1035 1625 1095 0.
1682 1014 1885 1096 Matt.
1940 900 2278 1095 {hiberin
2335 1010 2563 1119 Episo.
2624 1016 3029 1097 Veronensi

1373 1172 1557 1240 (thi
1594 1170 1660 1232 et
1698 1172 1858 1233 alior.
1896 1172 2202 1247 Epistulae.
2235 1173 2325 1233 fol.
2363 1174 2507 1245 246.)

1683 1302 1787 1363 (30.
1827 1302 1974 1367 Sept.
2021 1302 2196 1370 1525.)

826 1440 1461 1505 Reverendissirno
1512 1442 1577 1504 in
1634 1439 1913 1505 Christo
1973 1440 2168 1507 Patri
2231 1464 2314 1507 ac
2385 1445 2692 1508 Domino
2743 1444 3046 1507 Domino
3097 1442 3214 1523 Jo-

652 1542 817 1612 anni
854 1538 1191 1611 ‘Mattheo
1242 1549 1600 1631 Episcopo
1650 1548 2049 1612 Veronensi
2123 1545 2194 1614 S.
2259 1552 2346 1614 D.
2411 1550 2494 1614 N.
2556 1553 2874 1628 Datario,
2937 1552 3220 1614 Maece-

648 1655 793 1719 nati
844 1671 991 1718 su0.

826 1764 898 1829 S.
949 1764 1027 1826 P.
1093 1782 1248 1826 cum
1297 1762 1761 1844 paratissimis
1812 1762 2192 1844 obsequiis,
2289 1764 2673 1846 Transegit
2719 1786 2946 1847 nepos
2995 1786 3218 1847 metm,

646 1868 1278 1933 Reverendissime
1327 1872 1563 1951 Pater,
1631 1891 1790 1932 cum
1839 1870 2242 1934 Gotthardo
2307 1870 2752 1952 Weckinger
2816 1872 3024 1934 etiam
3090 1872 3222 1934 ini-

646 1977 873 2059 quiori
922 1977 1343 2058 concordia,
1410 1989 1483 2039 at
1547 1982 1705 2041 'cum
1768 1998 1900 2059 per
1959 1998 2068 2040 me
2136 1978 2429 2041 actitata
2478 1989 2726 2040 contra
2775 1978 3220 2042 haereticum

646 2084 997 2166 privatum
1039 2084 1267 2147 minus
1316 2095 1683 2148 tuerentur
1726 2104 1861 2167 per
1909 2083 2171 2148 Sedem
2209 2085 2721 2167 Apostolicam‚
2772 2094 3062 2149 coactus
3109 2087 3219 2149 fui

646 2212 798 2255 eam
848 2200 1227 2274 acceptare
1276 2193 1751 2269 concordiam,
1801 2213 1945 2256 non
1995 2212 2204 2274 quarn
2254 2194 2606 2274 volebam,
2655 2196 2781 2257 sed
2832 2213 3038 2276 quam
3087 2214 3215 2275 po-

642 2310 867 2362 teram
916 2289 1321 2381 impetrare.
1432 2300 1690 2362 Adhuc
1754 2298 2059 2362 dilanior
2121 2320 2164 2361 a
2221 2299 2537 2362 Ferbero
2599 2300 2924 2363 omnibus
2984 2302 3218 2363 modis

644 2408 1123 2479 dolosissim03
1172 2428 1335 2469 nam
1363 2426 1519 2469 cum
1549 2406 1617 2469 in
1647 2407 1915 2488 oppido
1944 2407 2018 2467 In
2029 2406 2496 2487 golstadiensi
2533 2408 2668 2469 iarn
2698 2419 3012 2471 moretur
3040 2409 3218 2470 satis

646 2514 709 2576 ei
756 2514 889 2575 fuit
939 2522 1413 2596 perspectum,
1462 2514 1872 2576 citationem
1919 2513 2111 2577 illam
2158 2514 2636 2577 verisimiliter
2683 2517 2772 2577 ad
2814 2536 3040 2577 meam
3090 2536 3214 2576 no-

645 2620 868 2681 titiam
918 2640 1056 2682 non
1109 2642 1320 2703 posse
1370 2621 1767 2702 pervenire.
1865 2621 2023 2683 Non
2075 2622 2261 2684 enim
2309 2624 2536 2685 solum
2583 2622 2655 2684 in
2707 2624 3010 2705 oppido,
3079 2623 3208 2684 sed

646 2748 776 2788 nec
828 2728 891 2787 in
947 2736 1097 2789 toto
1146 2728 1427 2790 Ducatu
1480 2728 1828 2809 quispiam
1879 2728 2077 2790 novit
2125 2728 2245 2790 ubi
2295 2748 2544 2809 essem,
2595 2739 2716 2791 aut
2764 2728 2930 2810 quin
2973 2748 3212 2791 rever-

645 2844 860 2904 terer:
935 2835 1121 2896 unde
1170 2835 1662 2898 fraudulentus
1711 2836 1844 2898 iste
1897 2834 2136 2917 Lupus
2186 2836 2539 2899 Arabicus
2589 2836 2688 2898 sic
2739 2836 3064 2918 nequiter
3109 2836 3212 2898 in·

644 2943 985 3004 tendebat
1034 2953 1285 3004 contra
1334 2945 1721 3023 absentem,
1775 2952 1852 3004 ut
1901 2941 2074 3004 nihil
2121 2943 2518 3005 huiusmodi
2569 2941 3040 3025 cogitantem,
3091 2942 3210 3004 ali-

644 3067 850 3130 quam
900 3050 970 3110 ·in
1024 3049 1219 3111 curia
1250 3059 1711 3130 extorqueret
1764 3049 2208 3112 sententiam.
2279 3050 2644 3111 Intueatur
2675 3049 2811 3111 iam
2842 3049 3212 3112 Reveren-

643 3157 931 3219 dis'sima
980 3157 1058 3219 P.
1110 3157 1187 3220 T.
1245 3157 1600 3237 quemodo
1652 3156 1765 3218 isti
1798 3167 2177 3218 venatores
2211 3156 2438 3218 dolosi
2471 3156 2833 3220 infamiam
2881 3156 3212 3237 ingerant

646 3263 1018 3325 Romanae
1068 3263 1351 3344 Curiae,
1414 3285 1503 3326 ex
1564 3263 1819 3346 quibus
1876 3265 2142 3327 nullum
2205 3243 2512 3344 unquam
2559 3266 2778 3326 habet
2825 3265 3206 3336 honorem;

646 3373 1009 3451 expendat
1068 3390 1155 3432 an
1223 3391 1363 3433 non
1428 3370 1613 3433 iuste
1660 3371 2182 3433 succensuerim
2235 3374 2394 3432 dum
2445 3371 2575 3434 has
2623 3373 2860 3433 larvas
2909 3369 3202 3432 Ferberi

648 3478 1215 3559 conspexissem:
1245 3499 1501 3541 vereor
1526 3499 1615 3540 ne
1637 3479 1966 3542 acerbius
1989 3477 2348 3560 quippiam
2373 3478 2796 3560 scripserim,
2813 3479 2930 3540 vel
2947 3477 3018 3540 in
3038 3478 3204 3556 eiuS,

646 3587 763 3646 vel
800 3583 966 3647 SD.
1018 3584 1103 3649 N.
1154 3585 1392 3648 literis.
1471 3585 1665 3648 Tuae
1713 3585 1935 3648 fuerit
1982 3585 2540 3648 mansuetudinis
2575 3585 3202 3648 Reverendissirne

646 3692 863 3754 Pater
907 3692 1143 3754 >omnia
1188 3693 1598 3774 benigniter
1647 3692 2122 3773 interpretari,
2174 3711 2332 3754 narn
2383 3691 2549 3754 mihi
2599 3712 2728 3772 pro
2777 3693 3048 3754 honore
3089 3689 3201 3754 Se.

646 3801 785 3882 Ap.
839 3799 1159 3862 militanti
1209 3810 1409 3862 tanto
1468 3820 1623 3863 cum
1693 3799 2012 3882 periculo
2075 3800 2430 3880 quomodo
2495 3817 2638 3861 non
2700 3799 2883 3860 iusta
2941 3799 3200 3861 subori-

645 3913 844 3970 retur
892 3905 1309 3986 indignatiO‚
1362 3909 1527 3969 dum
1574 3910 1706 3968 sub
1756 3915 1956 3969 scuto
2017 3903 2184 3969 Sed.
2243 3907 2384 3988 Ap.
2457 3908 2549 3969 ab
2617 3905 2753 3968 illis
2820 3905 3052 3982 nihili,
3123 3925 3203 3968 ac

648 4015 859 4077 navei
908 4013 1313 4076 hominibus
1362 4015 1729 4076 devexor?
1838 4013 1975 4076 Tot
2037 4013 2221 4075 enirn
2267 4011 2776 4076 beneficiorum
2829 4023 3201 4095 aucupato-

642 4123 837 4184 rlbus'
885 4120 1216 4202 providet
1264 4117 1336 4182 S.
1388 4121 1472 4182 D.
1526 4121 1607 4183 N.
1657 4124 1729 4183 in
1778 4120 1966 4200 dies,
2017 4130 2089 4183 et
2154 4122 2548 4183 accumulat
2594 4118 2944 4184 beneficia
2991 4139 3203 4201 super

642 4228 1019 4308 beneficia,
1078 4249 1233 4291 cum
1306 4228 1441 4290 iam
1501 4239 1924 4308 perpetuum
1983 4226 2400 4290 sexennium
2457 4227 2586 4289 viri
2651 4225 2832 4289 iuxti
2882 4227 3076 4289 docti
3129 4238 3196 4290 et

644 4336 743 4418 pii
790 4336 860 4398 in
912 4357 987 4398 se
1036 4343 1261 4398 totum
1308 4337 1571 4398 bellum
1622 4335 2138 4397 haereticorum
2191 4335 2674 4416 susceperint,
2723 4333 2838 4396 cui
2885 4333 3060 4396 nulli
3109 4333 3201 4394 vi·

646 4443 781 4506 deo
832 4461 987 4506 esse
1036 4459 1168 4524 per
1217 4440 1384 4505 Sed.
1435 4443 1571 4524 Ap.
1622 4441 2006 4523 provisum.
2086 4441 2352 4504 Verum
2388 4449 2495 4503 est
2528 4443 2716 4521 quod
2751 4440 3204 4503 committitur

646 4550 946 4633 legatis,
997 4558 1069 4612 et
1111 4549 1547 4632 pollicemini
1597 4568 1880 4630 semper
1927 4550 2118 4629 quod
2156 4548 2518 4611 Adrianus
2552 4548 2755 4629 Papa
2785 4545 3204 4610 effusissime

641 4657 881 4721 facere
930 4659 1229 4735 solebat,
1278 4655 1506 4718 doctis
1538 4655 1707 4718 viris
1756 4676 1912 4718 esse
1945 4655 2501 4738 providendum;
2552 4664 2788 4717 tamen
2837 4655 2958 4736 qui
3005 4674 3203 4738 prae-

641 4774 799 4845 stet,
848 4763 1061 4827 video
1110 4763 1479 4826 neminem.
1576 4762 1880 4826 Habetis
1928 4763 1995 4825 in
2048 4762 2243 4825 curia
2291 4763 2560 4842 aliquot
2607 4759 3035 4841 GermanOS,
3087 4761 3202 4844 qui

641 4873 809 4942 licet
859 4872 997 4936 sint
1046 4870 1479 4936 onustissimi
1526 4868 1914 4952 beneficiis,
1954 4877 2026 4970 et
2053 4869 2538 4952 pensionibuS‚
2587 4878 2659 4933 et
2691 4889 2906 4953 super
2935 4869 3201 4958 aliquot
