3575 5775
1636 545 2130 604 0—{33128m

602 698 676 754 et
733 692 1005 754 umbra.
1099 691 1306 754 Hunc
1373 691 1653 755 interim
1729 713 1868 774 ego
1932 695 2215 778 iugibus
2276 697 2611 778 precibus
2677 699 3018 779 pulsabo,
3091 707 3172 760 ut

603 798 890 861 tandem
953 798 1261 880 aperiat,
1332 799 1728 881 misereque
1797 801 2133 865 afflictam
2182 803 2768 868 christianitatem
2830 804 3175 886 respiciat

602 913 675 969 et
737 905 1252 969 sanctissimum
1315 916 1672 988 pastorem
1744 929 2112 992 aequeque
2175 910 2589 992 vigilantem
2652 931 2862 993 quam
2925 911 3170 989 diutis-

602 1013 775 1077 sime
838 1027 1233 1078 conservet.
1329 1015 1591 1078 Datum
1654 1013 2235 1100 Nuerembergae
2300 1017 2414 1082 die
2478 1017 2664 1082 XVI
2709 1017 2979 1082 Mensis
3027 1018 3172 1080 De·

602 1121 905 1186 cembris
953 1121 1391 1186 MDXXIII.

1816 1668 1962 1733 136.

1034 1783 1353 1864 Clemens
1408 1783 1564 1865 VII.
1621 1783 2026 1864 Marohioni
2078 1784 2721 1887 Brandeburgensi.

934 1931 1164 2002 (Brevia
1199 1931 1500 1990 clementis
1535 1931 1656 1990 vn.
1695 1933 1832 1990 Ann-
1871 1931 2018 1992 1523.
2054 1931 2146 1992 fol.
2183 1932 2294 2000 129,
2331 1947 2467 1991 mo
2503 1931 2548 1990 1.
2589 1949 2673 2006 ep.
2711 1933 2822 2006 68.)

1542 2050 1649 2117 (24.
1688 2052 2000 2102 Decembris
2045 2049 2220 2114 1523.)

778 2185 1058 2248 Dilecte
1104 2185 1204 2249 fili
1255 2195 1385 2251 etc,
1481 2185 1752 2248 Audito
1800 2205 1932 2266 per
1980 2205 2111 2248 nos
2157 2205 2385 2268 nuper
2423 2185 2951 2250 Nobilissimum
2987 2185 3179 2251 Ger-

598 2313 963 2355 manorum
1012 2293 1422 2373 Principum
1472 2291 1914 2356 Conventum
1941 2291 2458 2374 Norimbergae
2505 2293 2930 2373 habendum,
2995 2295 3186 2358 laeti

596 2399 691 2480 id,
738 2419 821 2462 ac
874 2400 1091 2461 multo
1139 2399 1392 2462 laetius
1441 2399 1842 2480 accepimus
1893 2399 2356 2462 Nobilitatem
2400 2410 2592 2462 tuam
2641 2420 2728 2463 eo
2779 2411 3186 2465 conventu-

597 2526 749 2569 ram
798 2526 975 2570 esse.
1070 2505 1214 2568 Ubi
1265 2506 1452 2569 enim
1498 2515 1607 2569 tot
1656 2506 2059 2570 Orthodoxi
2105 2506 2480 2588 Principes
2525 2505 2592 2568 in
2647 2506 2952 2569 Domino
3004 2527 3188 2572 con·

598 2621 1027 2696 gregentur,
1098 2621 1316 2693 tuque
1394 2613 1465 2674 in
1526 2612 1774 2694 primis
1844 2616 2181 2694 accedas,
2245 2616 2673 2696 sperandum
2741 2622 2849 2676 est
2911 2613 3014 2677 ibi
3083 2618 3190 2680 de

602 2719 986 2782 universali
1032 2717 1202 2781 fidei
1250 2719 1676 2782 christianae
1733 2722 2104 2782 commodo
2155 2729 2226 2784 et
2271 2723 2532 2801 salute,
2599 2729 2722 2784 aut
2778 2721 3018 2802 potius
3085 2725 3190 2786 de

596 2835 705 2891 tot
749 2827 1089 2891 malorum
1154 2827 1487 2891 remediis
1552 2828 1998 2890 tractandum
2069 2847 2153 2890 ac
2217 2827 2736 2910 providendum
2786 2849 2961 2892 esse.
3067 2829 3190 2895 Ea

597 2936 687 2999 de
736 2956 951 2999 causa
997 2956 1087 2998 ne
1135 2956 1265 2999 nos
1311 2955 1443 3017 pro
1494 2944 1738 2998 nostro
1787 2934 2133 3016 pastorali
2183 2934 2420 2997 officio
2471 2945 2612 2998 tam
2677 2946 2931 2999 ornato
2999 2956 3182 3001 con-

595 3044 838 3107 ventui
889 3045 1329 3124 deessemus,
1377 3043 1768 3121 statuimUS‚
1821 3044 1910 3105 de
1958 3042 2354 3106 venerabili
2414 3042 2712 3107 fratrum
2759 3053 3188 3109 nostrorum

598 3148 671 3215 S.
736 3151 831 3216 R.
894 3150 975 3214 E.
1039 3150 1518 3215 Cardinalium
1588 3150 1920 3229 consilio,
1997 3148 2367 3233 Nuncium‚
2412 3148 2590 3212 istuc
2667 3150 3188 3232 Apostolicum

598 3257 791 3339 apud
841 3256 1048 3320 istam
1096 3258 1433 3341 inclytam
1482 3258 1688 3321 nobis
1737 3277 2018 3338 semper
2085 3257 2416 3322 dilectam
2473 3256 2846 3321 Nationem
2907 3270 3192 3339 postea

598 3384 882 3445 semper
929 3384 1435 3445 remansurum,
1472 3365 1787 3437 mittere3
1844 3364 1961 3445 qui
1995 3365 2161 3426 dum
2194 3384 2269 3427 se
2303 3364 2616 3444 expedit,
2669 3375 2883 3446 atque
2931 3366 3182 3431 accin-

534 3538 543 3545 ,
598 3470 743 3554 git,
809 3471 1137 3535 iussimus
1199 3472 1473 3535 interea
1535 3472 1865 3534 dilectum
1930 3470 2148 3533 filium
2213 3470 2726 3553 Hieronymum
2775 3472 3190 3539 Rorarium

596 3577 1053 3659 familiarem,
1118 3587 1193 3640 et·
1235 3578 1694 3642 camerarium
1759 3590 2078 3641 nostrum
2142 3576 2614 3640 exhibitorem
2681 3580 3194 3659 praesentium

599 3706 685 3748 eo
733 3704 1217 3767 praecurrere.
1314 3685 1445 3747 Cui
1492 3685 1775 3766 quidem
1826 3685 1894 3747 in
1945 3684 2297 3747 mandatis
2347 3684 2711 3766 dedimuS,
2773 3697 2850 3747 ut
2897 3685 3190 3751 Nobili-

597 3799 816 3856 tatem
874 3800 1100 3871 tuam,
1171 3810 1380 3872 quam
1445 3792 1515 3854 in
1565 3790 1953 3854 minoribus
2001 3791 2362 3854 constituti
2410 3792 2870 3873 peculiariter
2915 3792 3190 3858 dilexi-

597 3920 773 3981 muS,
823 3918 1203 3980 sumusque
1251 3898 1591 3980 deinceps
1638 3907 1937 3979 paterne
1986 3896 2347 3976 dilecturi,
2406 3899 2658 3980 adeat,
2709 3909 3194 3983 nostramque

599 4008 663 4072 ei
713 4008 805 4071 ad
856 4027 1225 4070 commune
1256 4009 1517 4069 bonum
1548 4026 1975 4088 propensam
2008 4008 2448 4068 voluntatem
2499 4017 2834 4088 exponat,
2881 4008 3194 4089 plenius

595 4118 688 4178 ab
735 4115 881 4196 ino,
931 4113 1050 4197 qui
1082 4117 1553 4196 subsequetur
1587 4112 2107 4195 explicandam.
2205 4112 2352 4175 Nos
2406 4123 2643 4176 autern
2702 4113 3196 4182 Nobilitatem

597 4230 791 4284 tuam
840 4242 971 4302 pro
1023 4232 1145 4284 tuo
1195 4219 1473 4301 officie,
1524 4241 1733 4301 quum
1800 4220 1983 4282 sacri
2031 4220 2319 4301 Imperii
2367 4220 2752 4283 Romanae
2798 4220 3198 4289 Ecclesiae

597 4328 931 4391 advocati
980 4332 1392 4409 membrum,
1442 4336 1655 4409 atque
1704 4327 1994 4389 Elector
2040 4328 2148 4389 his
2181 4334 2482 4408 paterne
2517 4327 2901 4408 hortamur,
2951 4338 3024 4390 et
3085 4352 3198 4395 ex

598 4434 829 4519 animo
878 4434 1320 4516 requirimuS,
1370 4443 1447 4496 ut
1494 4434 1585 4496 ad
1634 4432 2058 4514 dignitatem
2087 4432 2554 4517 Apostolicae
2590 4430 2819 4513 Sedis,
2867 4433 3011 4496 imo
3067 4458 3197 4500 sa-

597 4541 816 4603 lutem
870 4550 941 4603 et
987 4541 1572 4623 tranquillitatem
1619 4541 1836 4604 totius
1887 4540 2331 4604 Christianae
2383 4538 2898 4621 Reipublicae,
2965 4562 3198 4607 sanc-

597 4657 882 4729 tamque
930 4646 1145 4711 fidem
1194 4650 1531 4711 tuendam
1578 4647 1949 4711 incumbas
1964 4696 1983 4728 ‚
2045 4647 2250 4710 sicuti
2314 4646 2414 4709 tui
2478 4646 2814 4728 maioreS,
2864 4666 3198 4729 quorum

596 4754 900 4838 gloriam
964 4754 1037 4817 in
1104 4755 1359 4818 ceteris
1408 4754 1700 4835 auxisti,
1774 4775 1916 4817 non
1979 4753 2324 4834 minuisti,
2385 4753 2893 4833 incubuerunt,
2964 4765 3040 4817 et
3109 4768 3199 4823 te

594 4860 1074 4926 incubiturum
1122 4860 1556 4926 confidimus
1650 4861 1853 4925 Haec
1899 4870 2138 4925 autem
2193 4858 2669 4943 Hieronymus
2736 4860 2892 4941 ipse
2947 4862 3200 4943 pluri-
