3575 5775
1681 609 1796 661 0-<3
1875 601 2174 661 434&

647 763 885 817 tamen
933 751 1002 815 in
1035 749 1599 833 impiissimarum
1642 773 1924 815 suarum
1975 753 2561 835 propositionum,
2609 755 2968 837 pervicaci
3025 777 3208 819 asse·

648 861 971 925 verantia
1034 859 1401 921 induratos
1466 858 2010 941 pertinacesque
2082 880 2240 923 esse
2305 862 2848 942 cognovissent,
2899 883 2989 924 ne
3039 863 3210 944 quid

648 988 938 1052 prorsus
986 963 1379 1030 sedulitatis
1427 965 1497 1028 in
1549 986 1635 1029 ea
1682 987 1759 1029 re
1809 967 1900 1028 ab
1950 966 2122 1048 ipsis
2171 969 2756 1051 desyderaretur‚
2807 989 2947 1032 non
3000 972 3211 1032 modo

648 1077 953 1158 optimos
999 1094 1079 1136 ac
1129 1071 1573 1135 doctissimos
1620 1092 1941 1156 quosque
1990 1073 2140 1137 eius
2201 1075 2339 1137 loci
2387 1077 2912 1156 consuluerunt,
2964 1097 3212 1140 verum

650 1197 721 1246 et
787 1186 877 1246 ab
943 1183 1097 1263 ipsa
1160 1200 1443 1261 quoque
1516 1179 1905 1243 Parisiensi
1970 1179 2296 1244 Sorbona
2361 1183 2690 1246 doctores
2751 1185 3216 1247 adsciverunt

649 1293 919 1373 aliquot
968 1289 1081 1370 qui
1136 1289 1296 1349 dum
1350 1296 1607 1350 exacta
1653 1296 2070 1370 maturaque
2121 1289 2664 1370 examinatione,
2715 1291 2964 1373 eaipsa
2994 1291 3215 1372 impia

649 1420 729 1462 ac
780 1397 1006 1460 modis
1055 1394 1380 1458 omnibus
1427 1394 1793 1457 haeretica
1851 1415 2010 1458 esse
2076 1395 2591 1477 comperissent
2668 1417 2849 1478 quae
2917 1402 3008 1460 ab
3074 1398 3216 1460 illis

651 1514 855 1568 erant
921 1505 1011 1565 ad
1076 1503 1417 1587 populum
1486 1502 1910 1580 declamata,
1979 1512 2192 1582 atque
2257 1503 2721 1585 pertinaciter
2789 1505 3001 1567 etiam
3065 1517 3214 1567 tum

651 1613 1177 1686 asserebantur,
1228 1628 1467 1670 eorum
1520 1609 1842 1688 alterum,
1892 1609 2010 1689 qui
2059 1610 2251 1690 apud
2299 1610 2666 1692 praefatos
2699 1610 3050 1674 Vicenses
3097 1613 3216 1674 de-

649 1718 1043 1797 tinebatur,
1104 1715 1477 1778 ultricibus
1540 1717 1827 1777 tandem
1887 1715 2297 1798 meritisque
2379 1715 2675 1781 flammis
2744 1717 3214 1782 tradiderunt.

651 1827 859 1908 Quod
908 1845 1078 1887 sane
1125 1834 1593 1905 posteaquam
1640 1831 2008 1904 peractum
2057 1834 2264 1904 esset,
2316 1823 2626 1905 regressi
2685 1825 2756 1888 in
2815 1825 3214 1888 Metensem

649 1935 876 2017 ipsam
924 1932 1281 1995 civitatem
1331 1929 1553 1993 nostri
1602 1927 1950 2009 officiarii,
1999 1949 2085 1993 eo
2135 1938 2298 1992 sunt
2345 1932 2665 2012 tumultu,
2717 1951 2804 1994 ea
2835 1931 3216 2012 seditione,

650 2062 735 2104 eo
784 2041 1024 2102 furore
1074 2060 1115 2100 a
1163 2036 1521 2099 concitato
1570 2039 2133 2118 perturbatoque
2167 2037 2437 2120 populo
2482 2037 2789 2118 excepti,
2839 2046 2916 2101 ut
2961 2058 3214 2120 parum

650 2147 996 2226 abfuerit,
1064 2145 1229 2226 quin
1298 2163 1542 2206 omnes
1608 2144 1697 2205 ad
1778 2163 1992 2206 unum
2063 2143 2328 2206 indicta
2401 2164 2654 2208 caussa
2727 2145 3217 2208 crudelissime

650 2263 1144 2319 mactarentur.
1239 2253 1469 2314 Tanta
1527 2249 1862 2313 videlicet
1895 2275 1900 2278 ·
1933 2259 2084 2312 erat
2153 2250 2389 2313 rabies
2406 2299 2422 2330 ,
2495 2271 2634 2313 non
2709 2249 2930 2333 ipsius
3001 2253 3217 2315 modo

650 2359 1092 2444 plebeculae,
1142 2361 1267 2421 sed
1319 2367 1388 2418 et
1436 2358 1932 2420 nonnullorum
1983 2376 2267 2439 quoque
2316 2377 2408 2418 ex
2457 2356 2630 2438 ipsis
2691 2357 2906 2420 totius
2973 2358 3208 2421 civita-

650 2469 739 2532 tis
787 2466 1213 2550 primoribus
1263 2485 1439 2546 quos
1490 2466 1904 2526 seductores
1951 2462 2050 2524 illi
2099 2461 2170 2524 in
2218 2461 2771 2544 perditissimam
2820 2484 3019 2527 suam
3067 2485 3216 2528 sec·

650 2587 793 2639 tam
844 2575 987 2638 suis
1033 2574 1172 2636 iam
1220 2569 1630 2654 praestigiis
1679 2572 2149 2633 adduxerant.
2258 2569 2500 2652 Atque
2557 2569 2626 2633 in
2692 2572 2879 2634 hunc
2927 2572 3218 2634 modum

648 2681 1129 2746 vociferantes
1177 2679 1543 2759 indignum
1594 2678 1898 2759 facinus,
1962 2677 2152 2758 quod
2199 2679 2502 2759 probum
2550 2676 2823 2740 scilicet
2860 2677 3220 2742 hominem

649 2785 1192 2866 interemissent,
1242 2807 1367 2850 eos
1416 2785 1611 2868 ipsos
1659 2783 2043 2847 officiarios
2115 2792 2417 2862 nostrOS,
2497 2804 2652 2847 cum
2715 2805 2978 2866 magna
3043 2784 3222 2848 sica-

646 2900 912 2961 riorum
962 2898 1255 2959 cohorte
1304 2894 1753 2975 vestigarunt
1802 2904 1878 2954 ut
1923 2892 2350 2973 iugularent.
2446 2890 2642 2971 Quos
2704 2893 2827 2954 ubi
2877 2893 2999 2956 diu
3045 2895 3220 2957 mul-

644 3014 933 3087 tumque
981 3002 1339 3086 quaesitos
1368 3022 1505 3063 non
1540 3010 1834 3082 possent
1881 2998 2225 3078 invenire,
2276 2996 2345 3060 in
2394 2999 2610 3061 aedes
2658 3001 2943 3063 tandem
2988 3000 3218 3063 cuius·

649 3115 810 3175 dam
860 3132 949 3175 ex
998 3108 1354 3191 precipuis
1419 3107 1678 3170 nostris
1747 3105 2252 3184 familiaribuS,
2316 3104 2427 3167 cui
2493 3114 2783 3169 nostrae
2844 3104 3222 3171 Goziensis

650 3219 984 3281 abbatiae
1033 3236 1275 3279 curam
1324 3214 1800 3293 comissimu5‚
1863 3234 2000 3275 non
2071 3212 2487 3275 dubitarunt
2551 3212 2976 3297 irrumpere,
3039 3234 3222 3297 quas

653 3347 739 3388 ea
786 3324 1221 3388 immanitate
1269 3322 1767 3403 compilarunt,
1834 3328 1909 3381 ut
1981 3340 2121 3382 non
2171 3318 2484 3382 contenti
2551 3321 3065 3401 supellectilem
3113 3332 3220 3385 to-

650 3441 791 3496 tam
841 3440 1104 3513 quanta
1150 3438 1413 3512 quanta
1464 3436 1616 3490 erat
1665 3426 2078 3508 diripuisse,
2137 3425 2491 3489 fenestras
2558 3447 2840 3508 quoque
2889 3432 3081 3509 ipsas
3129 3446 3220 3491 ac

649 3538 999 3620 parieteS,
1070 3536 1415 3599 effrenata
1480 3556 1605 3597 sua
1669 3534 1945 3598 insania
2023 3532 2122 3595 ita
2181 3534 2672 3615 disruperunt,
2742 3542 2816 3595 ut
2881 3533 2940 3596 is
3014 3536 3220 3599 locus

648 3648 1021 3728 plusquam
1094 3642 1335 3706 decies
1406 3642 1598 3704 mille
1668 3640 2097 3703 florenorum
2179 3638 2521 3702 iacturam
2592 3639 2848 3703 fecisse
2916 3640 3220 3707 dicatur.

648 3753 899 3833 Neque
947 3771 1119 3814 vero
1177 3750 1249 3811 id
1301 3769 1424 3811 eos
1470 3748 1724 3829 flagitii
1771 3745 2076 3809 satiavit.
2172 3745 2358 3827 Quin
2405 3746 2478 3809 in
2527 3746 2754 3828 ipsam
2803 3750 3050 3810 urbem
3109 3770 3216 3811 re·

644 3859 855 3938 versi,
904 3868 1184 3921 nostros
1233 3857 1413 3919 adeo
1463 3875 1786 3918 carceres
1835 3853 2044 3917 veriti
2090 3874 2234 3917 non
2281 3862 2444 3916 sunt
2489 3852 2939 3935 perfringere
2992 3863 3069 3917 ut
3117 3858 3216 3919 al-

647 3977 872 4029 terum
919 3965 1115 4027 illum
1162 3962 1593 4026 haereticum
1652 3961 2060 4039 liberarent,
2119 3980 2329 4043 quem
2385 3970 2707 4043 ereptum
2771 3962 2860 4023 ad
2911 3961 3219 4043 p1imum

646 4092 928 4154 quoque
955 4071 1266 4154 lapidem
1300 4072 1773 4148 deduxerunt,
1828 4088 1966 4148 quo
2001 4068 2219 4130 tutius
2253 4089 2500 4130 manus
2535 4079 2817 4131 nostras
2852 4070 3217 4133 evaderet.

646 4181 847 4242 Haec
896 4178 1111 4259 igitur
1168 4198 1380 4259 quum
1450 4176 1549 4239 ita
1616 4174 1757 4237 sint
1825 4173 2248 4238 Beatissime
2311 4176 2528 4237 Pater
2588 4185 2988 4239 nostrarum
3053 4197 3216 4241 esse

646 4286 955 4367 pretium
1002 4285 1137 4347 rati
1178 4304 1435 4363 sumuS,
1486 4302 1727 4344 eorum
1760 4281 1832 4342 S.
1861 4280 1938 4346 T.
1977 4280 2352 4345 certiorem
2384 4283 2708 4360 reddere,
2759 4291 2834 4344 ut
2880 4282 3216 4347 idoneum

645 4392 1131 4454 exorientibus
1156 4389 1559 4453 huiusmodi
1581 4389 1785 4451 malis
1810 4388 2198 4451 remedium
2225 4388 2582 4451 adhibeat.
2615 4388 2695 4450 Id
2717 4390 2910 4470 quod
2931 4389 3218 4453 incunc-

642 4507 879 4562 tanter
904 4520 1032 4561 nos
1060 4510 1253 4561 certe
1283 4497 1702 4573 faceremuS,
1732 4507 1948 4577 prout
1968 4495 2124 4576 ipsa
2149 4506 2388 4557 monet
2413 4494 2665 4576 pietaS,
2695 4494 2988 4577 eiusque
3013 4516 3214 4559 reve-

642 4606 875 4669 rentia
900 4605 969 4667 in
991 4606 1186 4668 cuius
1207 4605 1396 4666 haud
1418 4602 1630 4666 dubie
1647 4612 2126 4683 contemptum
2149 4601 2288 4664 ista
2303 4611 2810 4684 perpetrantur
2827 4602 2886 4665 si
2907 4601 2978 4664 id
2996 4604 3214 4665 modo

642 4714 713 4775 in
764 4721 1007 4774 nostra
1052 4732 1262 4774 manu
1312 4711 1482 4773 satis
1532 4721 1739 4773 ess-et.
1836 4709 2102 4771 Verum
2153 4728 2366 4789 quum
2432 4707 2498 4771 ei
2560 4708 2664 4771 rei
2724 4706 3213 4772 conficiendae

644 4839 896 4901 parum
944 4839 1073 4881 nos
1123 4817 1450 4880 sufficere
1498 4817 1932 4895 videremus,
2004 4814 2230 4877 visum
2281 4823 2390 4877 est
2437 4816 2530 4877 ad
2577 4813 2925 4877 neminem
2973 4814 3216 4895 potius

642 4946 853 5007 quam
912 4926 1003 4987 ad
1050 4926 1129 4987 E.
1180 4924 1252 4987 S.
1302 4926 1383 4987 T.
1442 4924 1854 5003 confugere,
1905 4942 2088 5003 quae
2153 4922 2360 4983 nobis
2419 4921 2488 4983 in
2550 4941 2700 4984 rem
2766 4920 3214 4986 Christianae
