3575 5775
1295 624 1592 685 *23357
1671 628 1793 684 Εὶ-«ὶ

1479 991 1626 1057 162.

585 1102 1084 1185 Ferdinandus
1140 1106 1511 1186 Archidux
1567 1108 1899 1188 Austriae
1957 1106 2300 1190 Clementi
2352 1110 2511 1193 m

1137 1254 1309 1325 (Arm.
1347 1254 1444 1311 11.
1484 1256 1634 1329 caps.
1671 1256 1714 1313 1.
1752 1255 1818 1313 π.
1857 1255 1960 1328 ⁷4.)

1300 1370 1406 1441 (30·
1448 1374 1582 1439 Julii
1627 1374 1803 1439 1524.)

451 1510 525 1576 Si
587 1522 732 1577 tam
793 1534 1054 1597 magno
1120 1536 1452 1579 successu
1501 1537 1710 1598 quam
1769 1539 2031 1600 magno
2092 1520 2324 1583 studio
2374 1540 2505 1603 pro
2564 1522 2833 1603 pietate

295 1640 432 1683 mea
474 1620 542 1683 in
590 1622 982 1704 Religione
1030 1632 1503 1706 promptaque
1563 1644 1739 1706 erga
1788 1622 2049 1688 Sedem
2111 1626 2315 1689 istam
2382 1630 2834 1693 observantia

297 1736 565 1791 conatus
611 1748 810 1791 meus
858 1729 1326 1810 profecisset,
1395 1732 1725 1793 excitatis
1782 1731 1937 1794 istis
2000 1732 2417 1814 periculosis
2476 1736 2834 1799 erroribus

296 1842 482 1915 atque
529 1856 766 1899 rerum
816 1836 1212 1899 confusioni
1265 1846 1552 1918 optatus
1601 1836 1760 1901 finis
1808 1838 1878 1901 in
1947 1839 2274 1920 proximo
2325 1841 2609 1922 Imperii
2658 1842 2835 1906 Con-

296 1951 486 2003 ventu
533 1942 910 2024 impositus
961 1956 1184 2024 esset,
1249 1953 1369 2005 aut
1417 1946 1666 2006 saltem
1717 1964 1977 2026 magna
2006 1966 2263 2009 eorum
2317 1948 2434 2029 qui
2482 1950 2574 2011 ab
2606 1951 2836 2013 ortho-

296 2047 462 2111 doxa
493 2048 635 2112 fide
670 2050 1145 2131 desciverunt,
1181 2072 1350 2133 pars
1381 2050 1449 2113 in
1483 2060 1749 2113 rectam
1780 2052 1969 2114 viam
1999 2053 2361 2127 rediisset;
2414 2073 2836 2139 quamquam

297 2174 416 2235 ego
461 2164 846 2238 propterea
893 2160 1030 2219 hoc
1081 2159 1416 2238 studium,
1465 2160 1796 2239 huncque
1844 2158 2150 2222 animum
2198 2181 2429 2243 neque
2480 2162 2832 2225 declinavi

296 2280 502 2342 neque
591 2263 984 2345 despondi,
1073 2286 1214 2327 non
1301 2264 1642 2346 ignorans
1727 2265 1939 2328 aliam
2033 2277 2183 2329 tota
2258 2288 2414 2331 mea
2494 2270 2639 2331 vita
2713 2270 2835 2334 vix

298 2367 432 2431 dari
487 2390 701 2451 posse
766 2370 1216 2434 occasionem
1283 2392 1424 2453 qua
1484 2372 1642 2435 Deo
1709 2372 1983 2454 gratius
2054 2374 2473 2455 obsequium
2534 2379 2839 2459 prestari

295 2476 549 2554 possim.
647 2476 1106 2559 Quapropter
1163 2498 1319 2541 cum
1388 2481 1523 2542 hac
1592 2500 1730 2543 non
1804 2480 2264 2544 successisset
2326 2482 2480 2561 via,
2550 2484 2833 2548 nimium

295 2580 434 2645 Deo
479 2584 711 2647 adhuc
759 2584 965 2665 irat0,
1016 2586 1222 2648 aliam
1273 2586 1590 2667 arripere
1640 2586 1867 2666 libuit,
1916 2608 2047 2668 per
2097 2608 2305 2669 quam
2354 2571 2540 2671 apud
2598 2590 2833 2654 Ratis-

293 2688 525 2753 bonam
585 2690 692 2771 id,
740 2690 1054 2773 propitio
1104 2692 1224 2754 illo
1239 2741 1256 2771 ,
1307 2693 1776 2772 obtinuimuS‚
1842 2696 2031 2775 quod
2082 2694 2572 2777 Noremberge
2622 2698 2836 2761 nullis

295 2797 496 2861 modis
541 2799 868 2861 obtinere
919 2799 1292 2880 quivimus.
1390 2800 1688 2882 Jamque
1740 2820 1877 2882 ego
1938 2800 2092 2883 ipse
2140 2800 2333 2865 facto
2382 2804 2836 2885 synceritatis

293 2923 428 2967 mee
469 2905 672 2987 fidei,
731 2907 918 2970 absit
963 2906 1301 2970 iactantia
1374 2913 1632 2988 verbo,
1698 2909 2031 2990 exempla
2092 2908 2323 2972 indies
2383 2921 2625 2991 presto
2690 2933 2829 2973 non

293 3012 590 3076 obscura.
705 3013 990 3096 Quippe
1051 3033 1192 3076 non
1257 3024 1364 3076 est
1433 3015 1624 3077 aliud
1688 3017 1821 3077 sub
1870 3017 2020 3077 sole
2069 3015 2259 3096 quod
2307 3015 2671 3078 ardentius
2721 3018 2834 3088 de—

293 3118 529 3196 sydero
587 3139 799 3201 quam
862 3122 1053 3202 quod
1118 3121 1206 3183 de
1268 3121 1500 3184 medio
1570 3120 2109 3185 Provinciarum
2171 3143 2482 3186 mearum
2545 3122 2836 3187 tollatur

293 3235 416 3286 tarn
461 3236 716 3290 tetrum
754 3228 1114 3291 hominum
1163 3248 1425 3310 genus;
1488 3229 1682 3310 quod
1731 3249 1875 3292 non
1924 3231 2018 3292 ob
2067 3231 2275 3292 aliam
2324 3249 2607 3293 causam
2656 3231 2831 3294 Bea-

293 3333 550 3400 titudini
596 3345 834 3400 vestre
881 3335 1118 3399 scribo
1152 3355 1360 3418 quam
1395 3346 1472 3397 ut
1503 3336 1724 3399 leniat
1773 3337 2091 3400 dolorem
2138 3336 2334 3400 illum
2372 3357 2575 3400 suum
2625 3357 2833 3420 quem

291 3441 433 3506 ideo
479 3444 787 3525 accepit,
845 3453 1186 3524 quantum
1249 3463 1338 3504 ex
1403 3442 1656 3506 litteris
1705 3443 1851 3505 suis
1896 3443 2299 3526 intelligere
2347 3443 2581 3526 potui,
2645 3446 2834 3526 quod

293 3570 413 3631 que
455 3551 874 3615 sanctissimi
923 3551 1176 3614 Patres
1223 3551 1473 3632 procul
1523 3549 1739 3612 dubio
1790 3549 2013 3614 afflati
2038 3551 2175 3614 Dei
2206 3551 2457 3633 spiritu
2508 3553 2833 3615 condem-

293 3670 559 3739 narunt,
614 3679 747 3740 per
797 3658 1184 3720 Lutherum
1233 3656 1432 3738 quasi
1483 3659 1574 3719 ab
1622 3657 1871 3720 inferis
1920 3658 2153 3721 denuo
2207 3669 2427 3736 eruta,
2478 3659 2545 3721 in
2597 3659 2835 3722 futura

295 3765 462 3828 dieta
517 3769 584 3830 in
637 3765 1188 3848 disputationem
1237 3763 1544 3846 proponi
1594 3764 1923 3830 debeant.
2022 3763 2229 3846 Quod
2282 3777 2515 3828 autem
2568 3766 2830 3829 eisdem

295 3871 522 3936 litteris
567 3893 676 3936 me
728 3875 820 3936 ad
869 3871 1478 3953 perseverantiam
1528 3872 1979 3952 exhortatur,
2040 3891 2247 3954 quam
2297 3873 2503 3936 etiam
2558 3873 2627 3934 in
2677 3893 2831 3953 par-

293 3989 416 4042 tem
459 3981 780 4062 pluribus
843 3979 1064 4041 Rev¹¹⁸
1120 3979 1468 4041 Dominus
1515 3979 1797 4059 legatus
1845 3998 2118 4041 mecum
2169 3980 2349 4061 egit,
2418 3998 2831 4060 persuasum

297 4105 432 4149 esse
473 4088 688 4150 velim
735 4084 1171 4149 Beatitudini
1222 4095 1462 4148 vostre
1513 4085 1684 4147 mihi
1733 4086 2019 4148 omnino
2069 4107 2281 4148 curae
2330 4087 2483 4149 fore
2530 4097 2606 4147 ut
2640 4086 2829 4168 quod

297 4197 478 4275 coepi
523 4214 663 4276 qua
701 4193 949 4256 licebit
979 4196 1384 4274 praestabO,
1435 4203 1506 4254 et
1555 4209 1877 4273 exequar
1902 4211 2036 4273 per
2066 4213 2342 4254 omnem
2385 4193 2831 4254 occasionem

296 4299 568 4365 offitium
615 4301 788 4364 boni
849 4309 922 4363 et
975 4299 1140 4362 iusti
1207 4299 1550 4381 principis
1566 4347 1582 4378 ‚
1659 4298 1779 4380 qui.
1848 4299 2211 4362 Ecclesiae
2281 4299 2417 4361 Dei
2488 4301 2832 4380 prodesse

297 4407 507 4490 debet,
553 4407 984 4492 posthabitis
1034 4407 1359 4470 omnibus
1407 4405 1705 4488 privatis
1755 4404 2153 4468 affectibus.
2248 4405 2423 4467 Nam
2459 4405 2571 4467 hic
2614 4404 2830 4488 respi-

297 4512 594 4579 ciendum
659 4536 802 4578 non
871 4524 979 4577 est
1041 4516 1228 4596 quod
1300 4515 1542 4595 plures
1601 4512 1873 4576 faciunt
1934 4513 2061 4576 sed
2128 4512 2315 4594 quod
2380 4511 2531 4574 fieri
2594 4513 2831 4592 debet,

297 4623 474 4700 parvi
523 4641 1042 4706 quamcumque
1091 4621 1364 4683 faciens
1411 4621 1751 4682 iacturam
1803 4639 2013 4700 quam
2044 4618 2391 4681 aerarium
2442 4639 2669 4681 meum
2722 4640 2831 4681 ac-

299 4727 447 4811 cipit
487 4730 556 4793 in
603 4728 1094 4813 opprimendis
1142 4727 1443 4791 subditis
1493 4727 1666 4790 meis
1713 4727 1847 4788 hac
1897 4727 2063 4788 labe
2108 4725 2392 4788 infe-ctis
2443 4735 2513 4788 et
2546 4725 2831 4807 quidem

297 4854 420 4898 non
462 4837 755 4919 privatis
805 4844 1078 4899 tantum
1125 4835 1251 4898 sed
1301 4835 1466 4897 totis
1517 4833 1819 4916 oppidiS‚
1870 4853 2053 4915 quae
2099 4833 2414 4914 presidio
2465 4841 2535 4894 et
2568 4835 2827 4895 robore

298 4939 552 5008 militari
605 4945 875 5008 tuenda
921 4953 1112 5022 sunt,
1179 4963 1268 5005 ne
1330 4943 1420 5006 ad
1483 4941 1904 5004 seditionem
1960 4961 2075 5003 res
2140 4950 2373 5005 exeat.
2468 4939 2667 5020 Quae
2714 4959 2830 5002 res
