3575 5775
1712 557 1829 612 Ο-«Β
1906 560 2011 612 222
2089 556 2206 610 8>-0

676 703 1012 784 effecerit,
1062 704 1241 766 sicut
1283 725 1438 765 cum
1483 727 1566 766 eo
1602 704 1811 765 latius
1844 703 2081 765 nuncii
2129 703 2341 764 iidem
2391 703 2611 765 nostri
2660 715 2901 766 nostro
2952 703 3231 766 nomine

674 819 926 892 agent;
989 809 1243 892 quibus
1290 810 1504 874 fidem
1559 811 1873 874 habebit.
1984 812 2146 873 Dat.
2208 809 2565 874 Malianae
2634 810 2735 872 IV
2800 810 2969 872 Maii
3048 831 3231 888 152¹·

679 919 891 980 Anno
941 937 1155 980 nono·

1908 1387 2011 1451 87.

1394 1502 1527 1581 Leo
1585 1503 1668 1582 X.
1731 1500 2115 1582 confessori
2170 1501 2507 1582 Caesaris,

1557 1649 1833 1712 (Nuntiat.
1875 1648 2123 1708 German.
2162 1649 2225 1706 1..
2264 1649 2365 1720 61.)

1481 1763 1634 1826 (Cum
1687 1761 1875 1808 litteris
1934 1774 2011 1822 14.
2066 1761 2195 1808 Maii
2256 1761 2426 1822 1521.)

855 1883 996 1944 Dil.
1049 1883 1200 1944 Fili.
1298 1883 1592 1945 (iratum
1662 1895 1768 1946 est
1831 1886 2035 1947 nobis
2100 1888 2363 1947 debere
2432 1885 2558 1947 tibi
2636 1886 2951 1966 quotidie
3014 1907 3245 1948 novas

677 1990 984 2070 gratiaS‚
1051 2001 1123 2052 ut
1172 1994 1384 2053 etiam
1433 1991 1700 2054 referre
1764 1993 2153 2073 possimus;
2214 1993 2314 2056 sic
2364 1993 2549 2055 enim
2598 2005 2719 2054 tua
2773 1993 2995 2055 virtus
3056 1992 3244 2054 fides

677 2097 1071 2179 religioque
1121 2108 1446 2162 meretur.
1543 2099 1720 2161 Nam
1772 2101 1965 2180 quod
2015 2099 2284 2180 optimo
2336 2100 2565 2164 animo
2584 2148 2600 2178 ,
2663 2100 2851 2180 quod
2918 2110 3244 2181 prestan-

679 2205 945 2267 tissima
992 2205 1281 2286 pietate,
1333 2206 1521 2286 quod
1571 2205 1912 2288 singulari
1965 2207 2033 2268 in
2086 2205 2505 2269 catholicam
2554 2205 2762 2269 fidem
2798 2217 2868 2266 et
2898 2205 3245 2268 Sanctam

679 2311 938 2374 Sedem
991 2313 1477 2394 Apostolicam
1529 2316 1895 2375 voluntate
1946 2323 2054 2377 est
2103 2315 2397 2394 Caesar,
2460 2313 2791 2394 provenit
2840 2313 2911 2374 id
2954 2313 3249 2394 quidem

678 2440 770 2481 ex
822 2421 974 2481 Deo
1040 2419 1475 2500 potissimum
1543 2432 1613 2482 ct
1677 2423 1766 2482 ab
1825 2421 2013 2482 illius
2071 2422 2337 2503 optima
2398 2420 3071 2502 religiosissimaque
3126 2443 3247 2484 na-

678 2539 857 2605 tura,
907 2527 1032 2588 sed
1077 2535 1148 2588 et
1182 2537 1344 2589 tuae
1395 2537 1634 2608 partes
1683 2527 1749 2589 in
1785 2549 1872 2589 eo
1924 2528 2361 2590 cohortando
2400 2548 2538 2590 non
2589 2527 2895 2608 exiguae
2928 2528 3249 2591 fuerunt.

678 2633 928 2712 Itaque
986 2642 1258 2696 tantum
1326 2633 1444 2695 ille
1507 2633 1933 2696 christianae
1992 2633 2429 2715 reipublicae
2493 2635 2897 2696 damnanda
2948 2634 3251 2698 Lutheri

679 2739 1042 2820 impietate
1072 2740 1448 2821 praestitit,
1500 2751 1640 2802 tam
1673 2741 2047 2820 magnifice
2098 2751 2310 2823 atque
2340 2743 2709 2823 praeclare
2744 2741 3253 2804 auctoritatem

677 2867 872 2910 suam
931 2848 1232 2912 caeteris
1301 2851 1631 2931 exemplo
1682 2871 1839 2914 esse
1889 2850 2150 2932 voluit,
2200 2858 2276 2913 ut
2325 2849 2496 2913 nihil
2546 2849 2768 2911 maius
2817 2849 2905 2911 sit
2953 2851 3151 2930 quod
3208 2871 3255 2912 a

677 2955 980 3018 maximo
1029 2956 1348 3039 principe
1401 2969 1789 3039 expectare
1848 2958 2197 3040 possimus
2314 2958 2614 3038 Agimus
2674 2956 2889 3036 igitur
2937 2956 3255 3018 sublatis

679 3063 1004 3127 manibus
1074 3063 1143 3126 in
1217 3068 1490 3127 coelum
1567 3078 1637 3127 et
1687 3068 1842 3128 Deo
1893 3076 1963 3127 et
2013 3065 2110 3126 illi
2161 3074 2231 3127 et
2281 3063 2641 3127 devotioni
2692 3076 2855 3125 tuae
2903 3064 3257 3144 ingentes

677 3170 945 3249 gratias
994 3190 1169 3251 quas
1217 3172 1484 3233 referet
1530 3172 1659 3234 tibi
1708 3172 1991 3253 quidem
2046 3174 2239 3234 Deus
2289 3172 2414 3233 sed
2466 3182 2535 3233 et
2584 3192 2712 3233 nos
2759 3179 3033 3231 tuorum
3088 3170 3256 3231 offi-

681 3276 947 3339 ciorum
998 3296 1172 3357 erga
1221 3298 1350 3339 nos
1400 3279 1809 3341 memoriam
1858 3299 2094 3341 sumus
2127 3287 2547 3361 perpetuam
2595 3277 2663 3338 in
2708 3276 2941 3338 animo
2990 3288 3257 3339 nostro

678 3383 1200 3455 conservaturi:
1269 3384 1620 3447 cernimus
1672 3387 1855 3448 enim
1908 3397 1977 3448 et
2027 3386 2521 3465 cognoscimus
2570 3396 2906 3465 quantum
2975 3392 3047 3444 tu
3102 3386 3255 3445 ela-

677 3490 1066 3571 boraveriS,
1140 3512 1279 3573 qua
1329 3512 1536 3572 cura,
1616 3513 1756 3573 quo
1807 3493 2071 3571 studio,
2123 3502 2388 3573 quanta
2438 3490 2807 3571 diligentia
2854 3489 3075 3551 fueris
3124 3492 3255 3552 ad-

679 3597 888 3660 nixus
935 3609 1012 3660 ut
1059 3598 1312 3680 ingens
1359 3600 1619 3661 malum
1667 3599 2115 3680 perniciosae
2165 3599 2480 3661 haeresis
2528 3618 2709 3679 quae
2760 3596 3013 3659 sensim
3070 3596 3259 3659 Ger-

678 3705 982 3768 maniam
1031 3726 1309 3769 omnem
1359 3717 1692 3787 tanquam
1751 3706 2160 3787 pestilentia
2208 3706 2555 3787 quaedam
2621 3704 3012 3782 inficiebat,
3084 3704 3263 3785 ipso

679 3822 970 3875 auctore
1008 3814 1364 3893 damnatO,
1397 3814 2002 3895 comprimeretur,
2037 3814 2541 3892 Sathanaeque
2578 3832 2705 3892 per
2736 3814 2921 3873 hunc
2956 3812 3277 3929 modum,

677 3920 745 3982 in
797 3918 1110 3982 fidelium
1159 3939 1421 4003 greges
1471 3922 1815 3983 crassanti
1864 3922 2329 4003 pessimorum
2377 3920 2734 3981 hominum
2782 3916 3267 3981 ministerium

679 4028 1170 4109 surriperetur.
1269 4027 1468 4109 Quae
1518 4028 1849 4109 quoniam
1900 4050 1943 4090 a
1990 4041 2061 4089 te
2094 4028 2251 4089 Deo
2302 4025 2589 4106 auspice
2626 4033 2836 4106 cepta
2876 4032 2947 4086 et
2982 4044 3271 4107 magna

680 4156 772 4197 ex
843 4146 1046 4215 parte
1120 4134 1445 4197 confecta
1509 4144 1698 4215 sunt,
1774 4135 1865 4197 de
1926 4135 2199 4215 reliquo
2268 4133 2397 4197 etsi
2476 4152 2614 4195 non
2685 4152 2761 4194 es
2826 4132 3266 4213 hortanduS,

679 4242 850 4303 satis
901 4241 1084 4304 enim
1147 4252 1217 4305 te
1269 4244 1518 4305 eadem
1566 4242 1790 4304 virtus
1852 4253 1973 4303 tua
2020 4240 2415 4323 religioque
2483 4239 2933 4310 adhortatur;
3002 4248 3263 4303 tamen

681 4348 1131 4411 devotionern
1183 4358 1374 4413 tuam
1422 4352 1785 4411 hortamur
1834 4348 1905 4411 in
1953 4348 2254 4410 Domino
2304 4356 2381 4410 ut
2426 4367 2733 4430 pergere
2780 4347 3029 4409 eadem
3080 4366 3263 4411 con-

681 4454 942 4517 stantia
1007 4457 1456 4536 palmamque
1505 4456 1776 4517 fractae
1846 4468 1916 4517 et
1963 4454 2245 4535 penitus
2296 4452 2808 4516 exterminatae
2855 4451 3268 4533 impietatis

682 4582 1025 4643 quaerere
1075 4561 1203 4623 tibi
1252 4565 1441 4644 apud
1490 4564 1716 4625 Deum
1771 4574 1840 4623 et
1890 4560 2291 4625 universum
2340 4562 2679 4642 populum
2717 4558 2851 4622 Dei
2882 4580 3022 4621 non
3054 4572 3267 4641 post-

681 4690 928 4751 pona5‚
979 4670 1048 4731 in
1098 4690 1236 4751 quo
1281 4670 1449 4750 quid
1499 4679 1621 4731 tua
1671 4670 1893 4731 virtus
1934 4668 2221 4731 efficere
2270 4668 2496 4749 possit
2530 4668 2804 4745 scimuS,
2857 4669 2944 4728 de
2974 4665 3274 4747 optima

683 4778 1050 4839 voluntate
1117 4798 1252 4838 non
1338 4777 1762 4839 dubitamus,
1861 4779 2105 4854 Certe,
2176 4776 2245 4837 id
2312 4774 2502 4855 quod
2566 4774 2969 4855 intelligere
3036 4785 3277 4854 potes

685 4884 861 4977 ipse²
913 4885 1046 4954 erit
1095 4886 1230 4951 hoc
1279 4894 1472 4946 tuum
1523 4885 1651 4948 tibi
1702 4884 2013 4948 officium
2064 4893 2134 4947 et
2181 4884 2373 4965 apud
2407 4884 2633 4945 Deum
2686 4880 3127 4944 fructuosum
3188 4894 3275 4947 et
