3575 5775
1441 594 1741 650 0-43493
1819 591 1937 648 fro

1618 977 1749 1042 234

790 1101 1291 1181 Ferdinandus
1346 1103 1555 1183 Aroh.
1612 1103 1950 1182 Austriae
2007 1101 2351 1184 Clementi
2406 1101 2562 1180 VII.

1326 1249 1523 1323 (Epist.
1558 1250 1739 1310 Ptine.
1774 1250 1880 1308 m.
1915 1249 2057 1322 200.)

1438 1369 1547 1436 (20.
1587 1372 1719 1436 Julii
1768 1368 1942 1440 1525.)

588 1494 965 1557 Enimvero
1015 1503 1213 1556 tanto
1264 1495 1566 1560 maiores
1615 1499 1870 1577 habe0,
1921 1509 1992 1560 et
2041 1496 2250 1560 etiam
2300 1515 2614 1577 agnosco
2663 1513 2774 1556 me
2806 1493 2972 1555 olim

404 1603 676 1665 referre
725 1603 991 1666 debere
1050 1602 1319 1684 gratias
1368 1605 1802 1668 Beatitudini
1854 1605 2194 1684 Vestrae,
2263 1603 2458 1684 quod
2507 1601 2672 1664 licet
2722 1600 2972 1664 eadem

406 1709 641 1772 multis
708 1708 1247 1772 difficultatibus
1318 1711 1639 1774 involuta
1706 1713 2002 1792 existat,
2075 1711 2330 1794 quibus
2398 1729 2692 1774 necesse
2755 1709 2975 1771 habet

405 1817 813 1897 subvenire,
845 1838 1183 1880 summam
1219 1818 1473 1900 viginti
1508 1819 1805 1884 Millium
1838 1840 2234 1896 aureorum,
2285 1839 2497 1900 quam
2543 1837 2769 1898 nuper
2818 1837 2970 1898 pro·

406 1923 697 1988 miserat
754 1924 1248 1996 subsidiariam
1314 1927 1481 1989 mihi
1528 1927 1666 1992 iam
1717 1928 2197 2010 assignaverit
2251 1927 2320 1988 in
2375 1927 2570 1990 Urbe
2619 1923 2974 2006 Fuggaris

405 2032 613 2094 isthic
665 2031 1129 2112 degentibuS‚
1188 2054 1593 2115 quanquam
1640 2034 1714 2098 id
1763 2033 1862 2098 sic
1911 2035 2067 2098 fore
2129 2055 2268 2098 non
2319 2034 2754 2098 dubitabam.
2849 2032 2976 2094 Est

406 2139 595 2204 enim
644 2139 1110 2220 Apostolicae
1160 2139 1369 2203 Sedis
1432 2142 1643 2222 (sicut
1710 2141 2014 2206 maxime
2082 2143 2172 2204 ad
2223 2141 2524 2205 eandem
2573 2149 2850 2221 spectat
2918 2137 2975 2202 si

405 2267 590 2328 quae
637 2244 803 2332 alia)
852 2245 1029 2310 fides
1068 2248 1456 2330 praecipua
1490 2261 1561 2314 et
1593 2259 1868 2324 sancta;
1919 2261 2154 2314 tamen
2189 2269 2300 2314 me
2347 2268 2486 2310 non
2539 2245 2712 2310 nihil
2761 2265 2972 2310 curae

408 2353 685 2435 coepit,
756 2356 945 2434 quod
994 2355 1315 2436 Fuggari
1365 2356 1737 2436 Augustae
1789 2377 1943 2420 eam
2013 2375 2348 2420 summam
2432 2354 2503 2416 in
2553 2355 2740 2418 hunc
2789 2353 2976 2416 diem

408 2481 633 2542 usque
682 2462 770 2522 ad
821 2481 1071 2524 manus
1102 2481 1298 2524 meas
1345 2462 1658 2526 nondum
1708 2466 2215 2545 deposuerunt,
2263 2483 2400 2544 qua
2449 2461 2505 2524 si
2555 2463 2650 2524 ab
2698 2461 2800 2524 eis
2833 2471 2976 2523 tam

410 2568 779 2632 commode
846 2568 916 2630 in
980 2588 1184 2632 usum
1250 2590 1479 2632 meum
1532 2580 1832 2652 erogata
1896 2570 2182 2650 fuisset,
2253 2591 2462 2652 quam
2530 2589 2890 2652 propense
2937 2591 2980 2632 a

410 2675 865 2738 Beatitudine
938 2675 1200 2738 Vestra
1271 2678 1701 2740 demandata
1772 2678 1905 2740 fuit
1991 2678 2157 2742 mihi
2251 2678 2730 2760 persolvenda
2799 2697 2979 2757 esse,

410 2791 605 2846 certe
677 2803 818 2845 non
889 2801 1139 2864 parum
1217 2785 1395 2848 haec
1470 2786 1895 2848 acceleratio
1965 2787 2370 2867 profuisset.
2469 2785 2672 2847 Nunc
2743 2794 2978 2848 autem

408 2891 652 2955 nescio
703 2879 1035 2955 demirari
1084 2892 1289 2971 satis,
1356 2892 1547 2973 quod
1597 2894 1948 2975 tantisper
2007 2894 2263 2956 solutio
2312 2894 2434 2956 illa
2498 2894 2978 2975 protrahatur,

411 3020 621 3080 quum
656 2999 1013 3081 Fuggaris
1063 3001 1153 3063 de
1187 3000 1581 3081 quantitate
1620 3002 1870 3063 harum
1903 3002 2362 3083 pecuniarum
2396 3000 2660 3081 optime
2696 3010 2976 3063 cautum

410 3107 625 3169 fuerit
708 3106 901 3169 illam
972 3128 1097 3171 eos
1146 3107 1216 3169 in
1266 3109 1453 3169 alma
1498 3110 1674 3169 urbe
1722 3118 2306 3190 recuperaturOS,
2377 3108 2512 3171 nisi
2560 3108 2745 3171 forte
2793 3128 2976 3189 quae

413 3214 759 3277 eiusmodi
807 3213 1042 3277 cautio
1092 3214 1181 3277 ad
1230 3234 1343 3276 me
1392 3214 1804 3277 transmissa
1853 3236 1992 3279 non
2041 3216 2151 3295 sit,
2198 3216 2272 3279 in
2319 3236 2458 3297 qua
2506 3234 2584 3277 re
2622 3215 2973 3278 desidera-

406 3342 559 3385 mus
608 3319 1007 3384 Consiliarii
1054 3320 1276 3383 nostri
1324 3323 1514 3403 apud
1564 3321 2088 3385 Beatitudinem
2131 3322 2218 3387 V.
2271 3323 2600 3404 degentis
2649 3320 2974 3404 Magistri

412 3428 609 3491 Petri
659 3430 747 3491 de
798 3429 1225 3491 salamanca
1274 3429 1711 3493 exactiorem
1760 3430 2221 3511 diligentiam.
2316 3430 2667 3512 Quicquid
2741 3442 2974 3496 tamen

408 3556 669 3598 causae
716 3536 901 3597 hanc
951 3555 1220 3598 moram
1269 3536 1525 3613 attulit,
1576 3537 1854 3601 tametsi
1888 3557 2015 3620 per
2053 3558 2208 3601 eam
2238 3539 2837 3601 incommodatum
2888 3536 2976 3599 sit

408 3643 615 3705 nobis
646 3663 791 3705 non
820 3662 961 3705 uno
997 3642 1279 3705 nornine
1306 3652 1377 3705 et
1401 3656 1749 3724 respectu.
1784 3664 2010 3727 cogor
2041 3644 2232 3709 illam
2271 3645 2481 3707 immo
2521 3646 2752 3709 debeo
2791 3644 2972 3706 sicut

413 3752 753 3814 admonet
831 3746 1191 3811 Sanctitas
1240 3750 1504 3812 Vestra
1552 3750 1960 3813 domesticis
2026 3751 2176 3815 eius
2239 3752 2576 3815 oneribus
2631 3751 2978 3832 imputare

413 3867 487 3919 et
534 3854 1077 3920 necessitatibus
1092 3904 1111 3937 ,
1162 3856 1463 3919 maxime
1530 3859 1723 3939 quod
1796 3878 1927 3939 per
1991 3858 2150 3921 illas
2229 3858 2408 3921 sicut
2473 3860 2540 3921 in
2603 3856 2978 3939 posteriori

414 3964 655 4041 Brevi,
706 3984 849 4045 quo
897 3964 1291 4025 declaravit
1338 3964 1840 4045 responsiones
1888 3986 2033 4044 eaS,
2081 3987 2266 4047 quae
2314 3988 2356 4029 a
2401 3986 2514 4029 me
2562 3966 2975 4027 tumultuan-

414 4071 605 4133 tibus
656 4070 1137 4151 Popularibus
1186 4072 1361 4133 meis
1410 4071 1523 4133 hic
1574 4072 1740 4135 data
1788 4084 1970 4151 sunt,
2021 4073 2275 4154 dignas
2323 4072 2456 4135 sibi
2503 4071 2722 4134 fuisse
2772 4071 2979 4133 visas,

418 4177 778 4241 Sanctitas
828 4178 1092 4241 Vestra
1139 4177 1390 4259 recipit
1438 4178 1649 4241 fidem
1685 4200 1880 4243 suam
1913 4201 2054 4243 non
2091 4201 2244 4243 esse
2276 4190 2722 4258 moraturam,
2772 4199 2981 4261 quam

418 4286 629 4364 omni,
682 4305 825 4366 quo
874 4286 1107 4347 debeo
1156 4295 1227 4347 et
1272 4306 1559 4367 possum
1608 4284 1807 4350 filiali
1857 4288 2088 4349 studio
2125 4297 2194 4348 et
2224 4285 2681 4349 observantia
2727 4285 2981 4349 iterum

414 4402 631 4473 atque
682 4392 935 4454 iterum
984 4413 1187 4473 rog0,
1236 4405 1313 4455 ut
1360 4392 1757 4474 praefatam
1807 4414 2171 4474 summam,
2222 4393 2280 4456 si
2327 4392 2480 4456 fieri
2527 4394 2786 4474 possit,
2836 4392 2978 4455 uni-

416 4520 697 4561 versam
748 4518 880 4581 per
927 4499 1304 4581 Fuggaros
1354 4500 1725 4582 Augustae
1778 4501 2277 4582 assignandam
2343 4500 2510 4563 mihi
2574 4501 2808 4564 denuo
2867 4500 2980 4563 de-

418 4608 725 4668 mandet.
806 4606 895 4669 Et
928 4606 984 4668 si
1020 4626 1203 4687 quae
1233 4606 1467 4688 portio
1494 4616 1733 4687 restat,
1784 4608 2081 4670 celerius
2115 4607 2252 4669 iam
2289 4607 2722 4689 assignatam
2773 4606 2982 4669 etiam

420 4712 754 4776 universa
802 4721 1157 4793 sequatur,
1208 4722 1283 4774 ut
1314 4712 1561 4774 maiori
1592 4732 1749 4775 cum
1779 4712 2014 4776 fructu
2046 4716 2180 4776 hoc
2217 4712 2627 4777 benefitium
2667 4713 2977 4776 Beatitu-

422 4818 605 4882 dinis
678 4819 983 4881 Vestrae
1043 4819 1406 4900 accipiam.
1522 4819 1872 4900 Equidem
1940 4842 2079 4884 non
2158 4820 2402 4883 dubito
2476 4821 2640 4902 quin
2715 4818 2982 4883 Sancta

422 4925 653 4989 Sedes
701 4926 863 5005 ista·
940 4926 999 4989 si
1049 4946 1285 4989 coram
1335 4926 1436 4989 illi
1494 4926 1741 4990 liceret
1786 4928 2232 5011 perspicere,
2297 4950 2476 5011 quae
2540 4928 2981 4991 incommoda
