3575 5775
1362 606 1856 670 maz-331&

318 761 764 844 presentium
827 761 1096 825 seriose
1145 760 1678 825 committimus:
1749 769 2100 843 quatenus
2147 758 2441 823 consilio
2507 765 2579 819 et
2625 751 2890 819 auxilio

318 868 934 951 conquerentibus
981 868 1254 949 adsint,
1316 889 1440 932 eos
1485 876 1855 949 tueantur,
1905 876 1978 931 et
2026 867 2289 930 dictum
2338 875 2654 928 nostrum
2700 882 2889 926 man-

319 978 573 1041 datum
640 978 830 1040 omni
897 974 1272 1059 diligentia
1338 984 1821 1059 exequantur,
1892 984 1965 1039 et
2030 996 2117 1038 ne
2174 977 2439 1037 bonum
2501 992 2657 1035 cum
2705 971 2891 1033 malo

321 1083 851 1166 supprimatur,
925 1092 997 1147 et
1041 1085 1330 1147 tandem
1376 1084 1714 1148 resolutio
1774 1082 1932 1147 fieri
1986 1102 2111 1147 seu
2160 1077 2587 1145 adamussim
2635 1075 2892 1142 exami-

320 1190 480 1253 nari
542 1191 809 1272 possit,
880 1212 1093 1273 quam
1135 1191 1327 1253 viam
1387 1191 1460 1253 in
1518 1192 1653 1254 hac
1715 1210 1793 1253 re
1856 1190 2155 1272 quisque
2216 1188 2480 1275 debeat
2538 1183 2891 1267 amplecti,

319 1306 821 1361 convenerunt
865 1298 1091 1361 nostri
1138 1298 1772 1377 LocumtenenteS,
1838 1306 2110 1378 orator,
2174 1296 2540 1359 Electores
2585 1309 2891 1375 quoque,

319 1402 740 1487 PrincipeS,
788 1404 1138 1487 Praelati,
1189 1402 1501 1468 Comites
1516 1453 1534 1486 ,
1593 1413 1666 1468 et
1711 1404 1998 1486 Imperii
2046 1402 2332 1467 ordines
2380 1420 2535 1463 cum
2581 1396 2893 1461 Sanctis-

321 1508 480 1573 simi
549 1510 838 1573 Domini
905 1509 1278 1575 Pontificis
1342 1512 1622 1595 Legato
1705 1510 1817 1573 hic
1890 1519 2257 1593 presente,
2328 1508 2447 1590 qui
2515 1504 2891 1583 Generale,

319 1618 654 1699 liberum,
701 1626 775 1681 et
819 1617 1224 1682 universale
1255 1618 1650 1683 Concilium
1683 1616 2233 1681 Christianitatis
2260 1626 2597 1696 tanquam
2626 1630 2893 1675 summe

323 1723 810 1789 necessarium
868 1744 999 1807 per
1065 1725 1591 1790 Beatitudinem
1637 1724 2005 1788 Pontificis
2066 1725 2156 1786 de
2202 1740 2567 1785 consensu
2628 1726 2895 1796 nostre,

323 1839 602 1912 quanto
650 1831 876 1911 citius,
925 1840 998 1894 et
1045 1852 1254 1914 quam
1301 1832 1605 1915 primum
1651 1831 1997 1915 possibile
2042 1831 2355 1894 futurum
2402 1828 2492 1891 sit
2532 1828 2625 1891 ad
2664 1827 2895 1890 locum

324 1937 877 2001 convenientem
924 1938 996 2001 in
1046 1937 1430 2003 Germania
1476 1950 1691 2022 prout
1737 1940 1946 2005 decet
1992 1938 2237 2019 indici,
2288 1947 2359 2001 et
2405 1932 2775 2019 publicari,
2824 1941 2898 1995 et

325 2043 790 2107 nihilominus
851 2044 1124 2108 interea
1179 2047 1522 2128 temporis
1577 2046 1649 2111 in
1695 2046 1882 2111 diem
1930 2045 2097 2109 Divi
2144 2044 2436 2107 Martini
2496 2040 2897 2124 proximum

325 2150 399 2213 in
469 2150 764 2215 civitate
811 2149 1176 2235 Spirensis
1190 2201 1209 2234 ,
1283 2153 1668 2217 communis
1731 2152 2196 2236 congregatio
2244 2149 2715 2216 Germanicae
2762 2146 2895 2209 Na-

327 2257 546 2321 tionis
597 2258 966 2340 celebrari,
1013 2280 1100 2323 ac
1146 2259 1217 2322 in
1268 2261 1590 2341 eandem,
1639 2270 1717 2324 ut
1763 2260 2186 2344 praefertur,
2236 2255 2655 2337 deliberari,
2705 2264 2778 2318 et
2822 2254 2896 2316 in

333 2366 935 2430 consultationem
993 2367 1164 2449 poni
1214 2368 1512 2450 debeat,
1583 2388 1723 2451 quo
1769 2356 1987 2451 pacto
2034 2386 2257 2449 usque
2304 2366 2399 2429 ad
2444 2356 2899 2426 indicendum

328 2474 678 2555 generale
745 2472 1116 2537 concilium
1181 2474 1274 2537 sit
1336 2475 1712 2557 agendum.
1808 2476 1926 2539 Ad
1993 2494 2203 2557 quam
2269 2468 2899 2553 congregationem

331 2579 570 2661 quivis
599 2580 1027 2657 Electorum‚
1076 2580 1506 2664 Principum,
1539 2583 2051 2663 Praelatorum,
2084 2580 2451 2658 Comitum,
2500 2585 2573 2640 et
2602 2575 2899 2639 aliorum

330 2686 667 2752 ordinum
699 2696 925 2751 status
956 2687 1232 2770 imperii
1263 2710 1339 2752 se
1372 2690 1847 2771 personaliter
1879 2690 2205 2753 conferre
2236 2694 2582 2751 teneatur.
2633 2682 2900 2745 Verum

331 2794 390 2857 si
439 2794 700 2877 aliquis
749 2815 840 2857 ex
890 2795 992 2859 eis
1039 2796 1325 2878 urgenti
1373 2798 1466 2861 de
1513 2818 1728 2861 causa
1767 2797 2241 2880 personaliter
2279 2796 2531 2857 adesse
2564 2810 2707 2853 non
2740 2808 2895 2871 pos·

331 2912 476 2983 set,
513 2915 644 2965 ‘ex
689 2911 858 2966 tunc
907 2903 967 2966 is
1015 2903 1280 2968 debeat
1326 2925 1540 2969 unum
1602 2909 1716 2969 vel
1763 2909 2004 2989 plures
2052 2921 2312 2986 graves
2370 2909 2442 2964 et
2495 2904 2899 2980 prestantes

335 3008 799 3074 Consiliarios
861 3011 953 3074 ad
999 3014 1483 3094 tractandum,
1546 3014 2119 3091 consultandum,
2188 3017 2259 3073 et
2306 3005 2616 3070 finaliter
2673 3005 2763 3066 de
2811 3001 2898 3064 iis

333 3117 906 3180 concludendum
967 3118 1184 3200 pleno
1233 3129 1305 3181 et
1351 3119 1732 3183 sufficienti
1778 3121 2115 3183 mandato
2178 3113 2502 3178 suffultos
2548 3107 2896 3173 transmit-

335 3232 526 3306 tere,
577 3225 1170 3306 quemadmodum
1217 3226 1511 3290 licterae
1559 3228 1651 3289 ad
1700 3225 2089 3308 Principes,
2139 3223 2538 3298 ElectoreS,
2603 3226 2676 3280 et
2721 3214 2899 3278 alios

335 3330 746 3412 PrincipeS,
819 3339 892 3394 et
938 3329 1182 3394 Status
1230 3335 1538 3415 desuper
1586 3335 1919 3397 decretae
1968 3343 2149 3413 sunt,
2199 3339 2269 3393 et
2316 3325 2756 3410 potissimum
2805 3322 2897 3384 ad

337 3457 496 3517 eOS,
569 3437 691 3519 qui
758 3438 1189 3502 universalia
1237 3439 1472 3502 studia
1530 3440 1601 3503 in
1663 3439 1807 3504 suis
1855 3439 2284 3518 DucatibuS,
2348 3443 2429 3498 ’et
2474 3430 2899 3497 Civitatibus

335 3546 634 3624 habent,
693 3564 852 3608 curn
901 3546 1390 3609 commissione
1439 3557 1789 3629 quatenus
1836 3567 1967 3630 per
2013 3567 2177 3610 suos
2226 3547 2477 3606 doctos
2522 3536 2899 3622 practicOS,

337 3662 714 3734 expertos,
765 3661 838 3716 et
880 3653 1363 3736 intelligentes
1412 3654 1853 3719 consiliarios
1904 3653 2216 3733 extrahi,
2274 3658 2346 3713 et
2394 3647 2602 3730 seligi
2649 3653 2899 3709 curent

340 3759 678 3842 quicquid
727 3760 1156 3842 disputabile
1203 3761 1277 3823 in
1326 3761 1530 3824 novis
1578 3761 1946 3842 doctriniS,
1996 3769 2069 3824 et
2111 3759 2311 3824 libris
2359 3754 2777 3838 repererint,
2827 3760 2901 3815 et

341 3868 532 3948 quod
591 3865 694 3929 ita
755 3865 1232 3946 extraxerint,
1303 3867 1562 3950 Nobis,
1632 3870 1751 3931 vel
1812 3869 1883 3931 in
1932 3867 2258 3931 absentia
2305 3873 2582 3943 nostra,
2653 3867 2897 3923 nostro

339 3973 900 4050 Locumtenenti,
953 3982 1024 4036 et
1071 3973 1520 4056 Principibus
1567 3975 2050 4056 Electoribus,
2101 3972 2574 4054 Principibu'S,
2624 3975 2696 4031 et
2742 3964 2897 4028 Sta-

341 4080 528 4143 tibus
574 4079 644 4142 in
695 4079 885 4144 dicta
933 4081 1494 4162 congregatione
1543 4082 2000 4146 conventuris
2048 4081 2478 4157 exhibeant,
2527 4083 2601 4138 ut
2651 4071 2898 4136 maiori

339 4187 572 4250 fructu
621 4186 998 4269 negocium
1042 4189 1181 4250 hoc
1227 4187 1299 4250 in
1344 4187 1583 4251 futuro
1618 4186 1935 4252 Concilio
1982 4188 2210 4272 possit
2253 4188 2523 4249 habere
2568 4199 2897 4263 progres-

341 4312 512 4359 sum.
605 4293 994 4375 Debebunt
1053 4293 1348 4375 insuper
1395 4295 1618 4356 nostri
1666 4295 2261 4358 Locumtenentes
2324 4301 2395 4356 et
2444 4287 2897 4352 constitutum

343 4401 736 4485 Regimen,
809 4400 1177 4482 Principes
1224 4401 1550 4482 insuper,
1622 4402 2022 4482 Electores,
2092 4399 2497 4481 Principes,
2564 4395 2898 4473 Praelati,

345 4508 671 4590 ComiteS,
721 4517 794 4572 et
826 4506 1070 4571 Status
1118 4507 1404 4590 Imperii
1452 4509 1643 4571 circa
1688 4509 2087 4591 prescripta
2118 4504 2479 4587 singulari,
2530 4513 2602 4566 et
2630 4521 2900 4565 summa

347 4614 712 4697 diligentia
759 4624 832 4678 et
878 4615 1326 4678 advertentia
1370 4615 1805 4698 prospicere,
1856 4616 2048 4696 quod
2090 4612 2321 4677 medio
2370 4622 2691 4694 tempore
2726 4607 2897 4672 San·

347 4729 532 4785 ctum
577 4723 1048 4806 Evangelium
1111 4731 1184 4785 et
1230 4722 1549 4785 Verbum
1598 4723 1735 4786 Dei
1796 4724 2181 4786 secundum
2228 4739 2476 4784 verum
2523 4736 2897 4802 syncerum

347 4829 796 4910 intellectum,
845 4839 917 4893 et
966 4829 1626 4912 interpretationem
1658 4831 2072 4909 Doctorum,
2120 4849 2165 4891 a
2197 4826 2545 4890 communi
2574 4822 2899 4887 Ecclesia

347 4946 788 5022 receptorum
837 4940 1107 5021 absque
1155 4939 1454 5001 tumultu
1505 4945 1576 5000 et
1622 4938 1962 5002 scandalo
2011 4936 2485 5020 praedicetur,
2535 4941 2607 5002 et
2647 4932 2897 5002 docea-
