3575 5775
1742 580 2237 641 0-<33228>-ο

704 728 968 791 lectum
1011 726 1232 791 filium
1277 737 1596 791 nostrum
1645 726 2096 792 Cardinalem
2145 728 2604 812 Campegium
2623 777 2640 810 ,
2704 728 2905 810 hujus
2952 724 3251 791 Sanctae

707 830 948 914 Sedis,
997 845 1070 897 et
1115 843 1434 898 nostrum
1484 837 1574 898 de
1623 834 1885 899 Latere
1932 836 2282 918 Legatum
2330 856 2471 899 non
2519 834 2670 899 sine
2716 834 3066 899 Caesarae
3110 834 3251 897 Ma-

699 941 980 1023 jestatis
1025 944 1392 1005 voluntate
1441 942 1622 1005 istuc
1670 943 2091 1006 mittendum
2146 942 2702 1023 decreverimus,
2764 962 2895 1023 pro
2960 961 3253 1005 commu·

705 1048 914 1112 nibus
981 1049 1196 1113 totius
1261 1050 1738 1131 Reipublicae
1804 1049 2249 1115 Christianae
2318 1048 2733 1129 commodiS,
2802 1048 3256 1111 Nobilitatem

705 1164 899 1219 tuam
945 1158 1313 1219 hortamur
1355 1157 1425 1220 in
1473 1157 1779 1221 Domino
1799 1206 1818 1239 ,
1868 1168 1941 1221 et
1986 1168 2287 1240 paterne
2332 1155 2789 1239 requirimus,
2836 1165 2915 1218 ut
2956 1176 3091 1237 pro
3138 1164 3255 1219 tuo

705 1262 1060 1346 Principis
1086 1264 1376 1345 Imperii
1409 1263 1669 1345 offici0,
1707 1274 1780 1329 et
1806 1265 2017 1329 solita
2046 1284 2225 1347 erga
2239 1266 2468 1328 Deum
2482 1264 2771 1346 pietate,
2796 1281 3070 1345 proque
3086 1262 3257 1325 eius-

707 1371 888 1453 dem,
920 1379 994 1435 et
1023 1380 1148 1435 tuo
1177 1374 1472 1454 honore,
1504 1373 1596 1435 ad
1622 1371 2071 1436 Conventum
2095 1370 2993 1454 Norimbergae‘indictum,
3020 1369 3080 1432 si
3104 1388 3257 1450 pro-

703 1477 934 1542 fectus
981 1500 1124 1543 non
1173 1499 1272 1560 es,
1319 1478 1698 1561 proficisci,
1747 1500 1833 1541 ac
1880 1489 2127 1542 nostro
2171 1477 2469 1561 Legato,
2513 1476 2933 1560 praesertim
2980 1497 3068 1539 ea
3116 1475 3259 1557 dig-

705 1585 928 1649 nitate
973 1586 1396 1668 hujusmodi,
1447 1596 1519 1649 et
1565 1605 1698 1667 pro
1747 1595 1893 1649 tam
1944 1585 2347 1649 necessaria
2394 1604 2609 1648 causa
2638 1586 2728 1647 ad
2757 1602 2885 1646 vos
2924 1580 3261 1661 venienti,

705 1714 847 1756 non
895 1694 1111 1757 modo
1157 1703 1382 1757 tutum
1431 1694 1597 1774 iter,
1645 1692 2192 1775 transitumque,
2242 1700 2314 1755 et
2359 1711 2659 1771 moram,
2707 1690 2833 1754 sed
2879 1688 3263 1769 benignam

707 1800 1239 1884 exceptionem,
1289 1811 1432 1863 tam
1479 1801 1551 1863 in
1600 1801 1979 1866 Conventu
2026 1800 2214 1882 ipso,
2273 1820 2484 1881 quam
2531 1798 2789 1880 ubique
2835 1814 3263 1879 procurare3

707 1908 916 1990 eique
950 1908 1138 1971 omni
1174 1927 1334 1991 ope,
1370 1918 1438 1972 et
1473 1928 1695 1991 opera
1729 1910 1987 1972 adesse
2010 1907 2211 1971 velis,
2260 1905 2469 1988 Quod
2484 1903 2849 1969 Nobilitati
2864 1913 3031 1965 tuae
3046 1902 3262 1965 hono-

704 2013 1004 2096 rificum,
1055 2023 1126 2079 et
1173 2034 1589 2096 congruum,
1639 2015 1846 2078 nobis
1893 2036 2069 2079 vero
2117 2033 2335 2096 supra
2382 2033 2590 2095 quam
2637 2012 2779 2075 dici
2823 2009 3087 2093 possit,
3138 2008 3265 2073 erit

706 2130 1010 2202 gratum.
1103 2123 1266 2185 Dat.
1316 2123 1599 2187 Romae
1648 2131 1781 2185 ete.
1832 2123 1948 2186 die
1980 2122 2223 2185 XVII.
2270 2120 2586 2201 Januarii
2644 2138 2827 2199 1524.
2904 2118 3124 2181 Anno
3168 2124 3264 2198 p0.

885 2243 1133 2310 Simile
1179 2246 1332 2309 Ho¹¹
1383 2246 1454 2310 in
1503 2247 1734 2311 Albis.
1800 2282 1889 2291 —
1956 2244 2201 2309 Simile
2246 2244 2424 2327 Epo,
2486 2244 2559 2307 in
2608 2243 2835 2308 Albis.
2882 2278 2970 2287 -—
3020 2238 3264 2304 Simile

705 2352 985 2417 Enri00.

881 2458 1068 2523 Duci
1113 2458 1578 2525 Brunsuicen.

885 2562 1132 2629 Simile
1179 2564 1495 2629 Henrico
1543 2566 1727 2630 Duci
1775 2568 2157 2631 Busuicen.

883 2668 1130 2737 Simile
1177 2673 1536 2738 Hernesto
1583 2674 1764 2759 Ep0.
1812 2675 2181 2739 Patavien.

1180 3219 1374 3302 Gard.
1432 3221 1639 3304 Aroh.
1697 3103 2169 3323 Mogui14tii1us
2224 3219 2570 3302 Clementi
2623 3217 2779 3299 ΠΙ.

1541 3369 1714 3442 (Am
1751 3367 1850 3438 n,
1888 3385 2034 3444 caps.
2069 3369 2196 3439 xn,
2230 3367 2299 3428 u.
2333 3367 2438 3438 πο.)

1663 3481 1770 3546 (20.
1810 3480 2085 3530 Februarii
2130 3481 2304 3547 1324.)

881 3609 1302 3674 Beatissime
1351 3622 1422 3674 et
1469 3613 2015 3678 clementissime
2070 3613 2141 3679 in
2192 3612 2471 3678 Christo
2528 3618 2734 3692 pater
2800 3617 2871 3672 et
2936 3608 3265 3690 Domine,

702 3715 1008 3779 Domine
1037 3715 1132 3779 mi
1175 3717 1378 3781 unice
1415 3719 1930 3784 colendissime.
1988 3720 2163 3784 Post
2208 3719 2545 3782 humilem
2578 3713 3267 3781 commendationem

704 3824 966 3904 pedum
1015 3825 1258 3887 oscula
1298 3827 1690 3889 beatorum.
1780 3827 2089 3892 Vestrae
2122 3825 2596 3891 Beatitudinis
2626 3824 2897 3889 litteras
2924 3821 2999 3884 in
3031 3820 3269 3884 forma

707 3928 965 3994 Brevis
1014 3931 1257 3994 debita
1305 3952 1460 3996 cum
1509 3935 1916 3998 reverentia
1963 3935 2250 4018 accepi,
2300 3955 2393 3997 ex
2440 3931 2697 4016 quibus
2742 3928 3063 3993 intellexi
3111 3949 3271 3992 ves-

702 4047 882 4101 tram
945 4034 1412 4102 Sanctitatem
1480 4040 1885 4104 decrevisse
1932 4041 2639 4105 Reverendissimum
2694 4038 2765 4100 in
2814 4034 3096 4100 Christo
3144 4057 3269 4118 pa-

702 4151 882 4208 trem
925 4153 996 4207 et
1027 4144 1407 4208 Dominum
1442 4145 1899 4210 Laurentium
1945 4147 2128 4210 tituli
2179 4145 2251 4213 S.
2289 4145 2715 4211 Anastasiae
2763 4145 3271 4226 presbyterum

705 4251 1136 4314 cardinalem
1209 4251 1619 4333 Campeium
1695 4253 2077 4317 Dominum
2150 4253 2447 4318 amicum
2528 4262 2601 4316 et
2674 4251 2961 4314 fratrem
3028 4269 3271 4312 meum

705 4357 1188 4421 charissimum
1233 4359 1392 4420 loco
1423 4357 1668 4422 Nuntii
1697 4359 2098 4444 Apostolici
2130 4361 2479 4444 Legatum
2528 4360 2619 4422 de
2667 4359 2889 4421 latere
2935 4356 3027 4419 ad
3075 4355 3271 4439 prin-

707 4463 942 4546 cipum
989 4465 1274 4546 Imperii
1323 4463 1764 4529 Conventurn
1814 4467 2381 4550 Nurembergam
2427 4465 2868 4545 mittendum,
2914 4461 3035 4545 qui
3092 4473 3267 4526 tem·

700 4588 952 4651 porum
999 4571 1288 4634 istorum
1347 4571 1683 4653 periculis
1743 4574 2123 4655 provideat
2178 4571 2838 4653 haereticorumque
2905 4567 3269 4632 audatiam

701 4675 1008 4740 Vestrae
1055 4677 1530 4742 Beatitudinis
1577 4681 1863 4742 nomine
1896 4690 2297 4765 componat.
2348 4680 2558 4742 Hunc
2588 4687 2667 4741 ut
2699 4675 3269 4741 commendatum

701 4783 1082 4866 suscipiam
1130 4796 1428 4867 paterne
1469 4806 1580 4848 me
1627 4788 1971 4850 hortatur.
2052 4787 2210 4850 Hoc
2245 4808 2417 4850 sane
2446 4783 2925 4850 Beatitudinis
2955 4782 3269 4848 Vestrae

700 4891 1322 4978 prudentissimum
1372 4891 1736 4955 consilium
1789 4913 1930 4976 quo
1980 4895 2193 4958 rebus
2240 4893 2606 4958 Ecclesiae
2639 4913 2781 4956 non
2810 4891 3271 4956 mediocriter
