3575 5775
1795 855 1942 918 194.
2046 931 2052 938 ,

1042 971 1465 1074 Campegius
1521 973 1591 1052 et
1645 971 1826 1052 Baro
1885 972 1966 1052 de
2021 965 2286 1074 Burgio
2343 965 2693 1052 Sadoleto.

1412 1110 1695 1181 (Nuntiat.
1746 1110 2000 1170 German.
2036 1108 2185 1170 Lm.
2223 1108 2332 1180 70.)

1550 1233 1599 1295 (1
1614 1243 1658 1282 1.
1698 1231 1978 1280 Februarii
2022 1234 2191 1293 1525.)

765 1365 919 1428 Con
979 1385 1120 1427 una
1168 1374 1409 1426 nostra
1457 1366 1678 1426 breve
1726 1365 1985 1426 lettera
2051 1373 2122 1426 et
2185 1383 2319 1426 con
2365 1361 2709 1426 immensa
2757 1365 3158 1445 allegrezza

587 1472 1029 1553 significamo
1092 1492 1135 1534 3
1180 1471 1267 1534 N.
1318 1468 1390 1534 S.
1454 1471 1525 1533 la
1572 1471 2030 1534 conclusione
2094 1471 2184 1533 de
2232 1471 2302 1532 la
2349 1470 2612 1533 unione
2673 1471 2764 1534 de
2811 1467 3062 1535 Boemi
3113 1491 3157 1534 3

585 1582 655 1642 13
724 1579 911 1642 Sede
971 1577 1427 1659 Apostolica‚
1498 1579 1568 1639 13
1635 1578 1847 1659 quale
1912 1577 1983 1640 in
2051 1577 2278 1660 qu‘est’
2309 1579 2488 1640 hora
2553 1579 2854 1640 havemo
2923 1577 3156 1642 inteso

586 1707 787 1750 come
836 1689 905 1748 13
954 1683 1219 1748 ν3ἀ3τὲ,
1267 1705 1397 1766 per
1446 1685 1513 1746 le
1561 1686 1815 1747 lettere
1884 1687 2016 1748 che
2064 1693 2198 1748 cori
2248 1687 2318 1748 13
2363 1695 2607 1747 nostre
2655 1687 3034 1749 mandamo
3081 1685 3154 1748 in

586 1814 795 1857 mano
844 1793 913 1854 di
966 1790 1037 1856 S.
1088 1790 1191 1854 St*
1236 1791 1306 1852 di
1354 1793 1488 1854 che
1535 1790 2158 1873 particolarmente
2211 1812 2297 1855 ne
2348 1793 2741 1874 allegi-amo
2791 1812 2925 1856 con
2959 1789 3049 1855 V.
3080 1791 3152 1856 S.

588 1911 656 1965 et
705 1903 816 1963 col
864 1900 1111 1981 signor
1158 1899 1454 1962 Datario
1523 1919 1654 1981 per
1700 1900 1743 1962 1’
1773 1901 2048 1963 honore
2105 1907 2179 1962 et
2225 1899 2457 1982 gloria
2504 1899 2576 1961 di
2626 1897 2854 1964 5182*
2909 1909 2978 1962 et
3027 1921 3160 1981 per

586 2008 871 2091 publica
919 2005 1375 2070 satis-sacione
1441 2015 1512 2068 et
1560 2006 2049 2070 consolatione
2114 2006 2203 2069 de
2253 2006 2412 2069 tutti
2463 2004 2824 2070 christiani
2899 2012 2971 2070 et
3017 2025 3155 2070 ser·

586 2115 797 2178 vitori
845 2115 914 2176 di
964 2111 1037 2176 S.
1089 2113 1211 2175 Β118
1254 2112 1325 2176 di
1375 2114 1507 2177 che
1556 2114 1662 2176 sia
1710 2113 1779 2176 in
1831 2124 2078 2176 eterno
2127 2111 2371 2176 lodato
2419 2111 2560 2175 Dio
2609 2111 2692 2176 N.
2730 2111 2802 2176 S.
2853 2115 3156 2176 authore

587 2223 685 2284 dil
733 2231 939 2300 tutt0,
986 2222 1057 2282 13
1106 2223 1267 2302 qual
1301 2239 1471 2283 cosa
1519 2219 1557 2282 ὲ
1604 2231 1807 2283 tanto
1856 2219 1978 2302 pit'i
2013 2221 2290 2302 grande
2339 2229 2410 2282 et
2443 2219 2536 2282 da
2569 2219 2855 2283 stimate
2888 2229 3158 2300 quanto

587 2332 717 2393 che
780 2347 1111 2410 speramo
1175 2329 1307 2390 che
1369 2327 1655 2391 tornerli
1719 2349 1762 2390 3
1811 2327 2230 2390 confusione
2293 2327 2381 2389 de
2443 2325 2678 2408 questi
2723 2326 3020 2389 heretici
3085 2337 3160 2389 et

586 2435 754 2498 novi
801 2434 1101 2516 giganti.
2613 2435 2618 2446 '

762 2541 842 2604 In
892 2551 1145 2622 questo
1192 2549 1393 2602 tanto
1442 2560 1773 2605 successo
1823 2551 2063 2606 essent
2106 2539 2605 2604 decernendae
2633 2539 2966 2622 publicae
2997 2557 3152 2623 sup·

586 2649 1007 2732 plicationes
1072 2661 1145 2710 et
1212 2647 1354 2710 alia
1398 2647 1711 2711 laetitiae
1779 2657 1852 2711 et
1899 2648 2358 2712 exultationis
2407 2647 2648 2730 signa:
2719 2669 2834 2710 ma
2882 2650 3147 2732 perch}

587 2755 991 2837 expetiamo
1040 2753 1089 2817 li
1138 2754 1402 2817 oratori
1450 2753 1540 2817 de
1589 2755 1753 2836 quei
1801 2755 2050 2838 populi
2101 2774 2234 2818 con
2285 2755 2334 2817 11
2383 2755 2590 2836 quali·
2623 2753 2894 2817 daras-si
2928 2753 3156 2818 forma

588 2865 730 2928 alla
776 2861 1249 2946 expedicione
1298 2870 1371 2925 et
1418 2863 1900 2927 stabilimento
1950 2865 2192 2945 totale,
2243 2862 2560 2927 saresino
2597 2861 2670 2925 di
2717 2881 2974 2944 parere
3023 2857 3156 2925 che

586 2971 644 3035 si
693 2980 1105 3053 expettasse
1154 2990 1196 3032 a
1245 2980 1498 3052 questo
1530 2970 1777 3033 effetto
1819 2991 1912 3033 un
1947 2972 2132 3034 altro
2163 2980 2406 3034 nostro
2439 2967 2636 3033 aviso
2680 2970 2770 3031 de
2805 2970 2874 3033 la
2905 2969 3156 3051 gionta

586 3082 774 3151 loro;
844 3079 933 3141 ne
1009 3087 1260 3159 questo
1321 3076 1392 3139 vi
1443 3076 1741 3139 diciamo
1808 3078 2071 3159 perche
2139 3076 2480 3141 debbiate
2539 3079 2808 3140 havere
2863 3072 2938 3139 13
2985 3096 3156 3140 3053

584 3206 739 3249 men
807 3195 1003 3248 certa
1068 3193 1139 3247 et
1188 3184 1463 3263 chiara,
1537 3204 1651 3245 ma
1694 3202 1831 3265 per
1890 3204 1982 3246 un
2033 3184 2317 3248 ricordo
2380 3184 2470 3247 da
2519 3184 2806 3267 seguire
2867 3204 2946 3247 se
3008 3189 3153 3247 cosi

584 3293 860 3375 patera,
908 3290 1175 3373 perche
1224 3312 1361 3353 non
1413 3290 1717 3353 havemo
1767 3290 1873 3353 sin
1910 3290 2030 3371 qui
2076 3291 2255 3354 altra
2291 3290 2853 3373 particolaritate
2901 3290 2990 3355 ne
3024 3301 3184 3374 per·

585 3405 760 3464 hora
837 3400 1149 3482 possiam
1228 3398 1345 3480 pisi
1420 3396 1572 3460 dire
1645 3417 1688 3459 a
1758 3396 1846 3462 V.
1920 3397 1990 3463 S.
2073 3399 2204 3460 che
2277 3420 2318 3461 a
2388 3396 2480 3461 lei
2548 3395 3154 3463 raccomandarci.

588 3508 834 3570 Budae
886 3507 997 3569 XI
1046 3506 1248 3569 Febr.
1302 3509 1479 3567 ‘nora
1526 3503 1737 3565 tertia
1784 3515 1949 3586 post
1997 3504 2362 3568 meridiem
2409 3504 2811 3570 MDXXV.

1723 3636 1780 3697 Ι..
1823 3632 1982 3696 Gaul.
2023 3632 2355 3710 emptum!
2375 3670 2446 3679 -
2467 3642 2520 3691 lo
2547 3644 2750 3693 Barone
2789 3644 2876 3693 del
2899 3644 3117 3708 Burgio.

1658 3822 1709 3831 ἀν
1715 3822 1810 3831 *rw-o
1820 3821 1879 3833 Nu
1889 3820 1982 3831 ma
1995 3820 2070 3833 Ννκ,

1791 4051 1940 4116 195.

1490 4166 1838 4248 Rorarius
1895 4165 2244 4248 Sadoleto.

1395 4312 1692 4385 (Verior.
1745 4314 1832 4375 ad
1883 4314 2082 4373 Olem.
2129 4314 2204 4373 11.
2252 4316 2351 4383 42.)

1546 4413 1654 4484 (14.
1696 4417 1974 4465 Februarii
2019 4420 2188 4481 1525.)

762 4603 777 4618 .
814 4602 829 4617 .
868 4604 881 4617 .
931 4532 991 4616 ΪΞ
1038 4562 1224 4615 stato
1274 4550 1393 4635 qui
1444 4550 1565 4614 dui
1610 4550 1846 4633 giorni
1909 4550 1980 4613 el
2029 4552 2212 4615 duca
2261 4550 2629 4615 Ludovico
2679 4550 2769 4615 de
2817 4552 3150 4633 Baviera,

581 4664 791 4746 quale
851 4664 945 4723 ho
994 4658 1280 4723 visitato
1338 4678 1469 4740 per
1515 4678 1727 4721 nome
1774 4659 1866 4720 de
1914 4658 1999 4723 N.
2049 4656 2122 4723 S.
2187 4669 2259 4722 et
2319 4658 2563 4722 factoli
2609 4658 2684 4722 in
2733 4660 3146 4725 conclusion

577 4768 953 4834 intendere
1002 4768 1135 4829 che
1180 4786 1259 4829 se
1294 4765 1339 4828 'l
1384 4765 1620 4829 vicere
1673 4774 1743 4828 et
1793 4765 1955 4827 altri
2005 4766 2466 4846 governatori
2509 4766 2782 4831 cesai-ei
2811 4788 3146 4831 avessero

578 4874 955 4945 attenduto
1017 4874 1083 4935 al
1138 4872 1453 4937 conselio
1504 4882 1573 4935 et
1623 4872 2106 4936 admonitione
2171 4874 2260 4935 de
2307 4873 2392 4936 N.
2443 4872 2516 4937 S.
2567 4894 2706 4937 non
2755 4876 3146 4941 solamente
