3575 5775
1655 622 2096 682 0-<53xc:>-‹=

605 772 812 837 imiae
861 794 1074 855 pares
1121 772 1514 835 reddiderit
1564 771 1827 851 exitus,
1891 792 2022 835 nec
2072 770 2501 834 mediocrem
2548 769 2894 831 maculam
2942 788 2985 829 a
3033 787 3160 829 sua

605 896 676 943 et
739 880 1050 943 familiae
1119 890 1190 943 et
1237 878 1710 943 Germanicae
1778 878 2083 941 nationis
2134 876 2455 941 claritate
2504 874 2883 956 repulerit,
2947 874 3157 935 hanc-

605 1008 741 1069 que
808 990 998 1070 apud
1065 990 1294 1050 Deum
1357 996 1430 1049 et
1485 986 1807 1049 homines
1866 988 2223 1047 excelsam
2286 984 2567 1046 laudem
2638 980 3161 1063 promereberis

605 1115 759 1157 esse
815 1104 978 1157 tuae
1029 1094 1417 1156 nobilitatis
1469 1114 1688 1175 opera
1738 1113 1822 1155 ac
1870 1092 2171 1174 pietate,
2228 1091 2487 1153 ardens
2533 1088 2935 1152 incendium
2983 1108 3159 1150 sum-

601 1211 864 1264 motum
917 1212 986 1264 et
1035 1202 1422 1264 extinctum
1473 1250 1486 1263 .
1521 1249 1534 1263 .
1571 1202 1625 1262 .“
1707 1200 1907 1262 Haec
1956 1198 2191 1261 omnia
2236 1196 2588 1279 benignus
2635 1198 2861 1259 lector
2906 1194 3163 1257 clarius

609 1309 820 1371 etiam
868 1308 1112 1371 videre
1162 1308 1462 1390 poterit,
1531 1307 1587 1370 si
1651 1307 2095 1370 lutheranam
2144 1304 2514 1386 epistolam
2564 1323 2720 1365 cum
2768 1302 2993 1384 primo
3045 1321 3161 1364 no-

605 1427 904 1478 strorum
965 1425 1574 1478 monumentorum
1624 1414 1981 1484 conferat;
2031 1412 2481 1493 perspicuum
2532 1409 2715 1473 enim
2766 1410 2898 1473 erit
2948 1408 3161 1471 omni-

605 1525 736 1585 bus
786 1522 1159 1603 epistolam
1210 1521 1499 1584 secundi
1547 1520 1924 1583 voluminis
1975 1538 2267 1599 operum
2300 1517 2587 1579 Lutheri
2624 1518 2973 1579 sinceram
3020 1536 3159 1578 non

604 1651 759 1693 esse
809 1632 934 1691 sed
985 1630 1290 1691 fortasse
1339 1648 1380 1689 a
1414 1626 1803 1691 lutheranis
1852 1624 2244 1703 confictam,
2296 1624 2547 1687 demtis
2606 1623 2930 1686 omnibus
2979 1643 3163 1705 quae

603 1737 1146 1818 promissioneS,
1221 1734 1709 1799 infidelitatem
1759 1734 2009 1812 Ducis,
2088 1732 2377 1813 eiusque
2455 1731 2773 1795 favorem
2849 1730 3161 1792 Luthero

605 1843 1020 1925 praestitum
1085 1843 1498 1924 respiciunt,
1580 1842 2084 1905 dissimulando
2176 1860 2456 1921 quoque
2532 1838 3163 1919 longanimitatem,

603 1949 1075 2030 prudentiam,
1125 1950 1737 2013 mansuetudinem
1787 1946 2172 2013 pontificis.

783 2056 999 2119 Aliud
1051 2056 1260 2118 etiam
1312 2064 1842 2119 monumentum
1891 2076 2031 2116 non
2081 2072 2328 2135 parum
2382 2075 2419 2115 a
2453 2050 2757 2115 lectione
2788 2052 3165 2115 lutherana

607 2163 967 2226 diversum
1017 2163 1365 2225 edidimus
1412 2163 1726 2225 Numero
1777 2165 1860 2241 48
1910 2160 2030 2223 fol.
2092 2182 2230 2223 120.
2327 2158 2590 2237 Agitur
2648 2158 2832 2221 enim
2882 2160 2971 2220 de
3021 2156 3197 2238 epi--

606 2271 789 2332 stola
836 2291 877 2332 a
911 2270 1167 2332 Carolo
1199 2270 1638 2350 Imperatore
1673 2270 1759 2331 ad
1794 2268 2180 2332 Lutherum
2229 2266 2459 2346 missa,
2509 2274 2583 2327 ut
2634 2286 2791 2328 eum
2842 2265 2929 2327 ad
2980 2266 3164 2327 diae-

606 2388 750 2439 tam
800 2377 1244 2440 wormatiae
1291 2376 1643 2439 invitaret.
1739 2376 1939 2439 Haec
1986 2374 2291 2455 epistola
2333 2372 2456 2435 fol.
2492 2392 2611 2450 411
2669 2372 2807 2433 vol.
2842 2370 2931 2435 ΙΙ.
2983 2369 3166 2453 Ope-

604 2504 758 2547 rum
809 2484 1100 2547 Lutheri
1149 2483 1448 2567 legitur,
1521 2486 1646 2545 sed
1711 2486 1929 2545 habet
1990 2484 2124 2544 hoc
2190 2480 2400 2542 modo
2468 2479 2817 2541 rationem
2863 2478 3167 2541 vocandi

603 2591 930 2653 Martini:
1003 2592 1372 2671 „quoniam
1438 2590 1937 2673 proposuimus
2002 2596 2298 2669 propter
2366 2586 2759 2648 doctrinam
2833 2595 2903 2647 et
2949 2584 3167 2647 libros

609 2698 1015 2779 aliquandiu
1040 2700 1382 2760 hactenus
1408 2702 1537 2759 abs
1564 2708 1634 2760 te
1663 2698 1891 2760 editos
1920 2694 2337 2759 sardanium
2363 2695 2477 2757 abs
2500 2700 2559 2756 te
2582 2694 2887 2756 sumere“
2908 2718 2935 2767 ,·
2986 2713 3166 2774 quae

605 2808 828 2867 verba
879 2804 1429 2885 disputationem
1478 2826 1622 2867 non
1671 2805 2090 2879 excludunt,
2158 2801 2299 2864 imo
2368 2821 2771 2883 supponere
2838 2799 3169 2863 videntur

605 2911 676 2974 in
727 2912 1065 2975 scrutinio
1106 2912 1575 2987 instituend03
1627 2913 1884 2975 clarius
1934 2911 2318 2993 disputatio
2367 2909 2767 2973 excluditur
2812 2907 2881 2970 in
2933 2927 3169 2970 monu-

606 3030 842 3081 mento
907 3029 1150 3082 nostro
1222 3020 1400 3082 sicut
1472 3020 1733 3102 legitur
1800 3019 1868 3083 in
1948 3017 2366 3081 collectione
2415 3015 2793 3086 Aleandri;
2875 3015 2946 3076 in
3010 3014 3167 3096 ipso

607 3126 794 3188 enim
859 3127 1225 3190 scribitur:
1307 3127 1776 3206 „intendimus
1840 3135 1911 3190 et
1980 3123 2448 3188 conclusimus
2495 3124 2770 3186 ratione
2821 3120 3167 3184 doctrina-

605 3253 761 3296 rum
809 3244 880 3294 et
927 3233 1266 3296 librorum
1317 3234 1435 3314 qui
1483 3255 1614 3314 per
1661 3233 1948 3314 aliquod
2015 3244 2293 3314 tempus
2351 3253 2393 3292 a
2457 3242 2526 3293 te
2588 3230 2759 3293 editi
2816 3238 3012 3310 sunt,
3078 3223 3167 3290 e'x

607 3349 678 3402 te
727 3339 1220 3401 certitudinem
1271 3339 1664 3422 accipere“.
1769 3340 2006 3402 Minus
2056 3347 2385 3402 accurate
2433 3339 2661 3400 relata
2710 3346 2817 3399 est
2864 3335 3170 3416 epistola

607 3450 697 3508 ab
762 3445 1153 3510 editoribus
1224 3446 1688 3517 Lutheranis;
1761 3447 1897 3527 ipsi
1970 3446 2152 3509 enim
2220 3448 2485 3508 habent
2559 3444 2628 3506 in
2702 3443 2841 3506 fine
2913 3443 3167 3524 ipsius:

617 3555 914 3636 „Datum
987 3552 1430 3616 Wormatiae
1517 3555 1630 3616 die
1699 3554 1803 3616 VI
1874 3554 2113 3617 Martii
2196 3573 2381 3616 anno
2469 3551 2755 3614 Domini
2824 3548 3169 3612 MDXXI

613 3680 996 3741 regnorum
1027 3671 1426 3724 nostrorum
1463 3660 1954 3724 romanz'tertio
1988 3662 2173 3725 ecc,“
2257 3657 2403 3722 Sed
2438 3679 2679 3721 mense
2709 3656 2948 3719 Martii
2982 3676 3168 3718 anno

617 3788 774 3846 1521
830 3769 1220 3849 signandus
1270 3779 1422 3830 erat
1461 3789 1686 3830 annus
1737 3770 2089 3831 secundus
2137 3788 2280 3830 non
2322 3765 2600 3838 tertius;
2654 3765 2949 3826 Carolus
2984 3763 3169 3825 enim

609 3879 877 3938 electus
924 3876 1158 3938 fuerat
1207 3875 1480 3937 decima
1527 3877 1704 3937 hora
1753 3875 1894 3938 diei
1949 3878 2026 3936 28
2076 3873 2265 3953 Junii
2325 3893 2509 3950 1519.
2617 3871 2695 3933 In
2748 3871 3168 3934 collectione

611 3981 958 4044 Aleandri
1006 3981 1400 4044 accuratius
1449 3982 1752 4062 legitur:
1832 3982 2131 4062 „Datum
2194 3980 2265 4041 in
2328 3979 2614 4042 civitate
2664 3987 2907 4041 nostra
2954 3977 3167 4059 impe·

607 4088 764 4151 riali
811 4089 1210 4152 VVormatia
1259 4089 1373 4151 die
1425 4089 1525 4151 VI
1573 4089 1837 4152 mensis
1884 4088 2123 4150 Martii
2173 4098 2304 4149 ete.
2353 4107 2736 4168 regnorum
2770 4094 3167 4148 nostrorum

607 4196 918 4258 Romani
964 4197 1274 4278 secundO,
1326 4205 1720 4259 ceterorum
1771 4216 1943 4258 vero
1992 4195 2264 4258 sexto“.

788 4303 944 4383 Qua
995 4325 1084 4365 ex
1133 4324 1346 4365 causa
1396 4303 1862 4384 proveniant,
1936 4322 2269 4382 quorsum
2339 4302 2636 4363 tendant
2683 4302 2818 4361 hae
2869 4307 2939 4360 et
2987 4297 3169 4360 aliae

608 4410 1040 4473 variationes
1086 4421 1720 4486 monumentorum,
1770 4430 1910 4471 non
1956 4408 2401 4489 inquirimus;
2452 4417 2762 4471 attamen
2814 4407 2902 4468 de
2951 4404 3169 4468 since-

607 4519 816 4581 ritate
864 4527 1142 4598 patrum
1192 4517 1735 4579 reformatorum
1785 4517 2214 4578 luculentum
2262 4513 2735 4578 testimonium
2782 4533 2923 4575 non
2970 4533 3168 4594 prae·

609 4630 802 4688 bent.
897 4625 1094 4704 Quae
1145 4622 1512 4686 sinceritas
1563 4623 1770 4686 etiam
1823 4623 2107 4684 aliunde
2157 4623 2361 4684 nimis
2409 4621 2623 4684 dubia
2671 4623 3049 4702 probatur,
3096 4630 3172 4680 ut

611 4753 702 4794 ex
750 4731 1218 4794 monumentis
1267 4731 1527 4793 nostris
1577 4731 1746 4793 satis
1796 4729 2037 4811 liquet.
2138 4729 2502 4793 Aleander
2566 4749 2781 4809 saepe
2833 4736 3171 4808 expertus

610 4851 718 4903 est
752 4849 940 4902 artes
979 4851 1047 4902 et
1082 4848 1480 4902 commenta
1529 4837 2111 4910 reformatorum;
2162 4837 2389 4917 ipsum
2443 4835 2627 4897 enim
2675 4833 2789 4896 isti
2840 4834 3174 4896 dicebant

607 4961 677 5012 et
711 4949 1174 5031 neophytum,
1207 4959 1277 5008 et
1297 4946 1580 5028 judaico
1617 4957 1821 5028 patre
1850 4955 2111 5024 natum,
2162 4953 2235 5006 et
2268 4963 2359 5005 ex
2394 4941 2633 5004 infima
2660 4943 2875 5023 plebe
2903 4951 3169 5013 ortum;
