3575 5775
1679 576 1797 635 0-43
1873 576 2064 635 XVIII
2138 576 2255 633 ΞΗ»

695 722 880 805 Quid
929 724 1243 807 profuit?
1313 726 1424 787 De
1480 724 1790 807 pessimo
1839 724 2339 787 haeresiarcha
2388 724 3070 805 Augustinianorum
3116 721 3227 785 fra

691 840 874 894 trum
919 832 1382 913 Antuerpiae-
1408 832 1684 915 priore,
1733 831 2067 895 Erasmus
2117 833 2271 913 ipse
2326 832 2953 914 pronunciaverat:
3008 829 3254 911 „Prior

692 938 1867 1021 Augustinianesium'Antverpiae
1896 940 2089 1001 solus
2113 958 2301 1021 pene
2328 938 2679 1002 Christum
2704 940 3064 1022 predicat“
3086 938 3133 1019 ¹)
3180 946 3253 999 et

691 1048 1313 1109 Aleanderrursus
1330 1046 1452 1108 vdie
1477 1072 1538 1125 9.
1557 1044 2005 1127 Septembris
2029 1046 2293 1108 aiebatt
2320 1046 2569 1127 „Quod
2586 1047 2789 1127 peius
2814 1048 2925 1109 his
2944 1045 3246 1128 regioni-

688 1155 821 1216 bus
844 1152 1132 1217 invenio
1149 1174 1242 1217 ex
1263 1154 1386 1217 illo
1407 1164 1534 1234 est,
1553 1169 1786 1235 quem,
1803 1151 2002 1215 iuxta
2017 1152 2202 1217 Rev.
2226 1162 2511 1215 vestrae
2544 1154 3249 1231 commendationem,

686 1261 882 1324 omni
927 1262 1140 1325 modo
1205 1262 1294 1325 ad
1351 1269 1619 1324 rectam
1681 1260 1868 1322 viam
1916 1260 2284 1324 adducere
2344 1258 2705 1345 debeo²)“.
2838 1260 2969 1323 Cui
3036 1260 3241 1323 Vice-

686 1369 1185 1432 cancellarius:
1223 1369 1396 1449 ·„D'e
1444 1368 1672 1430 antico
1721 1371 1839 1449 qui
1892 1376 2269 1449 tantopere
2317 1369 2593 1430 occulte
2644 1376 2877 1447 nocet,
2927 1388 3109 1449 opus
3142 1374 3249 1428 est

682 1484 866 1541 nunc
915 1483 1046 1539 nec
1093 1476 1342 1539 videre
1389 1494 1524 1539 nec
1569 1476 1845 1557 audire,
1892 1494 2026 1538 nec
2088 1475 2567 1557 suspicionem
2632 1477 3051 1555 ostendere,
3120 1474 3245 1536 sed

683 1592 761 1645 ut
823 1585 1090 1646 bonum
1123 1584 1344 1664 ‘quod
1407 1581 1628 1663 dixit,
1692 1583 2029 1663 quodque
2076 1582 2332 1645 iterate
2386 1581 2729 1665 promisit,
2794 1578 3249 1665 accipere“⁸).

680 1690 784 1752 At
839 1696 1072 1771 quum'
1101 1689 1350 1752 diebus
1411 1689 1549 1751 illis
1607 1689 1674 1751 in
1723 1690 1969 1751 lucem
2038 1689 2222 1751 liber
2278 1689 2678 1752 haereticus
2742 1688 3041 1769 exisset,
3104 1707 3247 1769 quo

676 1797 966 1879 ignotus
992 1801 1238 1859 auctor
1263 1798 1572 1879 probare
1587 1796 1873 1859 Petrum
1906 1816 2263 1879 nunquam
2286 1796 2511 1874 smisse
2533 1796 2807 1876 Romae,
2831 1798 3245 1875 cona-batur,

675 1921 817 1967 una
841 1922 985 1966 vox
1008 1902 1161 1967 fere
1182 1897 1320 1966 ‘fuit
1344 1912 1704 1966 auctorem
1724 1904 2093 1966 Erasmum
2112 1904 2453 1967 indicans,
2506 1902 2790 1966 Accidit
2823 1903 3036 1966 etiarn
3051 1904 3245 1985 quod

675 2011 1029 2093 Alander,
1081 2012 1246 2073 dum
1295 2010 1366 2073 in
1412 2010 1746 2073 convivio
1796 2025 1952 2073 curn
2000 2010 2295 2073 Erasmo
2362 2011 2679 2090 sederet,
2745 2012 2832 2073 de
2889 2010 3012 2073 illo
3060 2011 3246 2073 libro

675 2119 975 2199 locutus,
1025 2123 1238 2200 quum
1289 2118 1795 2180 calumniosum
1846 2130 1919 2179 et
1964 2120 2377 2181 mendacem
2418 2118 2714 2198 diceret,
2763 2118 3249 2201 refertumque

674 2225 1060 2307 erroribus,
1087 2226 1621 2289 Roterodamus
1653 2224 1922 2305 impetu
1955 2236 2176 2305 actuS,
2213 2226 2566 2288 concitata
2600 2244 2779 2287 voce
2810 2225 3246 2305 inclamaret,

671 2350 748 2394 se
797 2332 1066 2395 nullum
1111 2332 1184 2394 in
1235 2332 1393 2416 ipso
1441 2332 1892 2393 mendacium
1934 2331 2331 2405 invenisse;
2400 2333 2847 2414 libenterque
2914 2334 3242 2415 accipere

670 2439 730 2502 si
778 2440 1146 2502 Aleander
1206 2440 1333 2502 vel·
1383 2454 1598 2501 unum
1643 2438 1992 2501 indicare
2068 2450 2331 2521 posset.
2458 2441 2586 2503 Cui
2650 2460 2803 2504 cum
2874 2443 3245 2505 Aleander

670 2564 812 2609 non
871 2554 1093 2609 ‘unum‘
1167 2547 1321 2609 sed'
1363 2548 1572 2627 plura
1649 2546 2121 2627 ostendisset,
2194 2546 2527 2609 Erasmus
2596 2550 2691 2609 ob
2752 2549 3242 2611 confusionem

670 2653 1040 2717 obmutuit.
1135 2654 1340 2734 Quae
1381 2664 1682 2717 'narrans
1726 2654 2093 2716 Aleander
2124 2654 2522 2716 subiunxit:
2578 2663 3054 2737 „compertum
3106 2654 3240 2719 sibi

666 2760 1036 2824 Erasmum
1080 2765 1303 2827 multa
1369 2761 1618 2842 peiora
1679 2760 2071 2822 lutheranis
2117 2760 2528 2843 scripsisse,
2588 2761 2716 2824 sed
2781 2761 2945 2825 fuco
3015 2764 3239 2839 linita,

666 2868 1125 2950 dissimulata,
1161 2868 1664 2950 aptissimeque
1709 2867 2177 2949 subpietatis
2226 2867 2469 2952 specie
2514 2868 2791 2942 velata;
2842 2870 3091 2933 laudes
3140 2872 3234 2934 lu·

663 2977 1122 3039 thet-anorum
1213 2992 1356 3038 non
1453 2991 1593 3037 una
1667 2976 1825 3038 vice
1888 2977 2344 3047 decantasse:
2420 2975 2783 3058 principes
2850 2987 2921 3039 et
2969 2978 3241 3040 aulicos

664 3083 1065 3146 haereticos
1111 3084 1339 3165 ipsum
1387 3099 1520 3164 pro
1569 3083 1752 3145 duce
1802 3088 2050 3164 aperte
2100 3081 2591 3155 confirmasse:
2642 3083 2906 3146 amicos
2956 3093 3027 3146 et
3074 3105 3233 3166 pro-

661 3191 894 3253 ximos
956 3191 1153 3253 illum
1212 3207 1354 3278 ‚pro
1421 3189 1810 3252 haeretico·
1852 3191 2363 3272 reputasse“⁴).'
2456 3189 2659 3270 Quae
2722 3190 3055 3254 Erasmus
3114 3200 3238 3254 aut

667 3297 899 3358 sciens
948 3303 1070 3358 aut
1116 3295 1535 3378 suspicatuS,
1583 3315 1746 3358 cum
1773 3289 2167 3379 Campegio
2194 3297 2549 3360 Cardinali
2596 3301 2687 3360 de
2716 3299 3236 3362 calumniatori·

663 3407 796 3465 bus
844 3402 988 3466 suis
1035 3411 1489 3484 conquestus»,
1539 3403 1961 3466 catholicam
2028 3411 2531 3485 romanamque
2594 3405 2955 3486 propriam
3018 3405 3237 3469 fidem

661 3511 1152 3594 profitebatur,
1203 3529 1344 3572 non
1383 3509 1566 3572 'satis
1615 3512 1935 3573 modeste
1985 3512 2253 3593 scripta
2299 3528 2428 3573 sua
2455 3511 2732 3574 iactans
2782 3533 2911 3574 ceu
2959 3513 3234 3576 univer·

660 3620 879 3680 salem
925 3613 1246 3699 religiosi
1293 3616 1524 3679 morbi
1573 3617 2018 3680 medicinam.
2120 3617 2387 3699 „Multa
2436 3618 2688 3700 scripsi
2738 3620 2806 3681 in
2840 3619 3233 3683 Lutherum

717 3773 731 3788 .
767 3773 782 3788 .
834 3726 1089 3787 multos
1137 3724 1386 3786 sanavi
1433 3725 1572 3786 iam
1621 3724 1947 3787 addictos
2010 3725 2125 3787 isti
2196 3725 2506 3806 foederi,
2574 3728 2831 3788 multos
2892 3729 3233 3791 revocavi

661 3851 752 3893 ne
801 3832 1245 3911 accederent,
1297 3831 2011 3894 multos·moderatus
2056 3851 2209 3894 sum
2262 3851 2349 3895 ne
2400 3831 2685 3895 nimium
2734 3835 3231 3898 accederent“.

662 3936 808 4000 Sed
880 3938 1111 4000 meriti
1159 3937 1506 4017 conscius»,
1567 3939 1730 4001 dum
1780 3939 2028 4001 laudes
2084 3939 2415 4021 proprias
2476 3942 2944 4022 decantabat,
3016 3942 3228 4004 mina-

661 4049 870 4108 batur
932 4055 1213 4126 aperte:
1289 4042 1554 4126 „Huius
1617 4045 1983 4108 Pontificis
2048 4049 2139 4107 ab
2204 4045 2531 4109 omnibus
2594 4049 3010 4128 praedicata
3068 4067 3221 4130 pru-

663 4152 908 4215 dentia
928 4151 1098 4215 mihi
1124 4155 1382 4215 bonam
1417 4168 1614 4232 spem
1640 4151 1832 4231 facit,
1857 4171 1989 4214 vos
2013 4152 2185 4214 nihil
2208 4153 2521 4216 odiosius
2545 4154 2616 4216 in
2648 4173 2760 4216 me
2794 4156 3227 4218 decreturos

662 4259 872 4341 Quod
904 4259 963 4320 si
987 4258 1191 4322 fieret
1216 4259 1467 4320 eadem
1497 4276 1718 4340 opera
1753 4269 1825 4322 et
1855 4259 2305 4322 Lutheranae
2326 4259 2622 4324 factioni
2646 4281 2793 4323 rem
2828 4263 3042 4341 longe
3068 4279 3226 4342 gra-

659 4365 998 4429 tissimam
1037 4365 1338 4447 facietiS,
1380 4385 1460 4428 ac
1497 4365 1819 4448 pluribus
1861 4366 2320 4430 summatibus
2356 4367 2527 4430 viris
2565 4369 2783 4447 longe
2822 4367 3221 4430 molestissi-

661 4483 866 4555 mam,
891 4491 1071 4554 quos
1089 4471 1254 4535 mihi
1277 4472 1451 4535 meis
1470 4471 1720 4534 studiis
1745 4471 2039 4535 devinxi
2054 4472 2305 4537 favore
2326 4493 2469 4537 non
2492 4474 2873 4539 exambitO.
2908 4473 3225 4555 Quorum

663 4588 772 4644 est
795 4590 1044 4643 noster
1065 4577 1360 4643 Carolus
1387 4589 1460 4643 et
1483 4579 1554 4641 in
1581 4579 1786 4641 huius
1814 4581 1976 4641 aula
2004 4580 2224 4662 multi,
2250 4581 2421 4643 Rex
2466 4581 2797 4661 Angliae,
2822 4581 3223 4664 Archiepis-

663 4689 887 4772 co'pus
909 4687 1459 4767 Cantuariensis,
1487 4695 1562 4748 ut
1583 4696 1721 4750 non
1756 4702 2298 4750 commemorem
2313 4697 2419 4750 tot
2438 4687 2817 4770 principeS,
2832 4697 2941 4752 tot
2958 4690 3223 4771 episco-

811 4845 854 4914 ι)
891 4849 1027 4898 Doc.
1074 4859 1188 4900 120.
1225 4863 1278 4912 p.
1318 4847 1438 4899 282.
2040 4847 2077 4908 ἱ)
2116 4850 2251 4903 Doc.
2296 4861 2413 4902 122.
2448 4863 2503 4912 p.
2545 4849 2665 4909 289.

807 4927 852 4998 ⁸)
891 4929 1024 4980 Doc.
1069 4939 1185 4990 125.
1223 4928 1317 4982 sol.
1357 4940 1476 4988 292.
2040 4927 2086 4993 ⁴)
2125 4930 2259 4979 Doc.
2306 4927 2420 4979 126.
2458 4928 2555 4984 fol.
2594 4939 2891 4994 294—295.
