3575 5775
1337 571 1832 633 0-<13383sp-o

449 710 560 778 ‘Io
605 736 702 781 vo
748 737 886 799 pur
930 716 1370 786 intendendo
1419 724 1552 787 che
1601 725 1799 788 molti
1847 726 1921 789 di
1969 728 2201 809 questi
2247 728 2553 811 principi
2586 729 2657 793 di
2689 729 2860 795 Ger·

311 820 838 889 mania-stanno
887 846 1020 890 con
1070 828 1170 909 gli
1219 830 1422 893 occhi
1470 832 1701 913 aperti
1749 854 1793 895 a
1839 833 2103 899 vedere
2150 856 2228 899 se
2277 838 2343 899 le
2392 856 2559 900 cose
2616 839 2689 900 di
2739 838 2861 902 Ce-

311 947 460 991 sare
507 949 644 993 con
678 930 954 995 Franza
1002 935 1500 1017 declinassinO,
1549 957 1682 1001 con
1725 941 2063 1022 dissegno
2096 944 2229 1004 che
2261 944 2545 1025 quando
2580 947 2862 1009 vedano

313 1034 432 1097 che
480 1035 589 1098 sia
635 1058 767 1120 per
817 1060 1055 1103 essere
1105 1055 1454 1125 occupato
1515 1049 1571 1107 si
1639 1047 1771 1109 che
1818 1047 1860 1109 '1
1932 1068 2072 1112 non
2138 1060 2429 1130 potesse
2483 1050 2727 1114 venire
2790 1052 2862 1115 in
2920 1055 2925 1064 '

314 1138 684 1207 Germania
733 1147 865 1208 che
914 1148 984 1210 10
1043 1148 1691 1215 ricercharebbono
1762 1155 1855 1215 ad
1922 1156 2123 1217 voler
2185 1155 2429 1219 venire
2501 1168 2621 1219 aut
2688 1157 2865 1240 ipsis

312 1248 672 1331 resignare
709 1252 1080 1335 imperium
1129 1275 1261 1336 per
1309 1260 1648 1340 eleggere
1698 1280 1787 1322 un
1836 1261 2021 1323 altro
2069 1260 2437 1344 pigliando
2485 1282 2616 1345 per
2665 1284 2865 1328 occa-

311 1354 500 1419 sione
553 1368 624 1421 et
674 1357 1131 1424 fondamento
1183 1364 1251 1425 13
1301 1364 1736 1429 dissensione
1787 1366 1859 1428 di
1909 1366 2293 1432 Germania
2356 1379 2428 1431 et
2490 1370 2539 1432 li
2588 1370 2863 1434 tumulti

312 1471 376 1522 et
421 1464 700 1527 heresie
750 1486 840 1529 ne
888 1468 953 1529 le
1005 1487 1171 1531 cose
1221 1471 1311 1533 de
1358 1472 1429 1533 la
1475 1470 1662 1553 fede,
1711 1474 1778 1535 10
1818 1475 2009 1555 quali
2056 1495 2199 1538 non
2249 1495 2488 1558 ponno
2537 1486 2727 1540 stare
2775 1479 2862 1541 ne

311 1567 563 1649 pigliar
611 1572 862 1637 ordine
911 1594 1125 1637 senza
1171 1578 1241 1639 13
1288 1597 1598 1658 persona
1645 1581 1735 1641 de
1764 1601 1906 1644 uno
1954 1582 2089 1644 che
2120 1591 2293 1664 agat
2329 1583 2861 1664 imperatorem:

311 1695 476 1738 sono
533 1676 708 1741 forsi
772 1679 1071 1743 discorsi
1142 1703 1184 1742 o
1245 1682 1488 1747 iudicii
1549 1687 1680 1748 che
1751 1686 1872 1767 poi
1920 1686 2066 1751 cosi
2134 1688 2538 1752 facilmente
2598 1709 2739 1753 non
2807 1689 2866 1752 si

311 1801 540 1861 ponno
593 1787 953 1866 exequire.

480 1888 616 1953 Gia
667 1892 920 1985 cinque
968 1894 1202 1975 giorni
1249 1896 1351 1959 fui
1401 1898 1472 1961 di
1520 1918 1757 1963 nuovo
1807 1901 2293 1965 crudelmente
2338 1904 2714 1966 molestato
2774 1904 2865 1965 da

313 2014 398 2057 un
446 1997 696 2061 dolore
745 1998 818 2061 di
865 2001 1079 2081 piede
1127 2022 1258 2083 per
1308 2024 1399 2065 un
1449 2004 1705 2087 giorno
1772 2016 1843 2069 et
1903 2026 2045 2070 una
2118 2017 2351 2080 notte;
2412 2008 2535 2091 poi
2610 2008 2705 2072 mi
2771 2010 2867 2071 ha

313 2101 588 2183 lassato,
637 2126 753 2168 ma
800 2127 1032 2191 zoppo
1083 2120 1153 2172 et
1199 2125 1672 2192 conquassato
1723 2114 1931 2180 assai.
2028 2112 2259 2196 Spero
2291 2115 2468 2196 pero
2503 2118 2864 2179 convaler-

313 2208 420 2289 mi,
468 2211 554 2274 ne
603 2211 698 2275 mi
747 2219 1186 2279 occorrendo
1253 2218 1436 2281 altro
1499 2218 1594 2281 mi
1649 2224 2123 2283 raccomando
2186 2222 2305 2285 alli
2368 2220 2490 2285 S¹¹¹¹
2552 2223 2745 2305 piedi
2793 2222 2867 2285 di

314 2312 383 2380 S.
428 2317 550 2379 ΒΜ
611 2330 684 2383 01
731 2340 776 2383 3
821 2342 888 2384 ν.
939 2342 990 2387 5.
1043 2344 1226 2404 quae
1274 2324 1682 2390 felicissime
1730 2330 1969 2391 valeat
2085 2328 2407 2393 Viennae
2455 2317 2863 2395 XV'Octo-

313 2423 449 2486 bris
495 2426 934 2494 MDXXIV.

1518 2952 1660 3017 174.

945 3065 1217 3147 Paulus
1272 3069 1613 3150 Neideker
1669 3066 2015 3149 Clementi
2067 3069 2225 3151 VII.

1207 3214 1405 3288 (Epist.
1439 3217 1668 3290 princip.
1706 3215 1777 3274 11.
1820 3215 1959 3286 307.)

1277 3333 1384 3400 (24.
1428 3335 1678 3385 Octobris
1725 3338 1895 3400 1524.)

483 3483 903 3576 Bea'tissime
954 3484 1188 3566 Pater,
1237 3495 1404 3568 post
1451 3487 1712 3550 devota
1761 3490 2131 3550 beatorum
2181 3487 2440 3568 pedum
2490 3488 2753 3550 oscula.

486 3607 660 3672 Cum
723 3627 862 3690 ego
919 3607 1200 3671 humilis
1263 3629 1511 3672 servus
1561 3608 1631 3673 S.
1684 3610 1771 3673 V.
1838 3609 1957 3691 qui
2004 3609 2075 3672 in
2124 3612 2299 3672 urbe
2362 3619 2430 3672 et
2480 3620 2869 3693 conspectu

319 3714 390 3780 E.
438 3715 524 3780 V.
574 3714 646 3779 S.
699 3718 789 3780 ab
837 3716 1357 3793 adolescentia,
1421 3717 1664 3780 decem
1717 3725 1787 3779 et
1836 3728 1996 3779 octo
2046 3737 2270 3797 usque
2322 3738 2579 3799 3111105,
2639 3719 2869 3782 0311515

318 3820 382 3884 111
427 3833 663 3887 vestro
713 3822 1090 3886 Auditorio
1140 3823 1382 3886 Rotae
1431 3823 1827 3885 scribendis
1876 3833 1947 3887 et
1995 3823 2414 3905 tractandiS,
2475 3833 2547 3886 et
2593 3823 2651 3886 si
2700 3825 2869 3906 quid

320 3929 569 3994 residui
629 3929 972 4013 temporis
1034 3929 1534 4010 facultatisque
1582 3929 2157 4012 permittebatur,
2232 3930 2599 3993 conductis
2658 3931 2868 3993 etiam

321 4037 512 4115 gravi
556 4057 719 4100 aere
760 4035 1137 4119 magistriS,
1187 4035 1396 4099 bonis
1425 4035 1681 4099 litteris
1709 4057 2002 4118 operam
2034 4037 2399 4110 dederam;
2446 4045 2869 4100 renascente

321 4152 540 4206 autem
586 4163 817 4225 nuper
861 4143 932 4205 in
984 4145 1234 4207 eadem
1282 4144 1460 4205 urbe
1509 4143 1905 4225 epidemiae
1955 4146 2103 4221 lue,
2154 4142 2304 4206 eius
2353 4144 2640 4224 timore,
2708 4145 2869 4206 loco

322 4252 702 4315 cedendum
749 4261 948 4314 ratus
964 4299 983 4331 ,
1052 4250 1140 4313 ad
1189 4249 1400 4312 finem
1451 4249 1720 4330 Aprilis
1768 4249 2149 4312 novissime
2199 4249 2550 4329 abscessi,
2618 4269 2729 4312 me
2781 4250 2870 4313 ad

323 4359 544 4421 natale
590 4359 838 4438 solum,
887 4356 1262 4420 Civitatem
1296 4355 1563 4418 scilieet
1606 4357 1784 4419 hanc
1816 4356 2421 4436 Bambergensem
2470 4353 2541 4418 in
2577 4356 2869 4419 Germa-

323 4465 496 4528 niam
565 4465 944 4530 conferens
961 4513 980 4544 ,
1050 4464 1172 4525 ubi
1253 4473 1326 4526 et
1389 4463 1446 4525 si
1513 4463 1583 4526 in
1653 4462 1810 4526 aliis
1878 4460 2259 4525 Germanie
2327 4461 2733 4524 civitatibus
2800 4469 2873 4526 et

323 4571 522 4652 10015,
565 4572 830 4655 passim
879 4571 1093 4653 impia
1140 4571 1513 4634 lutherana
1560 4567 1863 4652 perfidia
1909 4567 2287 4648 plurimum
2336 4568 2726 4649 grassavit,
2798 4568 2866 4630 in

325 4676 608 4744 Civitate
669 4689 906 4743 tamen
957 4679 1125 4756 hae,
1199 4687 1270 4739 et
1337 4677 1488 4739 eius
1535 4676 1772 4758 ampla
1820 4674 2125 4754 diocesi,
2196 4675 2502 4737 maxime
2564 4695 2736 4737 vero
2798 4675 2866 4738 in

323 4783 772 4850 famosissimo
845 4785 1107 4867 alioqui
1192 4784 1408 4866 opido
1481 4782 2066 4864 Nurenbergensi
2136 4781 2457 4844 mertium
2528 4781 2869 4864 empori0‚

327 4892 619 4956 eiusdem
669 4891 999 4973 diocesis,
1049 4911 1448 4973 exuperare
1497 4891 1800 4970 videtur,
1849 4888 1968 4950 ubi
2002 4887 2479 4952 Ecclesiarum
2525 4889 2869 4973 prepositi
