<?xml version="1.0" encoding="UTF-8"?>
<!DOCTYPE html PUBLIC "-//W3C//DTD XHTML 1.0 Transitional//EN"
    "http://www.w3.org/TR/xhtml1/DTD/xhtml1-transitional.dtd">
<html xmlns="http://www.w3.org/1999/xhtml" xml:lang="en" lang="en">
 <head>
  <title>
</title>
<meta http-equiv="Content-Type" content="text/html;charset=utf-8" />
  <meta name='ocr-system' content='tesseract 3.04.00' />
  <meta name='ocr-capabilities' content='ocr_page ocr_carea ocr_par ocr_line ocrx_word'/>
</head>
<body>
  <div class='ocr_page' id='page_1' title='image "./monumentareform02vatigoog_0176.png"; bbox 0 0 3575 5775; ppageno 0'>
   <div class='ocr_carea' id='block_1_1' title="bbox 1669 509 2165 568">
    <p class='ocr_par' dir='ltr' id='par_1_1' title="bbox 1669 509 2165 568">
     <span class='ocr_line' id='line_1_1' title="bbox 1669 509 2165 568; baseline -0.004 -2"><span class='ocrx_word' id='word_1_1' title='bbox 1669 509 2165 568; x_wconf 48' lang='grc' dir='ltr'>(&gt;-ί.”3128ἱ’.&gt;-ο</span> 
     </span>
    </p>
   </div>
   <div class='ocr_carea' id='block_1_2' title="bbox 633 657 3211 1921">
    <p class='ocr_par' dir='ltr' id='par_1_2' title="bbox 633 657 3211 1921">
     <span class='ocr_line' id='line_1_2' title="bbox 634 657 3195 740; baseline 0 -20"><span class='ocrx_word' id='word_1_2' title='bbox 634 657 855 720; x_wconf 87' lang='lat' dir='ltr'>nostri</span> <span class='ocrx_word' id='word_1_3' title='bbox 923 669 1324 740; x_wconf 88' lang='lat' dir='ltr'>erumperet</span> <span class='ocrx_word' id='word_1_4' title='bbox 1374 681 1504 721; x_wconf 89' lang='lat' dir='ltr'>nec</span> <span class='ocrx_word' id='word_1_5' title='bbox 1556 659 1869 722; x_wconf 86' lang='lat' dir='ltr'>divinam</span> <span class='ocrx_word' id='word_1_6' title='bbox 1917 679 2201 721; x_wconf 87' lang='lat' dir='ltr'>causam</span> <span class='ocrx_word' id='word_1_7' title='bbox 2252 657 2523 720; x_wconf 87' lang='lat' dir='ltr'>violare</span> <span class='ocrx_word' id='word_1_8' title='bbox 2570 669 2941 739; x_wconf 83' lang='lat' dir='ltr'>pergeret,</span> <span class='ocrx_word' id='word_1_9' title='bbox 3008 663 3195 740; x_wconf 90' lang='lat' dir='ltr'>quod</span> 
     </span>
     <span class='ocr_line' id='line_1_3' title="bbox 634 763 3199 847; baseline 0.002 -21"><span class='ocrx_word' id='word_1_10' title='bbox 634 764 736 826; x_wconf 88' lang='lat' dir='ltr'>eis</span> <span class='ocrx_word' id='word_1_11' title='bbox 783 763 1090 828; x_wconf 87' lang='lat' dir='ltr'>libenter</span> <span class='ocrx_word' id='word_1_12' title='bbox 1138 765 1669 846; x_wconf 85' lang='lat' dir='ltr'>ignosceremus</span> <span class='ocrx_word' id='word_1_13' title='bbox 1699 787 1914 847; x_wconf 91' lang='lat' dir='ltr'>quum</span> <span class='ocrx_word' id='word_1_14' title='bbox 1945 767 2374 829; x_wconf 86' lang='lat' dir='ltr'>laetaremur</span> <span class='ocrx_word' id='word_1_15' title='bbox 2403 765 2851 829; x_wconf 85' lang='lat' dir='ltr'>occasionem</span> <span class='ocrx_word' id='word_1_16' title='bbox 2884 769 3199 830; x_wconf 87' lang='lat' dir='ltr'>oblatam</span> 
     </span>
     <span class='ocr_line' id='line_1_4' title="bbox 635 872 3203 954; baseline 0.001 -20"><span class='ocrx_word' id='word_1_17' title='bbox 635 873 1084 936; x_wconf 80' lang='lat' dir='ltr'>exercendae</span> <span class='ocrx_word' id='word_1_18' title='bbox 1147 883 1433 938; x_wconf 88' lang='lat' dir='ltr'>nostrae</span> <span class='ocrx_word' id='word_1_19' title='bbox 1497 883 1568 937; x_wconf 88' lang='lat' dir='ltr'>et</span> <span class='ocrx_word' id='word_1_20' title='bbox 1614 872 2083 954; x_wconf 85' lang='lat' dir='ltr'>benignitatis</span> <span class='ocrx_word' id='word_1_21' title='bbox 2131 883 2203 936; x_wconf 93' lang='lat' dir='ltr'>et</span> <span class='ocrx_word' id='word_1_22' title='bbox 2250 872 2701 945; x_wconf 87' lang='lat' dir='ltr'>clementiae;</span> <span class='ocrx_word' id='word_1_23' title='bbox 2768 875 2899 936; x_wconf 90' lang='lat' dir='ltr'>sed</span> <span class='ocrx_word' id='word_1_24' title='bbox 2942 876 3015 936; x_wconf 87' lang='lat' dir='ltr'>in</span> <span class='ocrx_word' id='word_1_25' title='bbox 3062 873 3203 937; x_wconf 91' lang='lat' dir='ltr'>Dei</span> 
     </span>
     <span class='ocr_line' id='line_1_5' title="bbox 633 979 3205 1044; baseline 0 -2"><span class='ocrx_word' id='word_1_26' title='bbox 633 981 905 1042; x_wconf 91' lang='lat' dir='ltr'>honore</span> <span class='ocrx_word' id='word_1_27' title='bbox 969 981 1040 1042; x_wconf 91' lang='lat' dir='ltr'>in</span> <span class='ocrx_word' id='word_1_28' title='bbox 1100 979 1267 1043; x_wconf 91' lang='lat' dir='ltr'>fidei</span> <span class='ocrx_word' id='word_1_29' title='bbox 1331 989 1624 1044; x_wconf 87' lang='lat' dir='ltr'>sanctae</span> <span class='ocrx_word' id='word_1_30' title='bbox 1687 980 2083 1044; x_wconf 89' lang='lat' dir='ltr'>catholicae</span> <span class='ocrx_word' id='word_1_31' title='bbox 2147 1001 2361 1043; x_wconf 87' lang='lat' dir='ltr'>causa</span> <span class='ocrx_word' id='word_1_32' title='bbox 2416 981 2475 1042; x_wconf 90' lang='lat' dir='ltr'>si</span> <span class='ocrx_word' id='word_1_33' title='bbox 2524 1001 2775 1042; x_wconf 85' lang='lat' dir='ltr'>severe</span> <span class='ocrx_word' id='word_1_34' title='bbox 2822 990 2895 1042; x_wconf 90' lang='lat' dir='ltr'>et</span> <span class='ocrx_word' id='word_1_35' title='bbox 2940 980 3205 1044; x_wconf 88' lang='lat' dir='ltr'>acriter</span> 
     </span>
     <span class='ocr_line' id='line_1_6' title="bbox 633 1085 3203 1168; baseline 0 -20"><span class='ocrx_word' id='word_1_36' title='bbox 633 1099 756 1148; x_wconf 90' lang='lat' dir='ltr'>aut</span> <span class='ocrx_word' id='word_1_37' title='bbox 805 1085 1096 1168; x_wconf 85' lang='lat' dir='ltr'>egimuS,</span> <span class='ocrx_word' id='word_1_38' title='bbox 1147 1097 1268 1150; x_wconf 90' lang='lat' dir='ltr'>aut</span> <span class='ocrx_word' id='word_1_39' title='bbox 1315 1109 1555 1151; x_wconf 87' lang='lat' dir='ltr'>sumus</span> <span class='ocrx_word' id='word_1_40' title='bbox 1602 1089 1849 1168; x_wconf 88' lang='lat' dir='ltr'>acturi,</span> <span class='ocrx_word' id='word_1_41' title='bbox 1899 1109 2040 1151; x_wconf 90' lang='lat' dir='ltr'>non</span> <span class='ocrx_word' id='word_1_42' title='bbox 2088 1087 2164 1150; x_wconf 92' lang='lat' dir='ltr'>id</span> <span class='ocrx_word' id='word_1_43' title='bbox 2210 1087 2567 1151; x_wconf 88' lang='lat' dir='ltr'>hominum</span> <span class='ocrx_word' id='word_1_44' title='bbox 2619 1087 2831 1150; x_wconf 87' lang='lat' dir='ltr'>etiam</span> <span class='ocrx_word' id='word_1_45' title='bbox 2877 1087 3203 1152; x_wconf 84' lang='lat' dir='ltr'>inimicis·</span> 
     </span>
     <span class='ocr_line' id='line_1_7' title="bbox 633 1194 3204 1279; baseline 0.002 -25"><span class='ocrx_word' id='word_1_46' title='bbox 633 1194 965 1256; x_wconf 87' lang='lat' dir='ltr'>simorum</span> <span class='ocrx_word' id='word_1_47' title='bbox 1017 1194 1204 1274; x_wconf 86' lang='lat' dir='ltr'>odio,</span> <span class='ocrx_word' id='word_1_48' title='bbox 1255 1215 1434 1276; x_wconf 91' lang='lat' dir='ltr'>quos</span> <span class='ocrx_word' id='word_1_49' title='bbox 1483 1205 1556 1258; x_wconf 89' lang='lat' dir='ltr'>et</span> <span class='ocrx_word' id='word_1_50' title='bbox 1599 1217 1732 1259; x_wconf 88' lang='lat' dir='ltr'>nos</span> <span class='ocrx_word' id='word_1_51' title='bbox 1778 1195 1919 1279; x_wconf 88' lang='lat' dir='ltr'>ipsi</span> <span class='ocrx_word' id='word_1_52' title='bbox 1966 1197 2203 1258; x_wconf 82' lang='lat' dir='ltr'>salvos</span> <span class='ocrx_word' id='word_1_53' title='bbox 2250 1217 2409 1260; x_wconf 87' lang='lat' dir='ltr'>esse</span> <span class='ocrx_word' id='word_1_54' title='bbox 2443 1196 2781 1278; x_wconf 63' lang='lat' dir='ltr'>cupimus),</span> <span class='ocrx_word' id='word_1_55' title='bbox 2830 1196 2956 1259; x_wconf 90' lang='lat' dir='ltr'>sed</span> <span class='ocrx_word' id='word_1_56' title='bbox 2988 1197 3204 1258; x_wconf 90' lang='lat' dir='ltr'>modo</span> 
     </span>
     <span class='ocr_line' id='line_1_8' title="bbox 633 1301 3207 1385; baseline 0.002 -23"><span class='ocrx_word' id='word_1_57' title='bbox 633 1309 934 1382; x_wconf 87' lang='lat' dir='ltr'>urgente</span> <span class='ocrx_word' id='word_1_58' title='bbox 989 1301 1228 1365; x_wconf 83' lang='lat' dir='ltr'>officio</span> <span class='ocrx_word' id='word_1_59' title='bbox 1277 1311 1385 1366; x_wconf 89' lang='lat' dir='ltr'>est</span> <span class='ocrx_word' id='word_1_60' title='bbox 1425 1302 1855 1384; x_wconf 87' lang='lat' dir='ltr'>faciendum,</span> <span class='ocrx_word' id='word_1_61' title='bbox 1902 1323 2306 1385; x_wconf 86' lang='lat' dir='ltr'>quanquam</span> <span class='ocrx_word' id='word_1_62' title='bbox 2340 1303 2478 1366; x_wconf 89' lang='lat' dir='ltr'>illis</span> <span class='ocrx_word' id='word_1_63' title='bbox 2510 1303 2749 1366; x_wconf 83' lang='lat' dir='ltr'>brevis</span> <span class='ocrx_word' id='word_1_64' title='bbox 2778 1305 2870 1366; x_wconf 86' lang='lat' dir='ltr'>ad</span> <span class='ocrx_word' id='word_1_65' title='bbox 2900 1306 3207 1367; x_wconf 88' lang='lat' dir='ltr'>salutem</span> 
     </span>
     <span class='ocr_line' id='line_1_9' title="bbox 635 1407 3207 1494; baseline 0.001 -24"><span class='ocrx_word' id='word_1_66' title='bbox 635 1407 738 1471; x_wconf 91' lang='lat' dir='ltr'>ira</span> <span class='ocrx_word' id='word_1_67' title='bbox 812 1421 1066 1489; x_wconf 88' lang='lat' dir='ltr'>parata</span> <span class='ocrx_word' id='word_1_68' title='bbox 1137 1418 1282 1488; x_wconf 89' lang='lat' dir='ltr'>est,</span> <span class='ocrx_word' id='word_1_69' title='bbox 1353 1410 1766 1491; x_wconf 80' lang='lat' dir='ltr'>penitentia.</span> <span class='ocrx_word' id='word_1_70' title='bbox 1864 1412 2135 1474; x_wconf 88' lang='lat' dir='ltr'>Verum</span> <span class='ocrx_word' id='word_1_71' title='bbox 2205 1413 2395 1494; x_wconf 90' lang='lat' dir='ltr'>quod</span> <span class='ocrx_word' id='word_1_72' title='bbox 2472 1410 2678 1474; x_wconf 89' lang='lat' dir='ltr'>nobis</span> <span class='ocrx_word' id='word_1_73' title='bbox 2724 1410 3207 1474; x_wconf 86' lang='lat' dir='ltr'>scribentibus</span> 
     </span>
     <span class='ocr_line' id='line_1_10' title="bbox 634 1514 3210 1601; baseline 0.001 -24"><span class='ocrx_word' id='word_1_74' title='bbox 634 1514 868 1578; x_wconf 86' lang='lat' dir='ltr'>fuerat</span> <span class='ocrx_word' id='word_1_75' title='bbox 928 1517 1373 1598; x_wconf 87' lang='lat' dir='ltr'>propositum</span> <span class='ocrx_word' id='word_1_76' title='bbox 1441 1517 1507 1579; x_wconf 93' lang='lat' dir='ltr'>ei</span> <span class='ocrx_word' id='word_1_77' title='bbox 1569 1519 1839 1598; x_wconf 85' lang='lat' dir='ltr'>gratias</span> <span class='ocrx_word' id='word_1_78' title='bbox 1898 1528 2065 1582; x_wconf 89' lang='lat' dir='ltr'>tuae</span> <span class='ocrx_word' id='word_1_79' title='bbox 2130 1517 2483 1582; x_wconf 87' lang='lat' dir='ltr'>nobilitati</span> <span class='ocrx_word' id='word_1_80' title='bbox 2532 1522 2877 1581; x_wconf 85' lang='lat' dir='ltr'>maximas</span> <span class='ocrx_word' id='word_1_81' title='bbox 2925 1518 3210 1601; x_wconf 87' lang='lat' dir='ltr'>agimus</span> 
     </span>
     <span class='ocr_line' id='line_1_11' title="bbox 633 1622 3203 1707; baseline 0.001 -21"><span class='ocrx_word' id='word_1_82' title='bbox 633 1632 706 1686; x_wconf 88' lang='lat' dir='ltr'>et</span> <span class='ocrx_word' id='word_1_83' title='bbox 753 1632 829 1684; x_wconf 92' lang='lat' dir='ltr'>ut</span> <span class='ocrx_word' id='word_1_84' title='bbox 877 1636 1000 1686; x_wconf 88' lang='lat' dir='ltr'>tua</span> <span class='ocrx_word' id='word_1_85' title='bbox 1045 1622 1180 1686; x_wconf 89' lang='lat' dir='ltr'>ista</span> <span class='ocrx_word' id='word_1_86' title='bbox 1229 1623 1574 1706; x_wconf 85' lang='lat' dir='ltr'>singulari</span> <span class='ocrx_word' id='word_1_87' title='bbox 1621 1625 2047 1689; x_wconf 87' lang='lat' dir='ltr'>auctoritate</span> <span class='ocrx_word' id='word_1_88' title='bbox 2096 1635 2169 1688; x_wconf 89' lang='lat' dir='ltr'>et</span> <span class='ocrx_word' id='word_1_89' title='bbox 2214 1626 2593 1707; x_wconf 89' lang='lat' dir='ltr'>prudentia</span> <span class='ocrx_word' id='word_1_90' title='bbox 2639 1628 2733 1689; x_wconf 88' lang='lat' dir='ltr'>ad</span> <span class='ocrx_word' id='word_1_91' title='bbox 2780 1625 3203 1707; x_wconf 86' lang='lat' dir='ltr'>extinguen-</span> 
     </span>
     <span class='ocr_line' id='line_1_12' title="bbox 635 1729 3207 1816; baseline 0.002 -25"><span class='ocrx_word' id='word_1_92' title='bbox 635 1730 797 1792; x_wconf 90' lang='lat' dir='ltr'>dum</span> <span class='ocrx_word' id='word_1_93' title='bbox 861 1731 1098 1810; x_wconf 89' lang='lat' dir='ltr'>quoad</span> <span class='ocrx_word' id='word_1_94' title='bbox 1157 1729 1422 1794; x_wconf 90' lang='lat' dir='ltr'>licitum</span> <span class='ocrx_word' id='word_1_95' title='bbox 1489 1731 1702 1795; x_wconf 90' lang='lat' dir='ltr'>fuerit</span> <span class='ocrx_word' id='word_1_96' title='bbox 1763 1733 2167 1796; x_wconf 90' lang='lat' dir='ltr'>incendium</span> <span class='ocrx_word' id='word_1_97' title='bbox 2228 1743 2419 1796; x_wconf 86' lang='lat' dir='ltr'>tuam</span> <span class='ocrx_word' id='word_1_98' title='bbox 2485 1733 2928 1797; x_wconf 85' lang='lat' dir='ltr'>nobilitatem</span> <span class='ocrx_word' id='word_1_99' title='bbox 2990 1733 3207 1816; x_wconf 88' lang='lat' dir='ltr'>pluri-</span> 
     </span>
     <span class='ocr_line' id='line_1_13' title="bbox 637 1836 3211 1921; baseline 0.002 -23"><span class='ocrx_word' id='word_1_100' title='bbox 637 1857 823 1899; x_wconf 90' lang='lat' dir='ltr'>mum</span> <span class='ocrx_word' id='word_1_101' title='bbox 871 1836 942 1899; x_wconf 91' lang='lat' dir='ltr'>in</span> <span class='ocrx_word' id='word_1_102' title='bbox 976 1837 1284 1901; x_wconf 89' lang='lat' dir='ltr'>Domino</span> <span class='ocrx_word' id='word_1_103' title='bbox 1332 1841 1716 1921; x_wconf 86' lang='lat' dir='ltr'>hortamur,</span> <span class='ocrx_word' id='word_1_104' title='bbox 1765 1841 1951 1903; x_wconf 88' lang='lat' dir='ltr'>sicut</span> <span class='ocrx_word' id='word_1_105' title='bbox 2000 1861 2157 1904; x_wconf 90' lang='lat' dir='ltr'>cum</span> <span class='ocrx_word' id='word_1_106' title='bbox 2207 1842 2459 1905; x_wconf 90' lang='lat' dir='ltr'>eadem</span> <span class='ocrx_word' id='word_1_107' title='bbox 2502 1841 2749 1905; x_wconf 90' lang='lat' dir='ltr'>dilecti</span> <span class='ocrx_word' id='word_1_108' title='bbox 2798 1841 2917 1903; x_wconf 91' lang='lat' dir='ltr'>filii</span> <span class='ocrx_word' id='word_1_109' title='bbox 2968 1841 3211 1904; x_wconf 90' lang='lat' dir='ltr'>nuncii</span> 
     </span>
    </p>
   </div>
   <div class='ocr_carea' id='block_1_3' title="bbox 636 1943 3211 2134">
    <p class='ocr_par' dir='ltr' id='par_1_3' title="bbox 636 1943 3211 2134">
     <span class='ocr_line' id='line_1_14' title="bbox 636 1943 3211 2028; baseline 0.002 -22"><span class='ocrx_word' id='word_1_110' title='bbox 636 1943 860 2006; x_wconf 79' lang='lat' dir='ltr'>nostri</span> <span class='ocrx_word' id='word_1_111' title='bbox 938 1955 1197 2027; x_wconf 88' lang='lat' dir='ltr'>agent,</span> <span class='ocrx_word' id='word_1_112' title='bbox 1273 1946 1531 2028; x_wconf 87' lang='lat' dir='ltr'>quibus</span> <span class='ocrx_word' id='word_1_113' title='bbox 1611 1947 1823 2011; x_wconf 90' lang='lat' dir='ltr'>fidem</span> <span class='ocrx_word' id='word_1_114' title='bbox 1903 1969 2183 2012; x_wconf 88' lang='lat' dir='ltr'>omnem</span> <span class='ocrx_word' id='word_1_115' title='bbox 2254 1949 2569 2011; x_wconf 88' lang='lat' dir='ltr'>habebit.</span> <span class='ocrx_word' id='word_1_116' title='bbox 2687 1949 2849 2011; x_wconf 90' lang='lat' dir='ltr'>Dat.</span> <span class='ocrx_word' id='word_1_117' title='bbox 2920 1947 3211 2015; x_wconf 85' lang='lat' dir='ltr'>Romae</span> 
     </span>
     <span class='ocr_line' id='line_1_15' title="bbox 637 2051 1973 2134; baseline 0.007 -21"><span class='ocrx_word' id='word_1_118' title='bbox 637 2051 842 2114; x_wconf 88' lang='lat' dir='ltr'>XVI.</span> <span class='ocrx_word' id='word_1_119' title='bbox 892 2051 1130 2115; x_wconf 90' lang='lat' dir='ltr'>Martii</span> <span class='ocrx_word' id='word_1_120' title='bbox 1190 2073 1343 2132; x_wconf 87' lang='lat'>1521</span> <span class='ocrx_word' id='word_1_121' title='bbox 1400 2075 1586 2120; x_wconf 88' lang='lat' dir='ltr'>anno</span> <span class='ocrx_word' id='word_1_122' title='bbox 1635 2066 1892 2120; x_wconf 85' lang='lat' dir='ltr'>octavo</span> <span class='ocrx_word' id='word_1_123' title='bbox 1910 2057 1973 2134; x_wconf 86' lang='lat'>¹).</span> 
     </span>
    </p>
   </div>
   <div class='ocr_carea' id='block_1_4' title="bbox 1717 2281 2120 2296">
    <p class='ocr_par' dir='ltr' id='par_1_4' title="bbox 1717 2281 2120 2296">
     <span class='ocr_line' id='line_1_16' title="bbox 1717 2281 2120 2296; baseline -0.015 0"><span class='ocrx_word' id='word_1_124' title='bbox 1717 2283 1750 2296; x_wconf 52' lang='grc' dir='ltr'>»θ-</span> <span class='ocrx_word' id='word_1_125' title='bbox 1767 2283 1926 2296; x_wconf 43' lang='lat' dir='ltr'>Astu-‘NA</span> <span class='ocrx_word' id='word_1_126' title='bbox 1942 2283 1963 2294; x_wconf 50' lang='grc' dir='ltr'>Δ·</span> <span class='ocrx_word' id='word_1_127' title='bbox 1978 2281 2120 2295; x_wconf 48' lang='grc' dir='ltr'>-Αι-,Ι-,ΑΛ</span> 
     </span>
    </p>
   </div>
   <div class='ocr_carea' id='block_1_5' title="bbox 1121 2561 2732 2896">
    <p class='ocr_par' dir='ltr' id='par_1_5' title="bbox 1121 2561 2732 2896">
     <span class='ocr_line' id='line_1_17' title="bbox 1870 2561 1978 2624; baseline -0.019 0"><span class='ocrx_word' id='word_1_128' title='bbox 1870 2561 1978 2624; x_wconf 78' lang='lat'>52.</span> 
     </span>
     <span class='ocr_line' id='line_1_18' title="bbox 1121 2681 2732 2785; baseline 0.002 -24"><span class='ocrx_word' id='word_1_129' title='bbox 1121 2681 1298 2762; x_wconf 82' lang='lat' dir='ltr'>Leo</span> <span class='ocrx_word' id='word_1_130' title='bbox 1357 2681 1441 2764; x_wconf 90' lang='lat' dir='ltr'>X.</span> <span class='ocrx_word' id='word_1_131' title='bbox 1503 2681 1894 2785; x_wconf 75' lang='lat' dir='ltr'>Georgia</span> <span class='ocrx_word' id='word_1_132' title='bbox 1950 2683 2181 2764; x_wconf 81' lang='lat' dir='ltr'>Duci</span> <span class='ocrx_word' id='word_1_133' title='bbox 2238 2682 2732 2765; x_wconf 77' lang='lat' dir='ltr'>saxoniae.</span> 
     </span>
     <span class='ocr_line' id='line_1_19' title="bbox 1533 2821 2317 2896; baseline 0.001 -14"><span class='ocrx_word' id='word_1_134' title='bbox 1533 2822 1818 2895; x_wconf 68' lang='lat' dir='ltr'>(Nunoiat.</span> <span class='ocrx_word' id='word_1_135' title='bbox 1844 2823 2095 2884; x_wconf 71' lang='lat' dir='ltr'>German.</span> <span class='ocrx_word' id='word_1_136' title='bbox 2123 2821 2184 2880; x_wconf 82' lang='lat'>1..</span> <span class='ocrx_word' id='word_1_137' title='bbox 2210 2823 2317 2896; x_wconf 75' lang='lat'>³9.)</span> 
     </span>
    </p>
   </div>
   <div class='ocr_carea' id='block_1_6' title="bbox 1425 2936 2423 2999">
    <p class='ocr_par' dir='ltr' id='par_1_6' title="bbox 1425 2936 2423 2999">
     <span class='ocr_line' id='line_1_20' title="bbox 1425 2936 2423 2999; baseline 0.001 -14"><span class='ocrx_word' id='word_1_138' title='bbox 1425 2937 1575 2996; x_wconf 87' lang='lat' dir='ltr'>(Cum</span> <span class='ocrx_word' id='word_1_139' title='bbox 1631 2936 1821 2985; x_wconf 85' lang='lat' dir='ltr'>litteris</span> <span class='ocrx_word' id='word_1_140' title='bbox 1884 2949 1960 2997; x_wconf 86' lang='lat'>19.</span> <span class='ocrx_word' id='word_1_141' title='bbox 2010 2936 2189 2984; x_wconf 85' lang='lat' dir='ltr'>Martii</span> <span class='ocrx_word' id='word_1_142' title='bbox 2254 2940 2423 2999; x_wconf 87' lang='lat'>1521.)</span> 
     </span>
    </p>
   </div>
   <div class='ocr_carea' id='block_1_7' title="bbox 641 3060 3225 4737">
    <p class='ocr_par' dir='ltr' id='par_1_7' title="bbox 641 3060 3225 4737">
     <span class='ocr_line' id='line_1_21' title="bbox 819 3060 3225 3141; baseline 0.001 -19"><span class='ocrx_word' id='word_1_143' title='bbox 819 3060 1100 3123; x_wconf 89' lang='lat' dir='ltr'>Dilecte</span> <span class='ocrx_word' id='word_1_144' title='bbox 1169 3060 1289 3123; x_wconf 88' lang='lat' dir='ltr'>fili.</span> <span class='ocrx_word' id='word_1_145' title='bbox 1384 3061 1536 3123; x_wconf 86' lang='lat' dir='ltr'>Etsi</span> <span class='ocrx_word' id='word_1_146' title='bbox 1609 3082 1748 3124; x_wconf 91' lang='lat' dir='ltr'>non</span> <span class='ocrx_word' id='word_1_147' title='bbox 1822 3061 2225 3124; x_wconf 85' lang='lat' dir='ltr'>dubitemus</span> <span class='ocrx_word' id='word_1_148' title='bbox 2294 3061 2735 3124; x_wconf 88' lang='lat' dir='ltr'>nobilitatem</span> <span class='ocrx_word' id='word_1_149' title='bbox 2807 3071 2995 3124; x_wconf 88' lang='lat' dir='ltr'>tuam</span> <span class='ocrx_word' id='word_1_150' title='bbox 3069 3080 3225 3141; x_wconf 79' lang='lat' dir='ltr'>qua</span> 
     </span>
     <span class='ocr_line' id='line_1_22' title="bbox 642 3166 3223 3247; baseline 0 -18"><span class='ocrx_word' id='word_1_151' title='bbox 642 3166 881 3247; x_wconf 90' lang='lat' dir='ltr'>coepit</span> <span class='ocrx_word' id='word_1_152' title='bbox 939 3166 1201 3229; x_wconf 87' lang='lat' dir='ltr'>virtute</span> <span class='ocrx_word' id='word_1_153' title='bbox 1265 3167 1336 3229; x_wconf 88' lang='lat' dir='ltr'>in</span> <span class='ocrx_word' id='word_1_154' title='bbox 1401 3189 1484 3229; x_wconf 92' lang='lat' dir='ltr'>ea</span> <span class='ocrx_word' id='word_1_155' title='bbox 1549 3178 1619 3230; x_wconf 92' lang='lat' dir='ltr'>et</span> <span class='ocrx_word' id='word_1_156' title='bbox 1695 3166 1857 3231; x_wconf 87' lang='lat' dir='ltr'>fidei</span> <span class='ocrx_word' id='word_1_157' title='bbox 1905 3169 2301 3231; x_wconf 88' lang='lat' dir='ltr'>catholicae</span> <span class='ocrx_word' id='word_1_158' title='bbox 2351 3178 2423 3231; x_wconf 92' lang='lat' dir='ltr'>et</span> <span class='ocrx_word' id='word_1_159' title='bbox 2472 3168 2541 3231; x_wconf 73' lang='lat' dir='ltr'>S.</span> <span class='ocrx_word' id='word_1_160' title='bbox 2596 3170 2687 3231; x_wconf 80' lang='lat' dir='ltr'>R.</span> <span class='ocrx_word' id='word_1_161' title='bbox 2738 3168 2816 3231; x_wconf 82' lang='lat' dir='ltr'>E.</span> <span class='ocrx_word' id='word_1_162' title='bbox 2867 3169 3223 3231; x_wconf 83' lang='lat' dir='ltr'>adversus</span> 
     </span>
     <span class='ocr_line' id='line_1_23' title="bbox 643 3273 3221 3356; baseline 0.001 -21"><span class='ocrx_word' id='word_1_163' title='bbox 643 3273 1080 3354; x_wconf 87' lang='lat' dir='ltr'>impietatem</span> <span class='ocrx_word' id='word_1_164' title='bbox 1131 3292 1372 3337; x_wconf 89' lang='lat' dir='ltr'>eorum</span> <span class='ocrx_word' id='word_1_165' title='bbox 1423 3276 1542 3356; x_wconf 90' lang='lat' dir='ltr'>qui</span> <span class='ocrx_word' id='word_1_166' title='bbox 1589 3288 1662 3338; x_wconf 92' lang='lat' dir='ltr'>et</span> <span class='ocrx_word' id='word_1_167' title='bbox 1711 3296 1935 3339; x_wconf 87' lang='lat' dir='ltr'>novas</span> <span class='ocrx_word' id='word_1_168' title='bbox 1986 3276 2306 3338; x_wconf 82' lang='lat' dir='ltr'>excitare</span> <span class='ocrx_word' id='word_1_169' title='bbox 2352 3277 2644 3339; x_wconf 78' lang='lat' dir='ltr'>hereses</span> <span class='ocrx_word' id='word_1_170' title='bbox 2694 3285 2765 3337; x_wconf 90' lang='lat' dir='ltr'>et</span> <span class='ocrx_word' id='word_1_171' title='bbox 2812 3286 3093 3337; x_wconf 85' lang='lat' dir='ltr'>veteres</span> <span class='ocrx_word' id='word_1_172' title='bbox 3128 3296 3221 3337; x_wconf 86' lang='lat' dir='ltr'>ac</span> 
     </span>
     <span class='ocr_line' id='line_1_24' title="bbox 645 3382 3219 3464; baseline 0.001 -23"><span class='ocrx_word' id='word_1_173' title='bbox 645 3382 1016 3442; x_wconf 87' lang='lat' dir='ltr'>damnatas</span> <span class='ocrx_word' id='word_1_174' title='bbox 1062 3401 1405 3444; x_wconf 83' lang='lat' dir='ltr'>revocare</span> <span class='ocrx_word' id='word_1_175' title='bbox 1455 3393 1804 3446; x_wconf 89' lang='lat' dir='ltr'>conantur</span> <span class='ocrx_word' id='word_1_176' title='bbox 1852 3383 2327 3463; x_wconf 87' lang='lat' dir='ltr'>defendenda,</span> <span class='ocrx_word' id='word_1_177' title='bbox 2379 3385 2675 3447; x_wconf 89' lang='lat' dir='ltr'>eandem</span> <span class='ocrx_word' id='word_1_178' title='bbox 2710 3402 2930 3464; x_wconf 86' lang='lat' dir='ltr'>usque</span> <span class='ocrx_word' id='word_1_179' title='bbox 2963 3383 3054 3443; x_wconf 89' lang='lat' dir='ltr'>ad</span> <span class='ocrx_word' id='word_1_180' title='bbox 3090 3402 3219 3443; x_wconf 84' lang='lat' dir='ltr'>ex-</span> 
     </span>
     <span class='ocr_line' id='line_1_25' title="bbox 643 3491 3223 3573; baseline 0.001 -25"><span class='ocrx_word' id='word_1_181' title='bbox 643 3496 942 3550; x_wconf 91' lang='lat' dir='ltr'>tremum</span> <span class='ocrx_word' id='word_1_182' title='bbox 990 3498 1628 3570; x_wconf 86' lang='lat' dir='ltr'>perseveraturam,</span> <span class='ocrx_word' id='word_1_183' title='bbox 1679 3500 1827 3553; x_wconf 90' lang='lat' dir='ltr'>tum</span> <span class='ocrx_word' id='word_1_184' title='bbox 1876 3498 2033 3554; x_wconf 78' lang='lat' dir='ltr'>curn</span> <span class='ocrx_word' id='word_1_185' title='bbox 2080 3500 2361 3573; x_wconf 90' lang='lat' dir='ltr'>tempus</span> <span class='ocrx_word' id='word_1_186' title='bbox 2390 3491 2697 3554; x_wconf 82' lang='lat' dir='ltr'>maxime</span> <span class='ocrx_word' id='word_1_187' title='bbox 2733 3500 3223 3571; x_wconf 89' lang='lat' dir='ltr'>opportunum</span> 
     </span>
     <span class='ocr_line' id='line_1_26' title="bbox 643 3594 3221 3677; baseline 0 -21"><span class='ocrx_word' id='word_1_188' title='bbox 643 3594 930 3657; x_wconf 87' lang='lat' dir='ltr'>adesset</span> <span class='ocrx_word' id='word_1_189' title='bbox 995 3615 1287 3677; x_wconf 85' lang='lat' dir='ltr'>operam</span> <span class='ocrx_word' id='word_1_190' title='bbox 1350 3607 1422 3659; x_wconf 92' lang='lat' dir='ltr'>et</span> <span class='ocrx_word' id='word_1_191' title='bbox 1481 3598 1982 3661; x_wconf 86' lang='lat' dir='ltr'>authoritatem</span> <span class='ocrx_word' id='word_1_192' title='bbox 2050 3607 2242 3660; x_wconf 89' lang='lat' dir='ltr'>tuam</span> <span class='ocrx_word' id='word_1_193' title='bbox 2303 3608 2379 3660; x_wconf 92' lang='lat' dir='ltr'>ut</span> <span class='ocrx_word' id='word_1_194' title='bbox 2436 3598 2817 3660; x_wconf 89' lang='lat' dir='ltr'>adhiberes</span> <span class='ocrx_word' id='word_1_195' title='bbox 2865 3598 2954 3658; x_wconf 88' lang='lat' dir='ltr'>ad</span> <span class='ocrx_word' id='word_1_196' title='bbox 3003 3594 3221 3657; x_wconf 87' lang='lat' dir='ltr'>refel-</span> 
     </span>
     <span class='ocr_line' id='line_1_27' title="bbox 645 3702 3223 3788; baseline 0.001 -24"><span class='ocrx_word' id='word_1_197' title='bbox 645 3703 896 3766; x_wconf 88' lang='lat' dir='ltr'>lendos</span> <span class='ocrx_word' id='word_1_198' title='bbox 960 3703 1267 3786; x_wconf 89' lang='lat' dir='ltr'>impetus</span> <span class='ocrx_word' id='word_1_199' title='bbox 1329 3705 1621 3767; x_wconf 87' lang='lat' dir='ltr'>istorum</span> <span class='ocrx_word' id='word_1_200' title='bbox 1686 3706 1804 3787; x_wconf 91' lang='lat' dir='ltr'>qui</span> <span class='ocrx_word' id='word_1_201' title='bbox 1864 3726 2040 3788; x_wconf 89' lang='lat' dir='ltr'>prae</span> <span class='ocrx_word' id='word_1_202' title='bbox 2104 3726 2231 3768; x_wconf 90' lang='lat' dir='ltr'>sua</span> <span class='ocrx_word' id='word_1_203' title='bbox 2296 3715 2366 3767; x_wconf 89' lang='lat' dir='ltr'>et</span> <span class='ocrx_word' id='word_1_204' title='bbox 2413 3705 2800 3767; x_wconf 88' lang='lat' dir='ltr'>ambitione</span> <span class='ocrx_word' id='word_1_205' title='bbox 2849 3716 2921 3766; x_wconf 93' lang='lat' dir='ltr'>et</span> <span class='ocrx_word' id='word_1_206' title='bbox 2966 3702 3223 3783; x_wconf 86' lang='lat' dir='ltr'>iniqua</span> 
     </span>
     <span class='ocr_line' id='line_1_28' title="bbox 641 3809 3222 3895; baseline -0 -22"><span class='ocrx_word' id='word_1_207' title='bbox 641 3809 1010 3874; x_wconf 86' lang='lat' dir='ltr'>iracundia</span> <span class='ocrx_word' id='word_1_208' title='bbox 1071 3830 1322 3893; x_wconf 88' lang='lat' dir='ltr'>pacem</span> <span class='ocrx_word' id='word_1_209' title='bbox 1373 3817 1839 3895; x_wconf 88' lang='lat' dir='ltr'>perturbare,</span> <span class='ocrx_word' id='word_1_210' title='bbox 1904 3814 2168 3877; x_wconf 86' lang='lat' dir='ltr'>zizania</span> <span class='ocrx_word' id='word_1_211' title='bbox 2217 3813 2603 3894; x_wconf 88' lang='lat' dir='ltr'>seminare,</span> <span class='ocrx_word' id='word_1_212' title='bbox 2664 3811 2899 3875; x_wconf 88' lang='lat' dir='ltr'>omnia</span> <span class='ocrx_word' id='word_1_213' title='bbox 2947 3812 3222 3872; x_wconf 87' lang='lat' dir='ltr'>acerbo</span> 
     </span>
     <span class='ocr_line' id='line_1_29' title="bbox 643 3916 3221 4001; baseline -0.002 -18"><span class='ocrx_word' id='word_1_214' title='bbox 643 3917 972 3983; x_wconf 89' lang='lat' dir='ltr'>incendio</span> <span class='ocrx_word' id='word_1_215' title='bbox 1039 3916 1470 4001; x_wconf 87' lang='lat' dir='ltr'>permiscere</span> <span class='ocrx_word' id='word_1_216' title='bbox 1535 3923 2008 3995; x_wconf 89' lang='lat' dir='ltr'>contendunt;</span> <span class='ocrx_word' id='word_1_217' title='bbox 2072 3922 2300 3983; x_wconf 87' lang='lat' dir='ltr'>visum</span> <span class='ocrx_word' id='word_1_218' title='bbox 2360 3920 2495 3982; x_wconf 86' lang='lat' dir='ltr'>fuit</span> <span class='ocrx_word' id='word_1_219' title='bbox 2542 3918 2747 3982; x_wconf 90' lang='lat' dir='ltr'>nobis</span> <span class='ocrx_word' id='word_1_220' title='bbox 2798 3920 2925 3979; x_wconf 86' lang='lat' dir='ltr'>has</span> <span class='ocrx_word' id='word_1_221' title='bbox 2974 3918 3221 3979; x_wconf 90' lang='lat' dir='ltr'>denuo</span> 
     </span>
     <span class='ocr_line' id='line_1_30' title="bbox 645 4024 3221 4109; baseline -0.001 -20"><span class='ocrx_word' id='word_1_222' title='bbox 645 4027 736 4089; x_wconf 92' lang='lat' dir='ltr'>ad</span> <span class='ocrx_word' id='word_1_223' title='bbox 799 4026 1241 4089; x_wconf 90' lang='lat' dir='ltr'>nobilitatem</span> <span class='ocrx_word' id='word_1_224' title='bbox 1304 4036 1496 4090; x_wconf 89' lang='lat' dir='ltr'>tuam</span> <span class='ocrx_word' id='word_1_225' title='bbox 1563 4028 1877 4091; x_wconf 91' lang='lat' dir='ltr'>scribere</span> <span class='ocrx_word' id='word_1_226' title='bbox 1940 4028 2215 4091; x_wconf 85' lang='lat' dir='ltr'>litteras</span> <span class='ocrx_word' id='word_1_227' title='bbox 2264 4036 2475 4109; x_wconf 87' lang='lat' dir='ltr'>teque</span> <span class='ocrx_word' id='word_1_228' title='bbox 2523 4026 2596 4087; x_wconf 90' lang='lat' dir='ltr'>in</span> <span class='ocrx_word' id='word_1_229' title='bbox 2647 4024 2951 4087; x_wconf 90' lang='lat' dir='ltr'>Domino</span> <span class='ocrx_word' id='word_1_230' title='bbox 3002 4026 3221 4086; x_wconf 85' lang='lat' dir='ltr'>vehe-</span> 
     </span>
     <span class='ocr_line' id='line_1_31' title="bbox 647 4134 3221 4217; baseline -0.002 -20"><span class='ocrx_word' id='word_1_231' title='bbox 647 4144 918 4197; x_wconf 87' lang='lat' dir='ltr'>menter</span> <span class='ocrx_word' id='word_1_232' title='bbox 967 4135 1352 4217; x_wconf 83' lang='lat' dir='ltr'>exhortari,</span> <span class='ocrx_word' id='word_1_233' title='bbox 1410 4146 1486 4197; x_wconf 92' lang='lat' dir='ltr'>ut</span> <span class='ocrx_word' id='word_1_234' title='bbox 1533 4154 1690 4199; x_wconf 88' lang='lat' dir='ltr'>cum</span> <span class='ocrx_word' id='word_1_235' title='bbox 1739 4136 2113 4217; x_wconf 86' lang='lat' dir='ltr'>pristinam</span> <span class='ocrx_word' id='word_1_236' title='bbox 2160 4146 2353 4197; x_wconf 88' lang='lat' dir='ltr'>tuam</span> <span class='ocrx_word' id='word_1_237' title='bbox 2400 4134 2739 4216; x_wconf 87' lang='lat' dir='ltr'>pietatem</span> <span class='ocrx_word' id='word_1_238' title='bbox 2789 4142 3003 4213; x_wconf 90' lang='lat' dir='ltr'>atque</span> <span class='ocrx_word' id='word_1_239' title='bbox 3052 4151 3221 4213; x_wconf 89' lang='lat' dir='ltr'>pru·</span> 
     </span>
     <span class='ocr_line' id='line_1_32' title="bbox 647 4239 3223 4323; baseline 0 -22"><span class='ocrx_word' id='word_1_240' title='bbox 647 4241 957 4305; x_wconf 87' lang='lat' dir='ltr'>dentiam</span> <span class='ocrx_word' id='word_1_241' title='bbox 1006 4254 1152 4304; x_wconf 93' lang='lat' dir='ltr'>tum</span> <span class='ocrx_word' id='word_1_242' title='bbox 1199 4253 1515 4306; x_wconf 86' lang='lat' dir='ltr'>veterem</span> <span class='ocrx_word' id='word_1_243' title='bbox 1564 4245 1847 4307; x_wconf 88' lang='lat' dir='ltr'>laudem</span> <span class='ocrx_word' id='word_1_244' title='bbox 1880 4243 2221 4306; x_wconf 88' lang='lat' dir='ltr'>maiorum</span> <span class='ocrx_word' id='word_1_245' title='bbox 2252 4252 2553 4321; x_wconf 85' lang='lat' dir='ltr'>tuorum,</span> <span class='ocrx_word' id='word_1_246' title='bbox 2596 4260 2893 4323; x_wconf 90' lang='lat' dir='ltr'>quorum</span> <span class='ocrx_word' id='word_1_247' title='bbox 2926 4239 2993 4300; x_wconf 87' lang='lat' dir='ltr'>in</span> <span class='ocrx_word' id='word_1_248' title='bbox 3028 4240 3223 4302; x_wconf 87' lang='lat' dir='ltr'>hanc</span> 
     </span>
     <span class='ocr_line' id='line_1_33' title="bbox 647 4346 3224 4433; baseline -0.001 -22"><span class='ocrx_word' id='word_1_249' title='bbox 647 4356 963 4411; x_wconf 81' lang='lat' dir='ltr'>sanctam</span> <span class='ocrx_word' id='word_1_250' title='bbox 1025 4347 1287 4414; x_wconf 90' lang='lat' dir='ltr'>Sedem</span> <span class='ocrx_word' id='word_1_251' title='bbox 1375 4370 1658 4433; x_wconf 88' lang='lat' dir='ltr'>semper</span> <span class='ocrx_word' id='word_1_252' title='bbox 1727 4353 2104 4432; x_wconf 89' lang='lat' dir='ltr'>praeclara</span> <span class='ocrx_word' id='word_1_253' title='bbox 2182 4349 2418 4414; x_wconf 80' lang='lat' dir='ltr'>extitit</span> <span class='ocrx_word' id='word_1_254' title='bbox 2488 4350 2855 4426; x_wconf 80' lang='lat' dir='ltr'>voluntaS‚</span> <span class='ocrx_word' id='word_1_255' title='bbox 2926 4346 2997 4408; x_wconf 92' lang='lat' dir='ltr'>in</span> <span class='ocrx_word' id='word_1_256' title='bbox 3076 4347 3224 4409; x_wconf 89' lang='lat' dir='ltr'>hoc</span> 
     </span>
     <span class='ocr_line' id='line_1_34' title="bbox 647 4452 3224 4540; baseline -0.002 -21"><span class='ocrx_word' id='word_1_257' title='bbox 647 4455 950 4519; x_wconf 87' lang='lat' dir='ltr'>maxime</span> <span class='ocrx_word' id='word_1_258' title='bbox 999 4456 1213 4538; x_wconf 90' lang='lat' dir='ltr'>facto,</span> <span class='ocrx_word' id='word_1_259' title='bbox 1261 4461 1397 4522; x_wconf 91' lang='lat' dir='ltr'>hoc</span> <span class='ocrx_word' id='word_1_260' title='bbox 1445 4458 1786 4540; x_wconf 90' lang='lat' dir='ltr'>precipue</span> <span class='ocrx_word' id='word_1_261' title='bbox 1838 4468 2158 4540; x_wconf 86' lang='lat' dir='ltr'>ternpore</span> <span class='ocrx_word' id='word_1_262' title='bbox 2201 4456 2500 4520; x_wconf 90' lang='lat' dir='ltr'>concilio</span> <span class='ocrx_word' id='word_1_263' title='bbox 2533 4455 2752 4518; x_wconf 91' lang='lat' dir='ltr'>totius</span> <span class='ocrx_word' id='word_1_264' title='bbox 2786 4452 3224 4517; x_wconf 88' lang='lat' dir='ltr'>Germaniae</span> 
     </span>
     <span class='ocr_line' id='line_1_35' title="bbox 647 4559 3224 4648; baseline -0.001 -23"><span class='ocrx_word' id='word_1_265' title='bbox 647 4583 1024 4646; x_wconf 88' lang='lat' dir='ltr'>procerum</span> <span class='ocrx_word' id='word_1_266' title='bbox 1073 4578 1323 4629; x_wconf 88' lang='lat' dir='ltr'>coacto</span> <span class='ocrx_word' id='word_1_267' title='bbox 1373 4586 1819 4648; x_wconf 80' lang='lat' dir='ltr'>expromere,</span> <span class='ocrx_word' id='word_1_268' title='bbox 1869 4576 1942 4628; x_wconf 91' lang='lat' dir='ltr'>et</span> <span class='ocrx_word' id='word_1_269' title='bbox 1986 4564 2435 4647; x_wconf 85' lang='lat' dir='ltr'>perspicuam</span> <span class='ocrx_word' id='word_1_270' title='bbox 2487 4562 2811 4626; x_wconf 87' lang='lat' dir='ltr'>omnibus</span> <span class='ocrx_word' id='word_1_271' title='bbox 2858 4559 3097 4623; x_wconf 84' lang='lat' dir='ltr'>facere</span> <span class='ocrx_word' id='word_1_272' title='bbox 3132 4580 3224 4623; x_wconf 87' lang='lat' dir='ltr'>ac</span> 
     </span>
     <span class='ocr_line' id='line_1_36' title="bbox 649 4666 3223 4737; baseline -0.002 -5"><span class='ocrx_word' id='word_1_273' title='bbox 649 4691 934 4734; x_wconf 88' lang='lat' dir='ltr'>causam</span> <span class='ocrx_word' id='word_1_274' title='bbox 997 4669 1307 4737; x_wconf 89' lang='lat' dir='ltr'>Sanctae</span> <span class='ocrx_word' id='word_1_275' title='bbox 1354 4674 1734 4737; x_wconf 90' lang='lat' dir='ltr'>Romanae</span> <span class='ocrx_word' id='word_1_276' title='bbox 1783 4672 2151 4735; x_wconf 87' lang='lat' dir='ltr'>Ecclesiae</span> <span class='ocrx_word' id='word_1_277' title='bbox 2216 4672 2317 4733; x_wconf 89' lang='lat' dir='ltr'>ita</span> <span class='ocrx_word' id='word_1_278' title='bbox 2378 4680 2791 4733; x_wconf 88' lang='lat' dir='ltr'>constanter</span> <span class='ocrx_word' id='word_1_279' title='bbox 2854 4666 3033 4729; x_wconf 90' lang='lat' dir='ltr'>tueri</span> <span class='ocrx_word' id='word_1_280' title='bbox 3096 4668 3223 4729; x_wconf 86' lang='lat' dir='ltr'>ad·</span> 
     </span>
    </p>
   </div>
   <div class='ocr_carea' id='block_1_8' title="bbox 709 4866 2349 4937">
    <p class='ocr_par' dir='ltr' id='par_1_8' title="bbox 709 4866 2349 4937">
     <span class='ocr_line' id='line_1_37' title="bbox 709 4866 2349 4937; baseline -0.001 -18"><span class='ocrx_word' id='word_1_281' title='bbox 709 4866 748 4937; x_wconf 89' lang='lat'>¹)</span> <span class='ocrx_word' id='word_1_282' title='bbox 787 4870 1042 4919; x_wconf 83' lang='lat' dir='ltr'>Similiter</span> <span class='ocrx_word' id='word_1_283' title='bbox 1079 4872 1328 4935; x_wconf 77' lang='lat' dir='ltr'>scriptum</span> <span class='ocrx_word' id='word_1_284' title='bbox 1373 4871 1470 4920; x_wconf 85' lang='lat' dir='ltr'>suit</span> <span class='ocrx_word' id='word_1_285' title='bbox 1505 4872 1661 4920; x_wconf 81' lang='lat' dir='ltr'>etiam</span> <span class='ocrx_word' id='word_1_286' title='bbox 1704 4870 1975 4920; x_wconf 70' lang='lat' dir='ltr'>cardinali</span> <span class='ocrx_word' id='word_1_287' title='bbox 2016 4868 2349 4931; x_wconf 82' lang='lat' dir='ltr'>MoguntinO.</span> 
     </span>
    </p>
   </div>
   <div class='ocr_carea' id='block_1_9' title="bbox 3533 0 3546 4167">
    <p class='ocr_par' dir='ltr' id='par_1_9' title="bbox 3533 0 3546 4167">
     <span class='ocr_line' id='line_1_38' title="bbox 3533 0 3546 4167; baseline 0 0"><span class='ocrx_word' id='word_1_288' title='bbox 3533 0 3546 4167; x_wconf 95' lang='lat' dir='ltr'> </span> 
     </span>
    </p>
   </div>
   <div class='ocr_carea' id='block_1_10' title="bbox 3538 5096 3541 5718">
    <p class='ocr_par' dir='ltr' id='par_1_10' title="bbox 3538 5096 3541 5718">
     <span class='ocr_line' id='line_1_39' title="bbox 3538 5096 3541 5718; baseline 0 0"><span class='ocrx_word' id='word_1_289' title='bbox 3538 5096 3541 5718; x_wconf 95' lang='lat' dir='ltr'> </span> 
     </span>
    </p>
   </div>
  </div>
 </body>
</html>
