3575 5775
1297 575 1414 630 0-‘3
1495 577 1596 631 113
1675 575 1790 630 G>··0

295 718 716 781 munit-atibus
767 730 838 780 et
885 719 1042 782 aliis
1091 720 1158 781 in
1211 741 1509 802 quorum
1559 720 1885 784 dominiis
1936 731 2007 781 et
2039 720 2213 783 locis
2247 722 2495 783 domos
2535 722 2829 801 habent,

293 825 606 906 praedicti
669 826 957 889 Martini
1021 826 1212 889 dicta
1273 848 1637 890 venenosa
1700 849 1782 890 ac
1844 828 2189 909 pestifera
2250 850 2440 908 esse,
2520 828 2828 910 indeque

293 934 471 1013 plura
525 935 594 996 in
655 933 1005 1014 religione
1071 935 1457 998 christiana
1519 939 1861 999 scandala
1928 935 2225 999 excitari
2287 956 2499 1017 posse
2547 933 2829 1017 illisque

293 1042 636 1103 ostendere
685 1061 770 1102 ac
803 1039 1208 1122 significare
1245 1042 1436 1122 quod
1471 1041 1788 1106 eiusdem
1820 1042 2107 1104 Martini
2136 1043 2411 1106 articuli
2447 1051 2827 1123 antequam

291 1151 368 1208 ab
409 1149 534 1210 hac
581 1147 851 1210 Sancta
892 1145 1084 1210 Sede
1135 1151 1662 1228 damnarentur,
1712 1168 1843 1229 per
1892 1149 2281 1211 catholicas
2328 1148 2828 1212 universitates

289 1253 424 1316 illas
467 1254 982 1318 Lovaniensem
1050 1265 1122 1317 et
1170 1255 1667 1318 Coloniensem
1719 1253 2268 1337 prudentissime
2319 1275 2401 1318 ac
2448 1255 2827 1318 iustissime

289 1361 568 1423 damnati
615 1361 932 1439 fuerunt,
998 1383 1080 1424 ac
1143 1361 1211 1425 in
1265 1363 1590 1424 omnibus
1645 1361 2010 1424 notificare
2060 1363 2251 1442 quod
2300 1361 2431 1424 nisi
2482 1363 2829 1426 Martinus

287 1467 635 1549 resipuerit
682 1490 764 1531 ac
814 1469 998 1532 falsa
1047 1479 1118 1531 et
1167 1489 1468 1530 erronea
1516 1487 1643 1530 sua
1691 1468 1883 1530 dieta
1928 1467 2380 1531 revocaverit
2424 1467 2611 1531 infra
2660 1478 2827 1531 tem-

285 1593 400 1654 pus
429 1575 490 1637 ei
538 1575 735 1639 aS¹¹¹⁰
767 1578 931 1639 Dno
983 1586 1224 1640 nostro
1275 1575 1694 1659 praefixum,
1744 1575 2143 1638 remanebit
2202 1577 2601 1639 declaratus
2666 1577 2825 1638 hae-

285 1683 538 1761 reticus,
589 1691 662 1744 et
690 1693 856 1745 tunc
890 1683 1276 1746 succedent
1323 1702 1636 1745 canones
1685 1681 1857 1745 iuris
1902 1681 2366 1765 disponentes
2414 1683 2604 1764 quod
2632 1683 2826 1745 Prin-

286 1787 456 1868 cipes
503 1811 586 1852 ac
637 1792 1176 1853 communitates
1227 1801 1298 1852 et
1346 1789 1464 1852 alii
1515 1789 1775 1854 Christi
1822 1789 2071 1852 fideles
2120 1799 2449 1854 tenentur
2495 1789 2827 1873 persequi

285 1896 440 1957 tales
498 1897 900 1961 haereticos
962 1897 1020 1960 si
1087 1918 1360 1980 poenas
1409 1919 1452 1960 a
1498 1897 1707 1960 dictis
1771 1897 2165 1961 canonibus
2214 1907 2463 1960 contra
2510 1898 2829 1960 fautores

285 2001 777 2067 haereticorum
812 2027 894 2068 ac
927 2006 1031 2068 eis
1063 2005 1402 2067 auxilium
1446 2005 1562 2068 vel
1610 2003 1981 2067 consilium
2028 2016 2479 2087 praestantes
2528 2003 2830 2067 inflictas

285 2109 526 2172 evitare
589 2111 908 2194 cupiant;
973 2123 1044 2175 et
1107 2132 1264 2174 cum
1328 2111 1560 2176 dictus
1623 2109 1940 2174 minister
1992 2092 2100 2174 'sit
2167 2115 2399 2175 bonus
2464 2121 2707 2175 orator
2754 2121 2828 2174 et

283 2215 517 2278 fratres
559 2217 727 2282 boni
761 2225 902 2282 sint
931 2217 1498 2301 PraedicatoreS,
1548 2217 2057 2282 efficacissimis
2105 2219 2498 2283 rationibus
2539 2219 2827 2281 eosdem

289 2323 648 2406 PrincipeS,
712 2327 1254 2391 communitates
1302 2349 1383 2389 ac
1434 2325 1610 2389 alios
1661 2326 1922 2390 Christi
1969 2326 2217 2390 fideles
2265 2336 2515 2390 contra
2566 2325 2825 2388 dictum

286 2431 634 2496 Martinum
698 2433 1014 2496 animare
1083 2435 1446 2498 debebunt
1515 2454 1780 2514 eosque
1847 2433 2184 2497 inducere
2250 2447 2327 2498 ut
2397 2433 2625 2516 ipsum
2688 2454 2828 2496 non

283 2540 482 2604 solum
543 2561 685 2604 non
754 2541 1168 2622 permittant
1230 2541 1298 2604 in
1361 2561 1604 2604 eorum
1670 2540 1998 2603 dominiis
2046 2551 2255 2621 stare,
2324 2561 2567 2604 verum
2616 2540 2830 2604 etiam

284 2665 515 2726 capere
577 2658 650 2711 et
715 2656 998 2729 captum
1066 2649 1156 2711 ad
1220 2647 1482 2711 Sedem
1541 2647 2030 2729 Apostolicam
2096 2649 2331 2732 dignis
2391 2648 2829 2731 puniendum

283 2753 622 2837 suppliciis
673 2755 954 2818 mittere
1003 2755 1340 2834 nitantur,
1387 2766 1600 2837 prout
1648 2756 1804 2838 ipse
1848 2755 2165 2818 minister
2196 2755 2447 2819 melius
2475 2756 2653 2819 haec
2689 2775 2827 2817 om-

283 2859 382 2923 nia
422 2861 660 2926 facere
709 2882 922 2944 quam
970 2880 1110 2943 ego
1159 2861 1474 2926 scribere
1525 2862 1758 2925 sciret.
1836 2861 1995 2945 Ego
2046 2872 2281 2926 autem
2316 2879 2826 2945 cognoscerem

283 2968 687 3048 superfluum
739 2990 822 3033 ac
871 2969 1157 3032 omnino
1206 2990 1684 3052 supervanum
1734 2989 1892 3031 esse
1941 2971 2119 3031 haec
2174 2969 2523 3049 scribere,
2591 2978 2827 3030 tamen

283 3086 346 3135 ut
386 3077 734 3139 desiderio
783 3097 866 3139 ac
916 3075 1266 3140 voluntati
1311 3076 1553 3141 fratris
1598 3076 2014 3159 Hylarionis
2063 3078 2152 3139 de
2200 3075 2559 3138 Sachettis
2606 3073 2827 3158 ipsius

283 3182 550 3246 ministri
611 3182 863 3247 vicarii
912 3183 1436 3261 satisfacerem,
1503 3204 1734 3267 pauca
1791 3184 1971 3247 haec
2029 3184 2345 3247 breviter
2393 3193 2463 3246 et
2511 3180 2827 3245 succinte

283 3291 632 3354 scribenda
679 3292 951 3372 putavi.

438 3398 590 3479 Quo
656 3418 830 3461 vero
880 3400 972 3461 ad
1023 3398 1518 3461 destinandum
1568 3398 1845 3481 aliquos
1891 3398 2150 3462 fratres
2199 3397 2369 3461 dicti
2419 3397 2688 3459 ordinis
2738 3397 2826 3457 de

283 3504 713 3568 observantia
761 3504 880 3584 qui
926 3505 1251 3567 doctrina
1299 3515 1371 3568 et
1402 3525 1672 3568 morum
1703 3505 2083 3568 sanctitate
2116 3515 2507 3587 praestent,
2554 3506 2646 3567 ad
2680 3504 2824 3566 Re-

287 3629 426 3689 gem
470 3613 856 3676 Bohemiae
919 3622 996 3675 ut
1054 3612 1276 3694 ipsius
1326 3613 1571 3695 Regni
1627 3612 2117 3677 schismaticos
2164 3616 2255 3675 ad
2305 3612 2649 3694 gremium
2698 3610 2825 3673 Ec·

288 3718 514 3782 clesiae
534 3722 880 3784 reducere
901 3730 1310 3801 procurent,
1327 3721 1578 3802 procul
1595 3721 1814 3783 dubio
1835 3730 2025 3783 esset
2044 3742 2223 3803 opus
2242 3741 2381 3783 non
2400 3720 2611 3784 modo
2631 3718 2825 3799 pium

287 3834 348 3883 et
371 3814 716 3890 laudabile
764 3828 892 3890 sed
936 3827 1147 3889 etiam
1197 3826 1682 3907 honorificum,
1733 3829 1924 3910 quod
1974 3831 2229 3891 vulnus
2278 3828 2455 3891 alias
2504 3838 2823 3907 tempore

293 3930 466 3994 Pauli
495 3945 562 3995 et
577 3934 691 3997 Pii
705 3934 1198 3998 Romanorum
1218 3934 1641 3999 Pontificum
1662 3935 2035 4018 Religioni
2056 3936 2500 3999 Christianae
2530 3933 2819 4011 illatum,

293 4037 522 4103 Leonis
545 4042 642 4105 X.
677 4053 999 4124 tempore
1029 4054 1421 4123 sanaretur,
1457 4064 1540 4106 ac
1574 4044 1676 4105 illi
1701 4043 1971 4125 populi,
2005 4044 2124 4126 qui
2155 4064 2285 4125 per
2315 4044 2571 4105 multos
2598 4060 2823 4102 annos

291 4148 698 4231 aberrarunt,
728 4151 820 4213 ad
843 4149 1104 4213 Christi
1130 4153 1402 4213 caulam
1431 4151 1720 4213 tandem
1745 4150 2081 4231 redirent,
2110 4161 2183 4214 et
2208 4149 2373 4232 quia
2397 4145 2825 4211 schismatici

293 4250 404 4331 ipsi
421 4276 538 4319 seu
569 4278 815 4320 eorum
842 4256 1160 4321 fautores
1186 4258 1581 4340 spoliarunt
1607 4259 1949 4321 ecclesias
1980 4267 2052 4321 et
2084 4259 2319 4321 omnia
2350 4258 2470 4339 pia
2499 4258 2655 4317 loca
2685 4274 2821 4317 om·

295 4360 470 4425 nibus
489 4365 694 4428 bonis
715 4378 787 4427 et
803 4374 1142 4446 tanquam
1165 4368 1483 4427 membra
1500 4364 1788 4447 putrida
1814 4364 2111 4429 abscissi
2140 4365 2425 4428 fuerunt
2450 4385 2491 4425 a
2523 4382 2824 4442 corpore

295 4468 676 4535 universalis
707 4472 1096 4553 Ecclesiae,
1140 4472 1448 4536 fortasse
1477 4474 1570 4535 ad
1609 4494 1762 4536 eam
1805 4485 2141 4555 tanquam
2175 4474 2268 4535 ad
2298 4472 2489 4555 piam
2522 4470 2823 4533 Matrem

299 4594 463 4639 suam
507 4588 802 4661 possent
848 4578 1104 4661 redire,
1159 4580 1218 4642 si
1263 4582 1514 4643 modus
1563 4580 1819 4661 aliquis
1866 4580 2301 4662 reperiretur
2349 4576 2823 4661 componendi

301 4702 478 4764 super
509 4687 714 4750 bonis
739 4686 1080 4749 Ecclesiis
1111 4696 1184 4750 et
1214 4686 1370 4751 aliis
1396 4686 1534 4769 piis
1562 4688 1736 4750 locis
1762 4687 2041 4767 ablatiS,
2076 4689 2190 4750 vel
2217 4688 2408 4767 quod
2433 4686 2826 4761 retinerent

301 4810 368 4852 ea
423 4791 484 4857 in
548 4792 1094 4875 emphitheosim
1143 4814 1368 4876 usque
1424 4795 1516 4856 ad
1565 4794 1845 4857 tertiam
1893 4795 2429 4875 generationem
2480 4805 2550 4857 et
2598 4794 2821 4855 solve-

299 4912 430 4962 rent
487 4902 553 4965 id
614 4904 808 4984 quod
867 4925 1000 4986 pro
1063 4925 1249 4967 nunc
1297 4904 1663 4967 videretur
1711 4904 2171 4986 convenienS,
2234 4915 2303 4967 et
2352 4915 2515 4987 post
2563 4903 2823 4966 dictam

341 5024 480 5079 Bilta,
503 5028 788 5070 Documenta
806 5029 1084 5069 Luthorana.
2466 5008 2503 5063 8
