3575 5775
1728 573 2221 637 04391028»-ὁ

693 725 1030 788 mandent
1079 733 1148 787 et
1205 735 1453 788 contra
1515 745 1657 788 non
1722 727 2192 788 observantes
2260 733 2332 786 et
2393 721 2797 788 diffamatos
2860 721 3253 806 procedant

693 830 988 894 iuridice
1036 832 1127 894 ad
1175 851 1400 913 penas
1433 839 1832 906 contentas;
1882 830 2231 894 correctio
2264 830 2451 894 enim
2478 850 2787 911 unquam
2820 833 2980 912 plus
3006 848 3251 913 opera·

692 939 884 1002 bitur
931 959 1141 1020 quam
1189 937 1346 1021 ipsa
1393 939 1807 1022 publicatio·

876 1047 965 1108 Et
993 1045 1182 1108 istud
1213 1046 1574 1108 videbitur
1615 1050 1747 1108 sub
1796 1025 2237 1110 correctione
2283 1064 2499 1127 posse
2545 1045 2699 1108 fieri
2752 1045 3256 1108 convenienter

695 1173 825 1235 per
856 1152 1204 1214 officiales
1245 1152 1764 1216 ordinariorum
1812 1173 1903 1215 ex
1952 1137 2446 1215 commissione
2496 1151 2891 1234 apostolica
2922 1154 3109 1214 bene
3140 1173 3256 1213 ex-

693 1271 895 1322 tensa
944 1239 1192 1322 contra
1240 1270 1608 1343 exemptes
1657 1260 2157 1341 cuiuscumque
2206 1259 2599 1322 ordinis'et
2646 1259 3093 1322 conditionis,

871 1367 1158 1430 Interim
1209 1367 1704 1429 commonendi
1752 1377 1913 1428 sunt
1962 1386 2207 1429 omnes
2256 1365 2707 1428 confessores
2754 1365 3257 1446 cuiuscumque

691 1473 1121 1536 conditionis
1186 1482 1262 1535 ut
1320 1475 1584 1536 nullum
1649 1472 2085 1536 detinentem
2142 1473 2366 1535 libros
2428 1473 2823 1554 hujusmodi
2882 1474 3260 1536 absolvant

691 1590 816 1643 aut
879 1581 1345 1643 Sacramenta
1408 1579 1894 1643 ecclesiastica
1964 1579 2459 1642 administrent
2528 1589 2661 1642 etc.
2734 1579 2801 1641 in
2874 1578 3033 1641 foro
3100 1598 3258 1642 con-

691 1688 1035 1751 scientiae

869 1795 959 1857 Et
1007 1795 1302 1857 ulterius
1359 1793 1702 1858 diffamati
1766 1795 1857 1856 de
1916 1795 2053 1856 hoc
2116 1813 2294 1875 quos
2354 1795 2816 1856 absolverunt
2874 1801 2945 1855 et
2992 1793 3262 1874 scripta

693 1902 1017 1965 detinent
1065 1902 1155 1964 ad
1204 1901 1537 1964 iustitiam
1587 1900 1741 1963 fisci
1790 1901 2097 1964 citentur
2144 1911 2216 1963 et
2265 1909 2514 1963 contra
2562 1900 2757 1982 ipsos
2823 1899 3260 1981 'procedatur

693 2012 781 2072 ad
830 2029 1074 2091 penas·

869 2117 949 2178 In
1001 2117 1250 2178 eadem
1300 2113 1793 2178 commissione
1843 2119 1963 2179 au't
2011 2115 2151 2178 alia
2197 2117 2289 2178 ad
2340 2127 2747 2196 presentem
2786 2116 3053 2177 debent
3098 2135 3264 2177 esse

692 2223 906 2303 aliqui
957 2221 1312 2304 speciales
1359 2222 1823 2285 commissarii
1874 2222 1943 2284 in
1992 2223 2317 2303 partibus
2383 2221 2638 2302 quibus
2700 2223 2907 2284 detur
2954 2220 3266 2285 facultas

692 2329 1112 2392 absolvendi
1163 2338 1460 2411 propter
1507 2329 1845 2409 pericula.

1761 2544 1769 2552 .·
1782 2541 2063 2553 ναΜΝΝν-ννανκ-
2080 2542 2113 2552 ae‘-
2126 2543 2173 2552 ‘v-

1926 2776 2030 2840 77.

1421 2892 2076 2973 vicecancellarius
2132 2892 2509 2974 Alcandm.

1507 3040 1853 3109 (Nuntiat.
1892 3040 2197 3100 German.
2242 3038 2305 3097 L.
2342 3040 2445 3110 4¹7.)

1691 3172 1795 3222 (29.
1834 3160 2042 3225 Aprilis
2088 3159 2261 3228 1521.)

873 3294 1195 3357 Havemo
1242 3295 1312 3355 la
1358 3302 1603 3355 vostra
1652 3293 1769 3355 del
1817 3292 1886 3357 V
1935 3295 2052 3356 del
2100 3314 2292 3357 mese
2342 3312 2475 3358 con
2525 3294 2593 3354 la
2642 3290 2848 3373 copia
2896 3292 3086 3354 della
3129 3292 3271 3355 dii·

693 3400 876 3473 fida;
928 3402 997 3462 la
1045 3400 1208 3481 qual
1259 3419 1428 3462 cosa
1475 3400 1511 3462 ὲ
1561 3402 1900 3463 talmente
1966 3401 2429 3464 rincresciuta
2486 3400 2578 3462 ad
2633 3398 2719 3465 N.
2784 3394 2856 3463 S.
2914 3399 3046 3461 che
3114 3419 3271 3462 non

696 3508 760 3569 ci
817 3509 1024 3569 basta
1091 3507 1132 3569 l'
1170 3506 1406 3570 animo
1462 3506 1534 3569 di
1601 3507 2157 3588 exprimerne10:
2231 3516 2301 3570 et
2362 3527 2439 3569 se
2505 3526 2647 3567 non
2710 3505 2843 3566 che
2898 3508 3020 3585 poi
3084 3502 3153 3567 ci
3234 3508 3273 3569 ἐ

693 3623 958 3677 venuto
1007 3613 1220 3676 aviso-
1257 3615 1389 3676 che
1435 3615 1534 3676 tal
1584 3612 1836 3676 diffida
1885 3614 1921 3677 ὲ
1971 3624 2157 3678 stata
2203 3622 2563 3692 revocata,
2613 3632 2739 3673 sua
2788 3609 2891 3673 St*
2938 3630 3062 3673 era
3095 3630 3269 3676 con-

697 3729 960 3784 strecta
1007 3720 1212 3783 farne
1273 3721 1809 3784 dimostratione
1860 3721 1931 3783 di
1993 3732 2184 3784 sorte
2245 3722 2377 3783 che
2444 3737 2724 3800 sempre
2796 3736 2872 3781 se
2929 3738 3018 3780 ne
3082 3717 3275 3781 fussi

695 3830 976 3910 parlato
1025 3827 1093 3890 in
1144 3826 1504 3909 vituperio
1553 3837 1627 3890 et
1670 3828 2109 3891 dannatione
2174 3828 2341 3889 delli
2404 3825 2675 3890 auctori
2734 3835 2806 3888 et
2866 3825 3031 3887 delli
3102 3828 3276 3909 capi

695 3944 766 3998 et
813 3934 1054 3998 nation
1103 3936 1235 3997 che
1283 3933 1332 3996 li
1379 3934 1718 4007 sostiene;
1779 3956 1892 3997 ma
1939 3933 2216 4016 piaccia
2248 3934 2392 3995 alla
2424 3953 2694 3995 somma
2727 3932 2947 3995 bonta
2995 3931 3069 3993 di
3122 3934 3274 3996 Dio

701 4043 834 4105 che
883 4042 941 4104 si
990 4040 1366 4104 emendino
1415 4061 1553 4105 una
1602 4044 1798 4105 volta
1846 4052 1918 4104 et
1963 4039 2460 4104 riconoschino
2509 4060 2587 4102 se
2637 4050 2707 4101 et
2744 4040 2793 4101 li
2826 4037 3047 4107 errori
3086 4041 3277 4103 suoi.

876 4146 970 4210 Vi
1017 4147 1076 4210 si
1125 4150 1384 4211 manda
1432 4150 1502 4211 la
1549 4148 1758 4211 Bulla
1806 4151 2065 4212 havote
2113 4147 2387 4210 chiesta
2433 4154 2825 4210 rassectata
2874 4147 2991 4209 nel
3046 4149 3279 4211 modo

699 4264 770 4317 et
827 4275 1080 4336 parere
1129 4264 1372 4317 vostro
1437 4257 1568 4318 che
1631 4256 1887 4318 drento
1952 4276 2089 4317 non
2158 4255 2216 4317 si
2280 4254 2597 4337 exprime
2660 4253 3282 4318 nominatamente

697 4364 830 4425 che
877 4363 1210 4426 Martin0.
1307 4363 1447 4425 Per
1493 4371 1824 4443 respecto
1876 4344 1992 4425 del
2042 4364 2335 4425 doctore
2371 4360 2719 4444 Spieghel
2750 4360 2834 4425 N.
2871 4358 2944 4423 S.
2984 4360 3024 4422 ὲ
3074 4372 3281 4425 stato

698 4480 1035 4531 contento
1084 4469 1155 4530 di
1204 4469 1564 4532 rimettere
1613 4470 1682 4531 la
1731 4480 1995 4533 annata
2043 4471 2183 4533 alla
2232 4468 2645 4532 univerisita
2709 4467 2780 4531 di
2838 4464 3281 4533 Stletstadio

699 4585 772 4639 et
828 4575 919 4637 de
975 4576 1203 4639 donar
1265 4576 1383 4639 del
1451 4596 1578 4638 suo
1643 4577 1784 4638 allo
1856 4576 2268 4640 adversario
2336 4584 2602 4656 quanto
2678 4577 2770 4636 ho
2828 4575 3282 4640 domandato

699 4681 896 4745 accio
946 4683 1124 4745 ceda
1172 4692 1243 4745 et
1290 4686 1436 4745 cosl
1485 4693 1668 4746 tutto
1719 4681 1772 4745 s’
1812 4684 1849 4745 ἐ
1898 4683 2225 4745 ordinato
2277 4691 2349 4745 et
2381 4680 2825 4762 exequirassi
2860 4679 3283 4747 indubitata

700 4798 936 4852 mente
986 4799 1058 4852 et
1105 4790 1412 4873 bisogna
1459 4792 1590 4853 che
1641 4790 1758 4854 noi
1806 4789 2154 4854 facciamo
2207 4789 2374 4852 dalli
2420 4787 2825 4851 medessimi
2856 4786 3081 4851 nostri
3130 4792 3281 4853 sol-

699 4896 972 4961 licitare
1023 4900 1087 4959 el
1138 4906 1330 4960 tucto
1381 4918 1520 4961 non
1570 4900 1904 4960 havendo
1962 4900 2030 4960 la
2087 4896 2474 4960 universita
2537 4896 2606 4958 in
2666 4896 2905 4958 Roma
2950 4912 3281 4977 persona
