3575 5775
1712 559 1828 613 0-{3
1884 559 2013 646 ¹454
2089 556 2206 612 ΕῬ-ο

680 707 813 769 cile
863 715 1012 788 est,
1085 707 1275 787 quod
1342 726 1583 767 omnes
1639 703 1902 786 passim
1952 715 2207 785 parent
2280 713 2350 765 et
2413 706 2902 786 obsequuntur
2971 704 3058 766 ad
3103 705 3218 766 has

676 809 964 895 rapinas
991 813 1551 894 committendas,
1585 812 1775 874 nulla
1807 811 1880 872 in
1907 809 2080 892 ipsis
2105 811 2176 872 vi
2201 809 2418 890 illata,
2449 831 2579 874 nec
2613 811 2984 874 coactione
3014 809 3218 886 facta;

680 940 820 1001 quo
877 919 975 1000 fit,
1027 929 1101 983 ut
1150 919 1553 1001 superiores
1604 929 1673 981 et
1722 917 1987 981 domini
2035 918 2425 980 remedium
2473 928 2798 1000 prestare
2860 927 3221 1002 nequeant,

681 1027 738 1090 si
787 1027 1071 1108 quidem
1136 1026 1397 1089 subditi
1460 1046 1588 1108 per
1652 1046 1830 1108 quos
1888 1023 2218 1087 resistere
2278 1024 2574 1106 quisque
2633 1025 2968 1105 deberet,
3031 1023 3226 1108 primi

679 1143 924 1196 contra
983 1132 1305 1196 dominos
1362 1125 1771 1214 insurgunt,
1849 1131 1969 1213 qui
2031 1132 2130 1216 sic
2198 1152 2238 1192 a
2302 1131 2444 1194 suis
2513 1131 2868 1213 destituti,
2928 1131 3065 1196 alio
3119 1132 3224 1196 mi-

678 1261 887 1323 grare
948 1243 1493 1323 compelluntur;
1562 1241 1697 1302 hoc
1768 1238 1848 1300 fit
1910 1248 1984 1301 ut
2030 1259 2262 1320 neque
2311 1259 2422 1302 me
2471 1239 2642 1301 satis
2688 1247 2914 1302 tutum
2965 1261 3116 1302 esse
3160 1240 3225 1302 in

679 1349 736 1411 T
741 1348 1017 1411 ridento
1077 1347 1507 1429 putaverim,
1575 1347 1699 1410 sed
1768 1346 1980 1408 ilhinc
2070 1346 2474 1409 abeundum
2560 1346 2921 1426 duxerim,
2987 1367 3224 1428 meque

676 1455 747 1518 in
794 1457 980 1519 hanc
1047 1476 1283 1518 arcem
1344 1455 1591 1538 Rippe
1642 1453 2069 1535 receperim,
2131 1453 2250 1516 ubi
2319 1455 2536 1536 paulo
2608 1451 2924 1516 securius
2995 1453 3228 1516 vivere

679 1563 847 1625 mihi
896 1563 1147 1626 videor
1192 1571 1263 1624 et
1310 1580 1529 1643 agere
1576 1581 1811 1644 posse.

860 1669 1162 1731 Accedit
1216 1669 1356 1750 his,
1409 1669 1598 1750 quod
1646 1667 1784 1730 iarn
1833 1687 1975 1730 non
2025 1667 2201 1730 nulli
2249 1688 2342 1730 ex
2402 1667 2806 1732 hominibus
2853 1666 3228 1750 Episcopa-

680 1789 792 1838 tus
842 1775 978 1838 mei
1038 1777 1227 1839 dicto
1298 1777 1549 1838 horum
1606 1773 1979 1837 audientes
2050 1783 2214 1837 sunt
2276 1782 2348 1837 et
2413 1773 2532 1836 alii
2601 1775 2693 1836 ad
2766 1774 3230 1838 defectionem

680 1882 1164 1949 sollicitantur.
1248 1881 1325 1946 Si
1369 1882 1524 1964 quis
1555 1882 1796 1964 itaque
1830 1882 1962 1943 hos
2009 1901 2434 1964 progressus
2482 1880 2895 1964 diligentius
2928 1880 3096 1944 velit
3137 1879 3231 1943 in·

679 1989 883 2070 tueri,
947 1999 1019 2053 et
1084 1989 1284 2054 initia
1329 1990 1485 2072 ipsa
1534 1988 2004 2072 perscrutari,
2065 1997 2136 2051 et
2184 2009 2360 2070 quas
2406 1989 2596 2051 vires
2646 1988 3016 2070 conquirat
3062 1991 3236 2052 haec

684 2097 939 2159 seditio
988 2117 1227 2160 secum
1275 2097 1509 2160 animo
1567 2099 1900 2176 volvere,
1976 2095 2186 2159 fateri
2251 2115 2542 2158 necesse
2591 2104 2736 2177 est,
2805 2106 2877 2159 et
2941 2096 3235 2162 maxime

684 2204 1072 2265 verendum
1121 2224 1211 2266 ne
1270 2204 1485 2287 (quod
1537 2201 1750 2286 absit)
1799 2223 2022 2285 usque
2069 2203 2140 2265 in
2199 2203 2425 2284 ipsam
2475 2202 2748 2266 Italiam
2787 2211 3238 2286 pervagetur,

685 2321 755 2372 et
801 2312 1001 2379 labes
1048 2311 1181 2374 hec
1232 2311 1649 2374 universalis
1700 2332 1858 2374 esse
1906 2311 2198 2392 feratur,
2241 2310 2313 2373 id
2345 2311 2538 2392 quod
2565 2310 2874 2374 futurum
2911 2309 3234 2374 Vestram

686 2415 1155 2480 Sanctitatem
1225 2419 1607 2500 aliquando
1674 2418 1850 2481 meis
1912 2418 2276 2498 admonui,
2346 2427 2417 2480 et
2479 2418 2571 2480 ad
2618 2416 2794 2480 alios
2859 2419 3236 2500 plerosque

684 2524 957 2605 scripsi.
1052 2523 1252 2588 Haec
1301 2525 1495 2588 volui
1543 2524 1849 2588 Vestrae
1899 2524 2336 2588 Beatitudini
2397 2545 2772 2588 recensere
2828 2533 2904 2588 ut
2969 2525 3029 2588 si
3101 2545 3236 2606 quo

684 2631 895 2693 modo
972 2641 1213 2712 potest
1282 2634 1494 2694 rebus
1556 2632 1963 2695 labentibus
2026 2652 2472 2712 succurrere,
2543 2631 2616 2694 id
2684 2652 2813 2714 pro
2885 2651 3014 2695 sua
3081 2652 3240 2714 pru·

686 2736 929 2801 dentia
976 2737 1217 2801 facere
1268 2737 1622 2822 dignetur,
1672 2739 1784 2802 cui
1831 2760 1943 2803 rne
1991 2738 2376 2803 humillime
2426 2741 2864 2805 commendo,

868 2863 979 2927 Ex
1025 2863 1219 2928 Arce
1267 2863 1514 2948 Rippe
1574 2868 1671 2928 18.
1718 2863 1868 2927 Mai
1923 2883 2115 2945 1525.

862 2990 984 3053 Me
1040 2999 1276 3053 autem
1324 2989 1393 3052 in
1446 2988 1685 3072 specie
1733 2990 2186 3071 persequitur
2231 2990 2344 3053 hic
2391 2989 2612 3070 furor,
2660 2991 2850 3071 quod
2897 3011 3028 3053 suo
3073 3003 3239 3053 tem·

682 3117 863 3179 pore
910 3098 1215 3161 Vestrae
1266 3096 1703 3160 Beatitudini
1753 3097 2127 3162 constabit.

864 3204 943 3267 E.
994 3204 1299 3267 Vestrae
1360 3203 1855 3269 BeatitudiniS.

2333 3314 2493 3360 Hum.
2533 3312 2784 3361 Creatura

2217 3400 2276 3460 B.
2313 3398 2501 3473 spise.
2539 3398 2924 3463 Tridentinus.

1899 3738 2048 3805 210.

1274 3854 1595 3935 Clemens
1649 3856 1807 3935 VII.
1863 3854 2254 3935 Archiduci
2308 3856 2662 3935 Austriae.

1216 4002 1468 4077 (Epistol.
1506 4003 1579 4061 ad
1614 4003 1898 4076 Principes
1932 4019 2034 4077 per
2071 4002 2398 4061 Sadoletum
2433 4004 2524 4062 fol.
2561 4004 2694 4077 148.)

1718 4111 1825 4182 (19.
1867 4114 1997 4163 Maii
2042 4110 2214 4181 1525.)

864 4239 1142 4302 Dilecte
1190 4238 1344 4303 Fili.
1460 4237 1632 4301 Cum
1703 4238 2006 4321 primum
2089 4239 2179 4306 ad
2243 4260 2372 4301 nos
2433 4238 2567 4302 fuit
2631 4240 2918 4304 allatum
2994 4241 3084 4303 de
3149 4242 3249 4305 eis

684 4346 1099 4409 tumultibus
1148 4346 1267 4427 qui
1326 4367 1456 4428 per
1504 4347 1889 4427 populares
1961 4356 2032 4408 et
2090 4345 2389 4408 rusticos
2451 4345 2518 4407 in
2572 4344 2958 4410 Germania
3021 4349 3246 4412 conci-

684 4450 815 4514 tati
863 4451 1170 4515 omnium
1233 4452 1538 4515 fortunis
1610 4464 1680 4514 et
1730 4451 2196 4534 dignitatibus
2246 4452 2712 4531 minarentur,
2787 4453 2918 4516 etsi
2965 4474 3080 4517 res
3129 4454 3250 4519 ina

684 4556 892 4620 nobis
960 4558 1204 4620 auditu
1268 4559 1401 4621 fuit
1468 4557 1997 4634 molestissima,
2065 4558 2184 4640 qui
2248 4558 2874 4622 innumerabilibus
2931 4560 3120 4623 curis
3181 4573 3249 4627 et

685 4663 1033 4745 angustiis
1092 4666 1534 4729 circumsessi
1586 4668 1677 4730 ad
1727 4686 1971 4729 omnes
2021 4666 2140 4728 vix
2191 4667 2427 4748 animo
2476 4666 2804 4731 sufficere
2849 4688 3250 4751 possumuS‚

683 4782 921 4832 tamen
956 4792 1239 4853 semper
1271 4774 1711 4854 speravimus
1745 4771 2185 4836 nobilitatem
2237 4783 2426 4836 tuam
2477 4795 2602 4837 sua
2651 4774 2956 4855 quadam
3005 4776 3247 4841 dexte-

683 4874 892 4940 ritate
942 4889 1014 4939 et
1058 4879 1440 4959 prudentia
1487 4901 1627 4944 non
1680 4878 2067 4943 difficiliter
2113 4880 2251 4943 illis
2291 4880 2627 4965 periculis
2675 4902 3130 4949 occursuram
3180 4894 3248 4947 et
