3575 5775
1759 551 2255 610 0-4312454

1946 725 2055 794 49.

1387 851 2037 937 Vicecancell.
2108 853 2611 935 Aloandro.

1611 991 1807 1062 (Nunt.
1846 992 2027 1054 Germ.
2064 991 2127 1050 Ι...
2164 990 2257 1054 fol.
2296 991 2401 1064 34.)

1683 1100 1867 1170 (1521.
1892 1131 1964 1139 —
1999 1115 2081 1166 ¹9·
2110 1101 2329 1170 Martii.)

1153 1227 1609 1294 Venerabilis
1659 1228 1790 1292 Vir
1840 1229 2091 1292 Amice
2140 1229 2403 1294 Noster
2450 1229 2856 1311 praecipue.

897 1347 1224 1409 Havemo
1289 1345 1476 1407 visto
1541 1354 1614 1406 et
1675 1347 1863 1408 lecte
1922 1355 2033 1408 tre
2098 1345 2343 1408 ultime
2392 1353 2633 1408 vostre
2683 1365 2823 1408 una
2870 1347 2989 1408 del
3040 1365 3119 1424 27
3176 1345 3293 1408 del

717 1463 1010 1534 passato
1073 1463 1144 1514 et
1212 1453 1352 1514 dua
1413 1453 1530 1513 del
1581 1472 1620 1529 4
1670 1452 1785 1514 del
1830 1460 2205 1532 presente,
2272 1472 2407 1532 per
2452 1454 2519 1515 le
2566 1451 2760 1534 quali
2810 1452 3293 1516 chiaramonte

718 1562 1020 1622 vedemo
1087 1562 1154 1622 le
1219 1558 1486 1621 fatiche
1549 1568 1873 1621 extreme
1934 1560 2067 1622 che
2130 1561 2541 1631 substenete
2605 1561 2721 1622 del
2770 1559 3005 1622 animo
3055 1570 3126 1622 et
3178 1562 3293 1622 del

717 1685 938 1748 corpo
987 1667 1178 1729 della
1227 1685 1528 1728 comune
1559 1685 1774 1728 causa
1818 1665 2013 1728 della
2042 1665 2433 1747 Religione
2465 1685 2593 1746 per
2625 1665 2991 1748 adempire
3024 1666 3293 1732 lofficio

716 1782 979 1836 vostro,
1076 1773 1338 1835 Nostro
1373 1770 1680 1854 Signore
1729 1774 1823 1834 ha
1870 1775 2115 1835 voluto
2164 1773 2463 1854 leggere
2513 1781 2584 1835 et
2632 1759 3095 1838 considerare
3120 1775 3293 1856 ogni

717 1896 907 1961 cosa,
943 1891 1017 1944 et
1045 1882 1262 1943 molto
1299 1881 1718 1944 commenda
1751 1880 2063 1942 il=studi0
2098 1889 2169 1942 et
2190 1878 2575 1944 affectione
2601 1889 2845 1944 vostra
2870 1880 3063 1944 circa
3084 1881 3159 1944 di
3195 1884 3293 1944 tal

719 2007 956 2068 causa,
1005 1997 1077 2050 et
1125 1987 1286 2050 dice
1335 2007 1476 2050 non
1509 1986 1545 2050 ὲ
1577 2006 1710 2068 per
1741 1987 2241 2060 scordarsenez
2294 2007 2433 2050 non
2470 1988 2539 2050 vi
2571 1989 2877 2051 exhorta
2906 1987 3293 2052 altrimenti

719 2096 808 2158 ad
861 2113 1328 2178 perseverare
1375 2095 1749 2176 parendoli
1794 2095 1869 2157 in
1916 2105 2117 2157 tucto
2165 2115 2405 2158 essere
2454 2094 2811 2177 superfluo
2855 2115 3057 2161 come
3090 2116 3292 2178 aper·

716 2211 1028 2265 tamente
1087 2201 1145 2263 si
1193 2203 1554 2264 demostra
1601 2205 1718 2265 nel
1765 2203 2079 2264 scrivere
2126 2211 2401 2272 vostro:
2463 2211 2655 2266 resta
2699 2205 2853 2265 solo
2904 2203 3293 2266 advertirvi

717 2310 850 2371 che
899 2307 1073 2370 tucti
1139 2329 1178 2370 e
1244 2319 1353 2370 tre
1418 2308 1721 2371 facciate
1781 2309 1955 2390 ogni
2018 2307 2353 2370 instantia
2416 2321 2489 2372 et
2534 2318 2795 2376 conato
2843 2328 2978 2371 con
3026 2308 3291 2372 Cesare

717 2415 849 2477 che
899 2413 957 2476 51
1006 2414 1224 2495 degni
1273 2414 1738 2478 abbracciare
1787 2414 1859 2476 di
1911 2425 2103 2476 sorte
2152 2425 2407 2496 questa
2436 2415 2746 2497 impresa
2776 2417 2908 2478 che
2939 2436 3029 2478 ne
3060 2415 3291 2478 riesca

719 2541 856 2584 con
903 2522 1177 2584 honore
1227 2521 1296 2582 di
1341 2523 1500 2600 Dio,
1549 2523 1742 2584 della
1773 2521 1967 2585 Sede
1994 2522 2422 2604 Apostolica
2468 2533 2541 2586 et
2588 2522 2659 2584 di
2694 2523 2843 2585 Sua
2870 2522 3169 2602 Maesta,
3219 2532 3292 2586 et

723 2628 1179 2710 persuadiate
1215 2631 1305 2691 ad
1341 2630 1606 2711 quella,
1672 2631 1802 2692 che
1838 2629 1911 2693 in
1947 2642 2437 2711 questa-causa
2470 2640 2671 2694 tanto
2708 2629 3112 2710 periculosa
3148 2631 3289 2694 alla

723 2735 964 2798 chiesa
1006 2736 1410 2799 universale
1452 2747 1522 2800 et
1551 2738 1622 2800 31
1651 2757 1780 2800 suo
1816 2737 2109 2819 proprio
2142 2737 2451 2819 Imperio
2492 2746 2564 2800 et
2594 2747 2808 2816 stat0,
2866 2747 2937 2800 et
2976 2736 3047 2799 di
3086 2745 3287 2800 tanto

720 2843 1059 2908 scandalo
1100 2853 1172 2907 et
1203 2843 1516 2925 infamia,
1551 2865 1694 2909 non
1708 2847 1917 2909 basta
1932 2845 2199 2909 havere
2220 2845 2269 2908 il
2285 2848 2477 2909 bono
2498 2847 2741 2909 volere
2762 2865 2839 2909 se
2861 2865 2990 2909 sua
3008 2843 3289 2909 Maestz'i

717 2972 857 3014 non
907 2953 977 3014 10
1027 2954 1288 3015 manda
1336 2954 1428 3015 ad
1475 2953 1925 3033 executione,
1977 2962 2051 3015 et
2095 2972 2235 3016 non
2286 2955 2357 3015 lo
2406 2952 2712 3016 facendo
2759 2952 2833 3015 in
2879 2951 3105 3017 verite
3142 2972 3287 3015 non

712 3058 773 3121 si
821 3058 964 3140 pub
999 3077 1366 3141 excusare,
1415 3059 1508 3122 ne
1539 3068 1807 3142 quanto
1842 3081 1885 3122 3
1917 3061 2076 3139 Dio,
2126 3060 2217 3122 ne
2249 3072 2517 3142 quanto
2550 3062 2621 3123 al
2648 3062 2932 3140 mond0,
2982 3060 3288 3123 essendo

717 3168 955 3246 quella
1001 3186 1131 3247 per
1178 3167 1352 3229 tucti
1402 3166 1460 3230 e’
1494 3166 1688 3229 conti
1737 3166 2057 3249 obligata
2104 3167 2177 3228 di
2224 3166 2405 3229 farlo
2446 3176 2519 3229 et
2544 3168 2879 3231 havendo
2914 3165 3286 3249 maggiore

719 3272 1026 3353 Imperio
1077 3282 1148 3335 et
1195 3272 1541 3337 auctorita
1591 3276 1722 3337 che
1772 3275 2088 3336 habbino
2140 3274 2279 3337 mai
2325 3276 2593 3335 havuta
2640 3273 2813 3337 tucti
2861 3274 2910 3337 11
2942 3274 3097 3339 suoi
3128 3292 3283 3355 pre-

719 3379 1080 3441 decessori
1127 3380 1200 3441 in
1227 3378 1634 3458 Germania,
1685 3390 1756 3443 et
1804 3380 2222 3459 trovandosi
2256 3378 2403 3443 Sua
2427 3380 2705 3443 Maesta.
2744 3380 2813 3443 in
2847 3379 3040 3443 facto
3074 3390 3145 3443 et
3170 3379 3285 3443 ne’

719 3485 968 3567 luoghi
1014 3485 1288 3567 proprii
1338 3488 1523 3549 dove
1571 3488 1608 3550 ὲ
1659 3496 1829 3550 nata
1876 3488 1947 3549 13
1994 3488 2213 3570 piaga
2260 3488 2401 3550 alla
2440 3488 2651 3569 quale
2681 3487 2777 3551 lui
2808 3484 2963 3551 solo
2997 3486 3179 3551 deve
3212 3496 3286 3549 et

713 3594 856 3673 puo
920 3594 1358 3673 provedere‚
1421 3592 1619 3657 accio
1681 3593 1829 3677 egli
1878 3611 2019 3657 non
2069 3590 2288 3657 habbi
2352 3596 2441 3657 ad
2506 3614 2839 3657 mancare
2904 3596 3044 3659 alla
3090 3590 3282 3657 Sede

715 3700 1142 3780 Apostolica
1213 3701 1283 3762 di
1354 3703 1518 3782 quel
1589 3702 1841 3765 favore
1916 3712 1987 3765 et
2024 3702 2362 3784 *presidio
2432 3722 2562 3783 per
2627 3700 2675 3765 il
2739 3704 2951 3782 quale
3012 3701 3062 3765 li
3128 3700 3319 3766 suoi,

713 3807 1148 3871 antecessori
1215 3828 1392 3871 sono
1441 3809 1608 3871 stati
1657 3819 1857 3872 tanto
1906 3809 2234 3873 honorati
2283 3818 2356 3871 et
2402 3808 2663 3871 stimati
2712 3809 2803 3871 da
2852 3810 3051 3873 detta
3090 3804 3281 3871 Sede

717 3914 850 3976 che
911 3915 980 3976 10
1031 3913 1339 3995 Imperio
1389 3916 1722 3979 Romano
1772 3936 1915 3979 non
1966 3936 2100 3997 pur
2148 3938 2191 3979 3
2238 3914 2455 3979 Greci
2503 3926 2575 3979 et
2622 3915 2955 3979 Franzesi
3002 3936 3115 3979 ma
3160 3914 3283 3977 alli

713 4019 990 4083 Italiani
1041 4030 1114 4085 et
1137 4022 1453 4085 Romani
1499 4024 1794 4105 proprii,
1842 4023 1952 4086 ne’
1981 4024 2175 4105 quali
2224 4044 2346 4087 era
2394 4042 2674 4105 sempre
2722 4032 2933 4101 stat0,
2982 4024 3161 4087 tolse
3210 4031 3281 4084 et

713 4126 1045 4191 transferi
1093 4128 1164 4191 in
1214 4130 1452 4209 quella
1499 4130 1789 4193 natione
1838 4130 2281 4212 germanica,
2350 4141 2421 4193 et
2470 4151 2609 4194 non
2661 4133 2815 4193 5010
2863 4129 2907 4192 1’
2934 4128 3279 4193 auctorita

715 4234 904 4296 dello
955 4234 1283 4317 Imperi0,
1333 4256 1448 4298 ma
1496 4235 1724 4298 anche
1773 4238 1963 4299 della
2001 4236 2354 4301 electione
2388 4248 2459 4299 et
2490 4236 2953 4301 fundamento
3004 4236 3068 4298 d'
3096 4256 3279 4316 0550,

713 4342 806 4404 ad
855 4341 964 4404 cio
1011 4342 1084 4404 in
1133 4345 1285 4406 loro
1335 4344 1638 4407 havesse
1688 4344 1775 4406 ad
1827 4354 2101 4407 restare
2147 4344 2218 4406 in
2261 4355 2650 4425 perpetuo:
2700 4362 2778 4407 se
2814 4342 2886 4407 di
2917 4345 3015 4406 tal
3048 4342 3282 4424 gratia

715 4456 786 4509 et
846 4448 1074 4511 meriti
1123 4452 1312 4513 della
1359 4452 1534 4537 sede
1584 4450 2005 4531 Apostolica
2062 4454 2301 4533 quella
2349 4450 2601 4513 merita
2646 4452 2741 4514 da
2786 4448 2935 4515 Sua
2980 4450 3282 4531 Μ3051ῑὲ,

714 4554 883 4617 (13111
943 4554 1258 4637 Principi
1327 4557 1622 4620 electori
1681 4567 1753 4619 et
1818 4560 1911 4621 da
1972 4566 2167 4621 tucta
2228 4561 2297 4621 la
2364 4556 2671 4621 Natione
2736 4558 2967 4639 questi
3029 4558 3283 4639 premii

713 4672 1001 4741 possete
1059 4662 1211 4725 dire
1261 4664 1393 4727 che
1441 4666 1508 4726 lo
1557 4664 2043 4745 considerino,
2111 4675 2185 4728 et
2232 4664 2591 4727 iudichino
2642 4666 2833 4745 loro,
2900 4666 3035 4727 che
3080 4675 3280 4727 certo

713 4786 854 4830 non
922 4768 998 4829 su
1059 4770 1195 4831 mai
1257 4770 1348 4833 ne
1415 4771 1612 4835 udita
1673 4772 1761 4835 ne
1826 4772 2217 4854 imaginata
2274 4775 2343 4835 la
2390 4771 2761 4853 maggiore
2810 4783 2885 4836 et
2927 4772 3045 4853 pit)
3095 4772 3281 4835 inso-

715 4876 904 4939 lente
950 4875 1482 4961 ingratitudine,
1531 4889 1603 4941 et
1651 4880 1755 4943 sel
1804 4890 2131 4960 respecto
2182 4889 2253 4941 et
2299 4880 2552 4943 timore
2602 4880 2673 4941 di
2702 4880 2840 4943 Dio
2890 4890 2961 4942 et
3008 4881 3077 4942 la
3126 4881 3281 4943 loro
