3575 5775
1710 581 2206 637 0434388»ο

672 751 969 814 quorum
1018 730 1345 810 impietas
1409 729 1623 792 etiam
1673 728 1825 791 aliis
1874 735 2112 808 potest
2160 747 2318 790 esse
2387 735 2831 789 nocumentO.
2927 725 3242 806 Cumque

672 858 803 900 nos
866 838 955 899 de
1020 835 1409 899 nobilitatis
1470 845 1635 898 tuae
1700 834 2047 917 religione
2132 842 2201 896 et
2262 833 2641 915 prudentia
2699 832 2799 896 ita
2859 832 3242 896 sentiamus

673 955 749 1008 ut
798 947 886 1008 de
936 943 1286 1007 catholica
1336 951 1407 1004 et
1454 943 1526 1005 in
1573 941 1820 1025 primis
1869 943 2268 1004 excellente
2295 940 2591 1003 muliere
2634 940 3082 1004 sentiendum
3113 951 3243 1019 est,

674 1077 883 1138 quam
932 1053 1064 1135 ipsi
1116 1053 1372 1116 scimus
1422 1071 1561 1132 quo
1610 1050 1900 1134 ingenio
1950 1060 2022 1113 et
2070 1058 2334 1131 quanta
2375 1048 2647 1130 polleat
2675 1046 2962 1127 virtute,
3010 1057 3244 1110 tecum

674 1161 1193 1226 communicare
1244 1180 1400 1224 eam
1449 1179 1685 1221 curam
1734 1157 2106 1234 voluimuS‚
2157 1175 2340 1236 quae
2371 1176 2500 1218 nos
2549 1175 2681 1237 pro
2729 1165 2977 1217 nostro
3011 1162 3241 1237 pasto·

672 1269 805 1333 rali
867 1267 1104 1331 officio
1166 1269 1631 1330 vehementer
1707 1264 1984 1346 premit.
2081 1263 2444 1326 Habemus
2516 1261 2702 1324 enim
2765 1271 2931 1323 ante
2999 1261 3246 1323 oculos
3303 1244 3308 1250 ἶ

674 1386 955 1439 nostros
1004 1377 1446 1457 propositum
1497 1373 1664 1453 quid
1718 1394 1757 1434 a
1806 1369 2012 1436 nobis
2047 1369 2360 1452 postulet
2408 1376 2480 1431 et
2512 1368 2828 1451 requirat
2861 1367 3016 1448 ipse
3048 1368 3248 1429 Deus

673 1485 786 1547 cui
834 1483 967 1546 soli
1014 1501 1313 1564 regnum
1364 1479 1751 1542 animarum
1786 1477 2180 1542 subiectum
2231 1485 2355 1558 est,
2407 1475 2660 1557 quibus
2702 1477 2896 1538 nulla
2949 1475 3056 1538 est
3088 1495 3249 1556 pre·

674 1591 934 1655 ciosior
996 1610 1127 1652 nec
1176 1588 1461 1650 maioris
1511 1586 1950 1650 aestimanda
1999 1583 2358 1667 possessio
2373 1633 2391 1664 ,
2463 1582 2668 1646 huius
2714 1583 2918 1665 regni
2967 1581 3249 1646 tutandi

674 1719 757 1762 ac
830 1695 1266 1759 defendendi
1337 1696 1657 1756 laborem
1728 1693 1934 1755 nobis
2014 1691 2220 1754 huius
2291 1710 2500 1772 quem
2571 1691 2883 1773 gerimus
2953 1688 3250 1753 honoris

675 1805 955 1887 pondus
1002 1802 1238 1880 infert,
1288 1821 1427 1883 quo
1476 1800 1671 1862 vices
1720 1799 1983 1862 Christi
2031 1807 2388 1879 gerenteS,
2438 1800 2527 1861 de
2577 1799 2804 1860 salute
2854 1797 3251 1860 animarum

675 1911 960 1974 solliciti
1008 1929 1165 1972 esse
1216 1909 1577 1972 debemuS.
1670 1905 1822 1968 Nec
1874 1906 2203 1968 desumus
2254 1904 2490 1967 officio
2563 1924 2704 1986 qua
2752 1912 3038 1967 nostrae
3091 1924 3252 1987 per-

676 2018 904 2080 tinent
952 2015 1363 2087 facultates;
1414 2035 1576 2078 nam
1626 2025 1695 2075 et
1744 2012 2041 2075 consilio
2093 2023 2164 2074 et
2211 2011 2616 2075 hortatione
2666 2019 2737 2074 et
2785 2031 2955 2074 cura
3002 2022 3071 2074 et
3113 2030 3255 2073 mo-

677 2124 841 2188 nitis
904 2123 1303 2186 errantibus
1367 2120 1860 2192 subvenimus;
1933 2119 1993 2182 si
2071 2120 2191 2201 qui
2251 2139 2425 2182 vero
2488 2130 2649 2182 sunt
2710 2118 3258 2200 pertinaciores,

678 2241 798 2295 aut
846 2231 904 2292 si
955 2250 1250 2312 quorum
1298 2230 1499 2292 furor
1546 2231 1929 2291 salutarem
1970 2227 2392 2290 medicinam
2441 2227 2748 2308 pastoris
2796 2226 2903 2288 sui
2949 2247 3098 2289 non
3149 2247 3253 2290 re-

678 2338 883 2419 cipit,
957 2336 1165 2401 nobis
1214 2345 1322 2398 est
1369 2337 1460 2398 ad
1508 2335 1953 2416 principatus
2013 2343 2084 2396 et
2131 2343 2526 2415 potestates
2573 2331 3134 2414 confugiendum
3188 2342 3261 2396 et

680 2464 923 2508 eorum
986 2442 1439 2526 providentia
1496 2443 1586 2503 ad
1636 2440 1977 2503 auxilium
2024 2439 2461 2520 invocanda,
2531 2450 2608 2501 ut
2657 2459 2896 2502 eorum
2945 2441 3257 2503 auctori-

680 2559 827 2614 tate
878 2558 948 2612 et
996 2559 1185 2612 metu
1236 2548 1355 2629 qui
1404 2549 1581 2610 alias
1615 2547 1992 2628 negligunt
2032 2547 2123 2609 ad
2157 2547 2532 2610 sanitatem
2560 2549 3012 2610 reducantur.
3095 2547 3260 2610 Hoc

680 2679 810 2720 nos
859 2656 1155 2720 consilio
1203 2655 1625 2737 requirimus
1655 2654 2119 2717 Nobilitatem
2167 2665 2358 2718 tuam
2406 2662 2704 2737 paterne
2752 2663 2966 2736 atque
3014 2673 3258 2717 aman·

680 2775 822 2844 ter,
896 2776 971 2826 ut
1020 2765 1271 2827 adesse
1335 2763 1541 2826 nobis
1606 2766 1695 2826 ad
1754 2762 2134 2826 iuvandam
2197 2782 2346 2825 rem
2394 2762 2530 2824 Dei
2593 2772 2664 2824 et
2724 2760 2938 2825 fidem
2987 2761 3261 2826 Christi

678 2872 1198 2936 immaculatam
1248 2872 1812 2935 conservandam
1861 2870 2050 2934 ferre
2100 2891 2308 2953 opem
2337 2870 2530 2953 velit,
2577 2869 2650 2933 in
2695 2871 2798 2934 eis
2843 2870 3021 2933 locis
3053 2890 3262 2951 prae-

680 2981 921 3043 sertim
982 2980 1054 3044 in
1104 2978 1362 3061 quibus
1412 2987 1486 3039 tu
1537 2986 1608 3040 et
1652 2977 1948 3040 iubendi
1997 2988 2069 3040 et
2116 2977 2408 3040 vetandi
2473 2978 2751 3040 obtines
2798 2986 3262 3060 potestatem.

679 3088 790 3151 Ac
856 3088 1181 3149 novimus
1248 3086 1533 3167 quidem
1599 3086 1777 3149 haec
1828 3087 2014 3147 mala
2079 3085 2238 3169 ipsa
2302 3084 2432 3148 tibi
2498 3084 2910 3168 displicere;
2983 3086 3118 3146 sed
3191 3084 3262 3147 in

679 3203 879 3257 tanta
926 3194 1188 3257 virtute
1254 3205 1324 3257 et
1392 3202 1591 3256 tanta
1638 3202 1996 3275 potestate
2045 3204 2204 3274 tua,
2275 3214 2418 3256 non
2484 3195 2709 3255 solum
2771 3189 3264 3275 egreferenda

681 3310 841 3363 sunt
890 3322 1070 3382 quae
1120 3302 1462 3363 adversus
1493 3312 1810 3363 veterem
1843 3320 2110 3363 morem
2142 3298 2450 3363 Sanctae
2479 3298 2846 3363 Ecclesiae
2891 3306 3266 3363 tentantur

681 3416 752 3470 et
782 3408 1259 3489 proferuntur,
1310 3426 1557 3470 verum
1589 3406 1804 3470 etiam
1834 3407 2017 3469 iusta
2051 3406 2432 3470 severitate
2467 3406 2917 3469 vindicanda.
2979 3404 3265 3470 Iccirco

681 3512 865 3578 enim
901 3513 1255 3577 Nobilitas
1301 3523 1423 3577 tua
1470 3514 1836 3595 praefecta
1884 3534 1926 3575 a
1955 3514 2115 3576 Deo
2163 3524 2271 3576 est
2319 3512 2457 3577 illis
2504 3512 2808 3596 populiS,
2857 3524 2934 3574 ut
2979 3513 3054 3575 in
3091 3516 3264 3576 obe·

682 3620 952 3684 dientia
1016 3641 1139 3682 eos
1187 3620 1493 3683 retineat
1559 3630 1629 3683 et
1676 3621 1815 3684 Dei
1864 3630 1935 3682 et
1981 3621 2350 3683 maiorum.
2443 3620 2691 3703 Neque
2739 3640 2914 3683 vero
2962 3629 3042 3682 tu
3093 3630 3268 3702 post

680 3728 873 3790 illum
926 3728 1112 3790 diem
1175 3728 1292 3809 qui
1344 3738 1701 3790 extremus
1750 3737 2043 3809 paratus
2095 3738 2200 3790 est
2249 3728 2572 3792 omnibus
2638 3727 3016 3809 quicquam
3066 3727 3268 3791 ferre

679 3835 952 3918 poteris
1002 3856 1094 3896 ex
1142 3834 1356 3897 tantis
1406 3836 1660 3916 opibus
1710 3835 1965 3916 quibus
2012 3835 2341 3917 praedita
2391 3855 2574 3899 nunc
2625 3856 2700 3898 es
2734 3844 2900 3899 ante
2941 3834 3268 3899 tribunal

682 3943 932 4005 summi
960 3942 1118 4023 Dei,
1170 3944 1360 4024 quod
1397 3944 1623 4023 magis
1672 3941 1797 4003 tibi
1845 3942 2242 4023 patrocinio
2295 3951 2364 4004 et
2396 3942 2802 4005 adiumento
2838 3962 2994 4005 esse
3025 3944 3272 4023 possit

677 4050 771 4112 ad
818 4050 1286 4112 immortalem
1350 4050 1635 4110 beatam
1682 4048 1902 4110 vitam
1961 4052 2565 4131 consequendam,
2631 4068 2842 4130 quam
2891 4068 3140 4111 curam
3195 4061 3272 4113 et

682 4156 1121 4238 diligentiam
1190 4154 1577 4218 adhibitam
1638 4154 1826 4217 inter
1869 4162 2032 4217 tuos
2095 4165 2171 4217 ut
2219 4155 2608 4218 animarum
2659 4158 2882 4235 saluS,
2955 4174 3268 4235 quarum

682 4264 989 4326 maxime
1022 4264 1179 4325 Deo
1226 4283 1395 4325 cura
1426 4270 1553 4342 est,
1602 4262 1944 4324 inviolata
1977 4262 2468 4326 custodiretur.
2551 4264 2703 4325 Hoc
2747 4272 2854 4325 est
2885 4262 3270 4345 proprium

680 4370 963 4433 virtutis
995 4379 1181 4451 tuae,
1232 4372 1365 4433 hoc
1400 4369 1688 4452 pietatis
1736 4380 1809 4431 et
1837 4369 2208 4450 religionis
2257 4388 2468 4449 quam
2502 4388 2783 4451 semper
2811 4388 2988 4450 erga
3021 4370 3268 4435 Deum

680 4477 1036 4558 integram
1084 4476 1543 4558 praestitisti,
1590 4486 1670 4538 ut
1717 4486 1788 4540 et
1837 4486 2040 4538 vetus
2089 4485 2257 4539 tuae
2305 4476 2533 4539 laudis
2582 4476 2824 4558 opinio
2872 4478 3064 4559 apud
3119 4500 3270 4542 om·

683 4602 809 4645 nes
852 4582 1175 4647 homines
1207 4582 1662 4646 confirmetur
1704 4592 1773 4645 et
1805 4602 1970 4664 spes
2010 4585 2265 4645 beatae
2314 4582 2858 4645 immortalitatis
2899 4582 3026 4645 tibi
3063 4588 3268 4666 apud

681 4690 912 4751 Deum
984 4689 1075 4751 sit
1148 4692 1607 4771 exploratior.
1704 4689 1852 4753 Nos
1922 4692 2058 4753 hac
2131 4690 2384 4753 eadem
2456 4690 2545 4752 de
2604 4710 2683 4753 re
2753 4691 2844 4753 ad
2915 4690 3269 4756 dilectum

679 4795 897 4859 filium
965 4806 1280 4859 nostrum
1332 4798 1727 4859 Erhardum
1788 4796 1970 4859 tituli
2020 4796 2266 4859 ⁸§ancti
2317 4794 2702 4878 Grisogoni
2750 4800 3270 4879 presbyterum

682 4903 1133 4969 Cardinalem
1182 4904 1651 4969 Leodiensem
1702 4904 2113 4986 scribimus,
2184 4903 2636 4988 iniungentes
2684 4914 2763 4966 ut
2810 4904 3270 4988 diligentiam
