3575 5775
1714 553 2208 610 0-<34668>-0

1554 879 2382 1096 CampegilllgaSadoleto.

1495 1141 1782 1214 (Euolat.
1821 1141 2074 1202 German.
2109 1143 2258 1204 Lm.
2295 1144 2431 1218 102.)

1716 1261 1830 1330 (26.
1869 1263 2001 1314 Maii
2046 1268 2216 1328 1525.)

859 1394 1213 1459 Havendo
1247 1396 1365 1478 gia
1398 1399 1731 1462 mandato
1763 1397 1816 1459 il
1847 1409 2180 1478 presente
2213 1419 2464 1481 spazzo
2500 1401 2640 1462 alla
2677 1409 2888 1481 posta
2934 1401 3026 1463 mi
3077 1421 3256 1464 sono

684 1501 1147 1587 sopragionte
1178 1505 1246 1568 le
1278 1503 1546 1567 incluse
1576 1506 1831 1567 lettere
1862 1505 1979 1567 del
2019 1504 2255 1568 Fabro
2297 1507 2729 1570 mandatemi
2775 1528 2907 1590 per
2949 1528 3090 1570 uno
3125 1528 3256 1570 suo

682 1630 725 1673 a
749 1619 960 1693 posta
986 1611 1053 1673 el
1077 1613 1289 1693 quale
1316 1613 1547 1674 havea
1571 1610 1644 1675 in
1669 1611 2134 1674 instructione
2155 1613 2243 1674 de
2269 1611 2600 1677 riferirmi
2627 1634 2828 1676 corne
2851 1615 2920 1676 la
2936 1613 3009 1677 S.
3028 1614 3117 1676 V.
3138 1635 3256 1677 ve·

686 1716 857 1782 dera
884 1718 1067 1781 dela
1089 1718 1299 1801 copia
1319 1719 1427 1782 ch’
1450 1719 1518 1783 io
1540 1722 1608 1783 le
1628 1721 1889 1783 mando
1909 1719 2029 1801 qui
2050 1738 2397 1801 appresso
2425 1721 2517 1784 de
2535 1722 2600 1784 18
2619 1720 3082 1785 instructione
3109 1741 3256 1786 soa.

862 1824 955 1887 Et
981 1825 1255 1889 bench&
1288 1826 1359 1889 io
1393 1826 1581 1890 stimi
1607 1827 1740 1890 che
1761 1827 1803 1890 'l
1829 1826 2167 1906 RorariO,
2199 1826 2432 1889 scriva
2459 1837 2531 1890 et
2560 1827 2736 1890 avisi
2765 1850 2807 1891 a
2833 1827 3258 1891 sufficientia

688 1932 759 1996 di
788 1941 968 1997 tutte
1001 1942 1251 2014 queste
1282 1933 1734 2016 turbulentie‚
1782 1955 1918 2016 pur
1956 1935 2157 1997 anch’
2202 1935 2271 1996 io
2311 1936 2380 1997 le
2423 1936 2516 1996 ho
2561 1937 2804 1998 voluto
2849 1935 3258 2018 significare

688 2041 925 2122 quello
956 2041 1089 2103 che
1113 2041 1293 2104 hora
1319 2041 1611 2105 intendo
1644 2050 1714 2104 et
1736 2061 1871 2105 con
1895 2061 2054 2104 esso
2081 2040 2246 2104 dirli
2270 2061 2402 2122 per
2425 2041 2657 2123 questi
2689 2055 2760 2105 et
2791 2043 2951 2106 altri
2977 2042 3256 2124 rispetti

687 2145 757 2211 io
789 2147 1109 2211 delibero
1144 2147 1218 2211 di
1249 2149 1517 2211 lassare
1566 2151 1803 2231 quella
1851 2148 1968 2211 via
1998 2150 2089 2212 de
2135 2149 2487 2231 Inspruck
2536 2149 2987 2230 pattendomi
3019 2151 3108 2212 de
3139 2150 3258 2232 qui

688 2254 920 2337 prima
966 2257 1099 2318 che
1146 2254 1215 2318 io
1262 2275 1478 2338 possa
1528 2268 1597 2319 et
1644 2255 1890 2320 venire
1938 2275 2140 2318 come
2197 2258 2376 2318 altre
2424 2258 2619 2320 volte
2667 2257 2905 2320 scrissi
2954 2259 3096 2320 alla
3141 2257 3261 2320 via

692 2361 765 2425 di
813 2360 1059 2445 Segna
1106 2382 1149 2426 o
1197 2363 1270 2426 di
1316 2362 1565 2427 Fiume
1616 2373 1689 2426 et
1732 2384 1865 2444 per
1912 2383 2107 2426 mare
2156 2365 2247 2425 de
2307 2361 2354 2426 li
2408 2363 2480 2425 in
2537 2365 2628 2445 la,
2676 2365 2938 2447 perche
2996 2386 3039 2427 a
3094 2364 3262 2426 niun

692 2470 903 2533 modo
952 2470 1138 2532 vedo
1188 2489 1569 2551 segurezza
1614 2472 1732 2534 nel
1780 2471 1919 2534 mio
1970 2471 2244 2533 camino
2293 2490 2426 2553 per
2473 2469 2874 2536 Germania.

878 2573 1183 2657 Quando
1230 2596 1367 2659 pur
1410 2577 1495 2643 N.
1548 2575 1619 2644 S.
1668 2579 1951 2648 volesse
2001 2579 2111 2641 ch’
2144 2579 2213 2641 io
2262 2577 2443 2641 fussi
2491 2581 2602 2641 col
2651 2578 3010 2659 Principe,
3061 2601 3105 2642 a
3148 2599 3263 2642 me

698 2681 859 2748 sera
904 2703 1065 2747 men
1113 2703 1339 2767 grave
1387 2685 1478 2747 de
1525 2684 1733 2748 Italia
1793 2694 2080 2748 tornare
2129 2685 2237 2748 sin
2286 2685 2638 2767 Inspruck
2687 2688 2818 2749 che
2867 2687 3147 2749 andarli
3195 2686 3266 2748 di

696 2810 856 2874 qua,
908 2798 979 2853 et
1027 2811 1108 2855 so
1155 2792 1289 2856 che
1337 2811 1465 2854 sua
1512 2791 1669 2855 Bne
1718 2812 1860 2855 non
1909 2794 2120 2856 vuole
2151 2792 2258 2855 ch’
2293 2792 2363 2855 io
2412 2791 2506 2855 mi
2551 2802 2772 2856 metta
2806 2815 2847 2856 a
2887 2793 3266 2856 manifesto

694 2898 1034 2984 pericolo.
1126 2899 1489 2982 Expedita
1535 2903 1823 2982 dunque
1872 2910 2123 2982 questa
2174 2900 2496 2983 praticha
2525 2900 2849 2964 boemica
2881 2903 3024 2964 alla
3056 2901 3264 2983 quale

696 3008 992 3071 attendo
1040 3026 1174 3071 con
1232 3006 1405 3089 ogni
1460 3006 1958 3087 sollicitudine,
2009 3008 2103 3071 mi
2165 3008 2466 3071 mettero
2530 3008 2600 3070 in
2667 3008 2944 3071 camino
3004 3009 3264 3091 perche

698 3115 969 3178 anchor
1015 3112 1136 3197 qui
1184 3134 1327 3178 non
1374 3114 1434 3178 si
1480 3134 1577 3197 po
1625 3114 2083 3197 longamente
2132 3124 2280 3178 star
2327 3136 2460 3178 con
2512 3114 2880 3197 dignitate.
2983 3116 3089 3179 La
3149 3136 3262 3178 ve-

698 3230 872 3285 nuta
929 3222 1048 3285 del
1093 3222 1153 3285 F
1156 3223 1333 3286 abro
1390 3242 1432 3285 a
1493 3230 1743 3305 queste
1811 3222 1999 3306 parti
2061 3223 2096 3286 ὲ
2163 3232 2241 3285 ut
2307 3220 2566 3286 conflet
2629 3232 2968 3305 quantum
3029 3233 3265 3306 potest

700 3328 983 3411 argenti
1030 3339 1103 3393 et
1150 3350 1243 3393 ex
1290 3329 1736 3393 monasteriis
1784 3340 1858 3393 et
1905 3350 1998 3392 ex
2047 3329 2386 3393 ecclesiis,
2480 3330 2731 3393 Eudae
2779 3330 3048 3393 XXVI
3093 3330 3264 3393 Maii

702 3434 1108 3500 MDXXV.

994 3594 1195 3678 Quae
1242 3596 1486 3678 Justus
1533 3598 1783 3661 Budae
1832 3607 2142 3662 tractare
2190 3597 2452 3661 debeat
2499 3596 2651 3659 sive
2698 3596 2986 3663 referre.
3073 3630 3088 3639 ·

882 3722 965 3786 In
1011 3719 1256 3805 primis
1302 3722 1643 3787 salutabit
1686 3724 1782 3789 R.
1827 3744 2012 3786 mam
2060 3720 2396 3785 familiam
2447 3728 2517 3783 et
2579 3730 2814 3785 certos
2875 3721 3270 3785 nominatos

706 3830 1112 3897 familiares·
1204 3828 1391 3892 Dein
1456 3829 1722 3894 referet
1777 3830 2009 3894 eidem
2070 3829 2264 3893 Rmo
2314 3848 2564 3891 causas
2611 3838 2910 3911 propter
2955 3848 3134 3910 quas
3180 3830 3268 3890 ad

706 3941 888 4003 haec
937 3940 1095 4002 loca
1140 3935 1394 4000 fuerim
1443 3936 1858 4000 destinatus.
1951 3936 2128 4000 Item
2179 3936 2370 4018 quod
2400 3934 2754 3998 lutherani
2801 3934 2874 3999 in
2923 3936 3269 4019 Inspruck

708 4048 967 4111 multos
1012 4044 1326 4107 famosos
1387 4042 1667 4108 libellos
1722 4043 1888 4107 hinc
1943 4043 2111 4107 inde
2179 4050 2425 4106 contra
2485 4042 2884 4125 Episcopos
2949 4064 3031 4105 ac
3093 4042 3268 4106 alios

704 4153 1067 4218 affixerint
1112 4160 1410 4235 propter
1446 4172 1623 4232 quos
1670 4150 2010 4235 Episcopi
2037 4150 2496 4213 Tridentinus
2546 4159 2619 4211 et
2664 4147 3133 4229 BrixinensiS‚
3181 4168 3266 4212 ne

709 4260 958 4344 peiora
1004 4268 1471 4341 sequerentur
1516 4258 1912 4340 incomoda,
1963 4280 2004 4321 a
2050 4256 2374 4339 principe
2423 4254 2919 4319 discesserunt.

888 4366 1068 4430 Item
1114 4367 1304 4449 quod
1353 4366 1640 4449 quando
1704 4388 1747 4429 a
1802 4365 2126 4449 principe
2175 4362 2469 4426 discessi
2516 4363 2788 4426 animus
2833 4363 3019 4427 illius
3083 4373 3272 4427 totus

710 4476 942 4537 bonus
991 4480 1063 4537 et
1110 4472 1531 4537 christianus
1578 4482 1759 4549 erat3
1822 4483 2060 4536 tamen
2117 4470 2236 4554 qui
2283 4470 2766 4535 Ecclesiastici
2821 4470 3266 4534 discesserint

714 4580 896 4645 scire
953 4599 1095 4643 non
1143 4599 1433 4663 possum
1483 4581 1838 4662 quomodo
1887 4580 2027 4644 sint
2087 4576 2487 4642 incubaturi
2551 4577 2901 4657 nonnulli,
2969 4586 3040 4641 et
3086 4588 3268 4661 post-

714 4706 1015 4769 eaquam
1060 4707 1173 4750 me
1219 4686 1291 4751 in
1339 4686 1823 4751 confessorem
1873 4687 2194 4770 elegerat
2256 4705 2398 4748 non
2463 4684 2675 4767 pauci
2721 4683 2988 4748 fuerint
3035 4684 3154 4767 qui
3201 4683 3266 4747 in

714 4814 827 4861 me
874 4794 1189 4877 culpam,
1251 4794 1313 4857 si
1360 4795 1571 4859 modo
1621 4796 1833 4877 culpa
1880 4804 2008 4875 est,
2056 4792 2446 4873 reicerent,
2503 4792 2694 4874 quod
2743 4811 2883 4874 ego
2931 4790 3270 4874 principis

717 4903 1050 4967 seductor
1098 4920 1327 4965 essem
1374 4922 1464 4967 ne
1512 4922 1654 4966 non
1694 4902 1927 4965 abiret
1973 4901 2046 4965 in
2079 4898 2499 4965 seditionem
2533 4901 2981 4963 lutheranam
3015 4910 3088 4963 et
3118 4918 3270 4961 cum
