3575 5775
1397 573 1890 630 0-4344554

366 717 647 784 ficiendi
692 719 930 802 aliqua
977 723 1569 784 sustentabamur.
1665 720 1764 784 At
1812 741 1984 784 vero
2033 742 2254 802 nunc,
2317 733 2693 805 postquam
2744 723 2920 788 eius-

367 828 523 891 dem
570 826 708 890 Dei
755 826 1504 908 omnia-gubernantis
1549 827 1846 914 iudici0‚
1919 829 2110 911 quod
2157 839 2325 894 tunc
2372 851 2742 895 commune
2791 832 2921 894 tibi

368 955 520 997 cum
570 933 725 998 aliis
774 934 1223 1017 Principibus
1270 935 1433 1016 fuit,
1480 935 1827 1004 id,totum
1874 936 2158 1000 videtur
2201 958 2358 1002 esse
2407 941 2498 1002 ad
2525 949 2691 1003 tuae
2730 937 2928 1002 Sei-*¹⁸

367 1040 731 1104 arbitrium
793 1051 1367 1123 potestatemque
1417 1030 1760 1121 delatum,
1831 1052 1904 1105 ut
1952 1063 2175 1126 penes
2221 1053 2293 1108 te
2342 1066 2554 1108 unum
2605 1047 2712 1109 ius
2755 1045 2926 1110 belli

365 1149 704 1232 pacisque
752 1149 881 1219 sit;
934 1150 1181 1212 eadem
1232 1148 1515 1231 quidem
1564 1170 1801 1212 sumus
1850 1150 2240 1233 cupiditate
2289 1161 2360 1214 et
2405 1153 2787 1234 sententia,
2852 1162 2928 1216 ut

368 1254 785 1318 conficiatur
830 1275 999 1338 pax,
1049 1256 1175 1319 sed
1223 1276 1352 1339 spe
1400 1266 1471 1317 et
1518 1255 1658 1318 fide
1708 1257 2026 1320 ducimur
2073 1259 2292 1321 multo
2353 1258 2640 1324 maiore.
2734 1259 2928 1324 Satis

368 1361 551 1428 eni'm
600 1361 922 1444 aspirare
969 1363 1245 1443 coeptis
1292 1362 1697 1444 optatisque
1745 1364 2006 1428 nostris
2054 1365 2284 1428 Deum
2332 1367 2718 1448 cernimuS,
2768 1387 2926 1432 cum

367 1471 557 1552 quod
606 1473 698 1532 ab
748 1489 833 1532 eo
882 1469 1239 1551 supplices
1286 1473 1791 1550 precabamur,
1863 1470 2014 1534 eius
2061 1470 2268 1534 nobis
2317 1474 2787 1556 concedendi,
2835 1475 2927 1538 ad

370 1578 707 1660 optimum
758 1588 829 1639 et
888 1574 1539 1639 christianissimum
1589 1576 1995 1660 Principem
2063 1577 2692 1662 dignissimumque
2759 1579 2928 1646 Cae-

367 1705 595 1748 sarem
646 1683 969 1748 videmus
1017 1683 1326 1746 delatam
1376 1703 1533 1746 esse
1570 1691 2033 1764 potestatem.
2127 1686 2275 1749 Nos
2322 1706 2495 1750 vero
2545 1687 2663 1768 qui
2729 1699 2928 1752 tanto

369 1794 601 1857 studio
652 1795 1071 1855 curabamus
1118 1811 1407 1873 pacem,
1468 1801 1635 1855 tunc
1702 1812 1858 1855 cum
1930 1792 2130 1874 pacis
2195 1813 2382 1875 pene
2453 1795 2680 1858 omnis
2745 1795 2929 1858 ratio

368 1902 747 1986 desperata
794 1907 986 1973 erat;
1054 1917 1239 1961 nunc
1288 1897 1359 1960 in
1408 1908 1607 1962 tanta
1656 1919 1784 1980 spe
1832 1908 2116 1980 nostra,
2185 1909 2382 1963 tama
2429 1901 2930 1982 expectatione

368 2006 787 2070 iustissimae
838 2017 909 2068 et
956 2005 1500 2069 clementissime
1549 2017 1713 2068 tuae
1764 2005 2016 2068 mentis
2083 2026 2165 2068 ac
2223 2002 2640 2086 voluntatis,
2708 2008 2767 2070 si
2837 2011 2928 2070 ab

370 2115 491 2179 illa
537 2113 736 2195 pacis
784 2111 1065 2175 actione
1115 2111 1637 2190 desisteremuS,
1687 2111 2082 2175 faceremus
2129 2111 2454 2176 iniuriam
2483 2113 2811 2196 profecto
2860 2127 2930 2178 et

370 2221 505 2306 ipsi
551 2222 711 2283 Deo
762 2228 834 2282 et
896 2217 1151 2281 honori
1220 2228 1494 2280 nostro:
1560 2237 1789 2299 neque
1854 2229 2017 2282 tunc
2081 2240 2331 2301 pacem
2388 2221 2736 2302 voluisse,
2803 2222 2929 2284 sed

373 2329 563 2393 aliud
622 2326 958 2410 quiddam
1019 2333 1384 2408 spectasse
1449 2325 1876 2390 videremur.
1979 2324 2127 2389 Sed
2175 2327 2230 2388 si
2294 2327 2656 2410 quippiam
2717 2330 2926 2392 habe>-

371 2457 543 2517 muS,
593 2436 709 2497 vel
754 2433 1128 2496 habuimus
1156 2452 1468 2514 unquam
1506 2432 1877 2496 desideriis
1911 2434 2170 2497 nostris
2215 2435 2442 2516 magis
2488 2436 2928 2519 propositum

373 2565 581 2626 quam
636 2562 923 2626 pacem,
991 2540 1191 2623 digni
1238 2559 1476 2602 sumus
1538 2560 1715 2620 quos
1764 2559 1905 2604 non
1969 2540 2306 2604 exaudiat
2361 2543 2590 2616 Deus;
2641 2543 2697 2606 si
2759 2564 2931 2607 vero

374 2661 616 2714 nostra
664 2647 957 2714 consilia
1009 2646 1229 2729 ipsius
1273 2646 1409 2709 Dei
1471 2647 1850 2729 honorem,
1917 2667 2356 2711 communem
2407 2649 2935 2714 christianitatis

374 2760 673 2821 salutem
722 2765 793 2819 et
839 2758 1100 2819 bonum
1151 2764 1441 2836 optatae
1489 2754 1687 2835 pacis
1734 2764 2279 2837 spectaverunt,
2330 2758 2654 2819 cumdem
2705 2759 2932 2820 Deum

376 2885 677 2945 oramus,
724 2872 801 2926 ut
850 2859 1075 2925 Ser²⁸¹¹¹
1122 2870 1313 2924 tuam
1361 2859 1432 2923 in
1482 2860 1679 2924 cuius
1724 2881 1931 2923 manu
1968 2880 2218 2943 pacem
2251 2881 2408 2924 esse
2442 2861 2684 2943 voluit,
2733 2864 2934 2945 pacis

377 2974 616 3036 iubeat
666 2991 821 3033 esse
870 2968 1323 3049 effectricem,
1372 2970 1509 3031 hoc
1558 2978 1666 3031 est
1713 2978 1789 3031 ut
1837 2968 2025 3049 quod
2076 2967 2588 3031 sanctissimam
2622 2983 2934 3033 mentem

377 3092 563 3143 tuam
615 3078 1025 3141 desiderare
1076 3074 1427 3139 cernimus
1474 3073 1675 3162 (nihil
1726 3076 1910 3139 enim
1959 3076 2216 3138 clarius
2250 3084 2357 3137 est
2387 3096 2598 3156 quam
2643 3087 2712 3139 te
2747 3079 2933 3140 velle

380 3208 627 3269 pacem
675 3194 748 3249 et
803 3185 1171 3268 appetere)
1242 3183 1395 3246 eius
1465 3182 1888 3246 conficiendi
1961 3193 2032 3247 et
2101 3181 2580 3264 transigendi,
2647 3184 2936 3249 remotis

378 3293 899 3378 impedimentis
966 3291 1323 3373 omnibuS,
1396 3289 1526 3353 tibi
1575 3312 1617 3353 a
1666 3310 1938 3353 summo
1989 3290 2143 3351 Deo
2191 3288 2543 3352 tribuatur
2609 3290 2936 3354 facilitas.

381 3400 523 3465 Sed
574 3421 701 3465 cur
746 3420 889 3482 pax
930 3398 1245 3462 maxime
1295 3396 1700 3461 necessaria
1746 3396 1860 3476 sit,
1909 3394 2144 3476 aliqua
2195 3395 2498 3459 dicenda
2546 3406 2745 3477 sunt,
2793 3418 2933 3459 non

380 3518 517 3573 tam
566 3510 691 3572 illa
739 3507 1023 3589 quidem
1051 3525 1241 3569 nova
1279 3524 1570 3587 genere,
1620 3522 1832 3586 quam
1861 3502 2113 3584 gravia
2145 3502 2627 3584 diuturnitate,
2681 3503 2936 3587 quibus

383 3617 509 3680 nisi
558 3615 775 3679 citum
820 3611 1208 3677 remedium
1256 3611 1706 3690 adhibeatur,
1756 3620 1835 3672 ut
1878 3610 1952 3671 in
2001 3609 2262 3672 effoeto
2311 3609 2590 3674 mortali
2638 3631 2938 3693 corpore

385 3722 661 3807 longior
708 3722 997 3784 morbus
1068 3717 1360 3783 exitium
1420 3728 1493 3781 et
1538 3718 1837 3782 mortem
1883 3715 2124 3797 affert,
2174 3715 2271 3779 sic
2321 3716 2392 3779 in
2426 3717 2938 3781 christianitate

384 3829 511 3895 iam
562 3828 966 3909 defatigata
1013 3836 1083 3889 et
1130 3825 1373 3902 attrita
1427 3824 1794 3907 proximus
1854 3832 1962 3885 est
2032 3821 2358 3886 interitus
2407 3825 2938 3906 expectandus:

387 3950 657 4021 urgent,
708 3935 896 3999 enim
943 3943 1013 3997 et
1061 3933 1472 4016 opprimunt
1520 3934 1659 3993 duo
1706 3929 2130 4013 gravissima
2175 3933 2362 3993 mala
2408 3939 2622 4013 atque
2678 3930 2934 3993 incom-

388 4046 589 4109 moda
639 4041 1269 4121 christianitatem,
1316 4059 1612 4122 quorum
1670 4038 1967 4101 alterum
2017 4046 2125 4101 est
2189 4058 2232 4099 a
2276 4038 2524 4101 Turcis
2569 4039 2730 4117 qui,
2782 4059 2940 4100 con·

386 4150 589 4216 tinuis
640 4148 1089 4213 successibus
1137 4146 1339 4228 elati,
1416 4157 1487 4209 et
1554 4154 1799 4208 nostra
1867 4144 2158 4226 ignavia
2221 4165 2305 4207 ac
2375 4144 2822 4226 negligentia
2871 4146 2938 4207 in

390 4278 577 4341 spem
610 4256 993 4321 maximam
1024 4254 1263 4332 erecti,
1297 4252 1726 4316 christianae
1760 4250 2200 4333 reipublicae
2232 4250 2515 4332 penitus
2546 4250 2936 4333 opprimen-

393 4365 517 4427 dae
562 4364 811 4428 ineunt
859 4362 1225 4425 rationem.
1307 4360 1423 4424 An
1471 4370 1546 4421 tu
1596 4367 2072 4421 trecentarum
2103 4354 2404 4444 {navium
2451 4367 2772 4440 paratam
2804 4358 2942 4421 iam

394 4472 713 4553 classem,
775 4480 847 4535 et
908 4478 1281 4531 terrestres
1344 4463 1701 4528 exercitus
1762 4463 1835 4527 in
1896 4462 2108 4527 armis
2167 4465 2422 4527 adesse
2470 4464 2732 4544 iuss03,
2805 4466 2942 4527 alio

396 4576 679 4640 consilio
728 4575 1010 4658 aliaque
1074 4583 1309 4637 mente
1373 4583 1661 4635 coactos
1716 4592 1874 4635 esse
1921 4580 2130 4652 putas
2152 4620 2170 4651 ,
2235 4569 2369 4633 nisi
2429 4581 2506 4633 ut
2573 4572 2942 4654 septentri-

396 4684 631 4747 onales
678 4662 1223 4747 christianorum
1254 4678 1665 4763 provinciae
1699 4683 1790 4742 ab
1821 4678 1978 4760 ipso
2026 4676 2269 4741 littore
2299 4675 2565 4760 Illyrici
2599 4697 2820 4759 usque
2855 4679 2944 4740 ad

398 4788 761 4853 Poloniam
805 4788 1039 4871 impiis
1078 4787 1217 4851 illis
1265 4786 1477 4850 armis
1525 4795 1597 4849 et
1628 4785 1852 4866 signis
1901 4788 2341 4847 obruantur?
2424 4786 2538 4847 An
2589 4804 2719 4847 nos
2768 4786 2946 4847 haec

400 4896 525 4959 soli
577 4896 1061 4979 intelligimuS,
1130 4910 1392 4976 tuaque
1450 4892 1797 4957 serenitas
1862 4893 2109 4954 harum
2172 4911 2406 4954 rerum
2469 4892 2720 4973 ignara
2785 4893 2946 4955 est?
