3575 5775
1513 889 1618 953 62.

962 1007 1378 1087 Aloander
1431 1005 2173 1089 vicecancellariu

1141 1135 1424 1205 mutiat..
1463 1135 1712 1194 German.
1752 1132 1817 1192 1..
1852 1135 1981 1196 123.)

1279 1240 1385 1298 (13.
1424 1237 1630 1300 Aprilis
1675 1233 1849 1304 1521.)

469 1361 578 1423 Ho
626 1369 966 1443 receputo
1023 1362 1092 1423 le
1141 1362 1230 1424 de
1278 1361 1366 1423 V.
1419 1361 1492 1422 S.
1541 1361 1733 1423 Rma
1782 1370 1855 1424 et
1900 1362 1967 1424 16
2018 1359 2223 1442 copie
2272 1361 2361 1422 de
2411 1359 2480 1422 la
2528 1361 2723 1422 bulla
2772 1366 2844 1420 et

313 1469 351 1529 li
393 1468 583 1532 brevi
649 1471 964 1532 secundo
1027 1471 1094 1532 le
1156 1466 1632 1548 expeditioni,
1698 1469 1907 1549 quale
1958 1469 2557 1540 demandavamo;
2631 1485 2841 1547 spero

311 1595 432 1637 non
477 1597 778 1638 seranno
828 1598 904 1640 se
955 1597 1092 1638 non
1144 1576 1238 1637 ad
1281 1577 1498 1638 molto
1547 1575 1918 1656 proposito
1966 1584 2230 1638 nostr0.

469 1683 716 1746 Havea
763 1683 1010 1748 scritto
1043 1703 1172 1764 per
1205 1683 1342 1744 mie
1382 1683 1623 1745 ultime
1655 1684 1786 1746 che
1822 1684 1889 1745 el
1923 1682 2289 1745 confessor
2318 1691 2387 1746 et
2422 1679 2851 1744 Armestorff

311 1809 501 1852 erano
549 1809 677 1871 per
725 1792 952 1854 andar
999 1811 1043 1851 a
1091 1787 1529 1872 Sichinghen
1581 1799 1654 1852 et
1701 1789 2011 1860 Hutten:
2075 1790 2390 1871 iverunt,
2455 1799 2526 1852 et
2586 1799 2662 1850 ut
2709 1787 2843 1870 ipsi

310 1895 544 1976 dicunt,
592 1907 1034 1978 opportune3
1086 1898 1344 1978 perche
1392 1897 1705 1959 intesero
1739 1895 1811 1959 in
1846 1899 2083 1979 quella
2121 1897 2431 1961 fortezza
2478 1898 2663 1960 dove
2694 1897 2847 1958 loro

309 2023 522 2086 eran0‚
570 2025 700 2085 per
749 2003 985 2086 megio
1036 2006 1124 2067 (16
1175 2024 1314 2067 uno
1365 2003 1472 2068 de'
1523 2003 1821 2085 satrapi,
1871 2003 2002 2068 che
2050 2003 2169 2086 gia
2216 2004 2276 2066 si
2326 2025 2449 2067 era
2495 2002 2676 2065 satta
2707 2022 2848 2065 una

309 2110 742 2174 conclusione
787 2111 877 2173 de
910 2110 1116 2174 taliar
1156 2133 1198 2173 a
1227 2111 1431 2192 pecci
1453 2111 1694 2174 avanti
1721 2111 1854 2173 che
1882 2110 2159 2174 fussero
2207 2110 2283 2173 X
2332 2109 2564 2192 giomi
2614 2108 2731 2171 noi
2778 2117 2851 2170 et

309 2217 448 2280 tutti
509 2217 554 2280 li
617 2218 878 2299 prelati
925 2228 997 2281 et
1043 2217 1408 2299 preti·che
1457 2217 1514 2281 si
1562 2227 2037 2281 attrovavano
2083 2218 2155 2280 in
2205 2225 2455 2299 questa
2504 2217 2731 2296 dieta,
2799 2213 2845 2276 il

310 2323 425 2386 che
470 2327 774 2388 sarebbe
825 2335 1009 2388 stato
1059 2325 1270 2388 facile
1318 2325 1580 2407 perche
1613 2325 1833 2388 Cesar
1864 2345 2003 2388 non
2039 2327 2133 2388 ha
2165 2325 2283 2406 qui
2318 2333 2601 2406 quattro
2632 2322 2845 2385 scalci

309 2439 372 2490 et
413 2428 845 2514 Sichinghen
897 2433 934 2495 ὲ
981 2431 1053 2495 in
1105 2432 1354 2496 ordine
1405 2435 1493 2495 de
1541 2430 1742 2514 genti
1788 2433 1909 2514 piu
1953 2436 2085 2496 6116
2118 2433 2443 2514 principe
2475 2433 2564 2494 de
2596 2439 2849 2513 questa

312 2534 706 2619 Germania,
769 2548 841 2601 et
899 2538 1132 2620 questi
1198 2541 1287 2601 de
1336 2539 1642 2603 Vorrnes
1689 2560 1971 2620 sempre
2021 2539 2284 2603 inimici
2334 2539 2420 2601 de
2470 2537 2656 2620 preti
2703 2557 2845 2599 non

309 2643 712 2708 desiderano
773 2647 956 2709 altra
1021 2666 1190 2710 cosa
1250 2648 1381 2708 che
1433 2646 1865 2710 exterminar
1916 2649 1981 2708 el
2032 2647 2242 2710 clero,
2336 2645 2608 2708 Hutten
2658 2643 2847 2706 disse

309 2749 508 2814 haver
553 2751 788 2816 inteso
836 2754 929 2815 da
977 2752 1233 2836 grandi
1280 2753 1584 2835 principi
1616 2755 1748 2817 che
1783 2754 2045 2818 Caesar
2078 2753 2169 2816 de
2204 2755 2299 2816 tal
2346 2773 2513 2816 cosa
2543 2753 2847 2815 sarebbe

307 2865 474 2923 stato
533 2862 674 2924 ben
739 2870 1078 2925 contento
1125 2860 1196 2925 in
1264 2861 1591 2943 secretiS,
1639 2862 1919 2925 benche
1967 2862 2012 2925 l'
2069 2863 2387 2924 harebbe
2444 2861 2689 2923 voluto
2737 2858 2845 2922 far

308 2968 588 3045 qualche
638 2968 1198 3033 demonstration
1253 2971 1342 3032 de
1389 2971 1706 3033 haverne
1756 2968 2228 3051 displicentia.
2322 2968 2469 3029 Ista
2516 2987 2654 3049 ego
2702 2987 2843 3029 non

307 3073 501 3136 credo
551 3074 770 3137 fuisse
819 3095 1092 3158 casura,
1143 3096 1359 3139 ancor
1410 3078 1542 3139 che
1591 3077 1631 3139 l'
1667 3076 1901 3139 animo
1949 3076 2143 3138 fusse
2190 3074 2532 3157 pessimo:
2598 3094 2729 3155 pur
2778 3074 2843 3135 el

309 3180 650 3245 confessor
717 3192 792 3245 et
836 3182 1271 3247 Armestorff
1327 3184 1369 3247 l'
1404 3184 1640 3247 hanno
1702 3183 2015 3247 refferito
2078 3205 2121 3245 a
2169 3182 2432 3247 Caesar
2482 3190 2553 3244 et
2600 3202 2643 3243 a
2690 3180 2843 3243 noi:

307 3285 408 3365 pin
468 3290 650 3351 oltra
699 3288 956 3351 dicono
1007 3292 1140 3352 che
1189 3290 1460 3354 Hutten
1512 3292 1847 3373 allegava
1894 3311 2023 3373 per
2070 3312 2197 3353 sua
2246 3288 2707 3353 excusatione
2758 3288 2846 3351 de

307 3395 520 3471 quello
569 3397 700 3459 che
749 3405 1002 3459 contra
1049 3396 1156 3459 ius
1203 3397 1524 3479 gentium
1573 3398 1668 3460 lui
1717 3401 1948 3462 havea
1998 3382 2241 3461 scritto
2288 3396 2359 3459 di
2408 3394 2845 3475 ammazarci,

307 3499 420 3561 che
481 3501 576 3565 lui
641 3505 712 3564 lo
775 3502 983 3565 facea
1041 3524 1172 3585 per
1233 3504 1344 3567 far
1393 3524 1562 3567 cosa
1611 3507 1849 3587 degna
1899 3508 1987 3568 de
2038 3527 2113 3569 se
2164 3514 2236 3569 et
2280 3504 2467 3568 iusta
2516 3514 2589 3568 et
2634 3512 2845 3587 grata

308 3624 343 3665 a
383 3606 670 3682 Ces-are:
735 3610 998 3691 perche
1060 3609 1156 3673 lui
1206 3632 1426 3694 sapea
1482 3614 1668 3676 bene
1716 3615 1848 3676 che
1898 3611 2017 3675 noi
2063 3615 2462 3675 andavamo
2512 3612 2601 3673 de
2647 3620 2843 3673 notte

305 3714 763 3779 subvertendo
825 3716 876 3779 li
942 3716 1157 3781 animi
1219 3719 1329 3781 de’
1394 3718 1698 3800 principi
1748 3731 1824 3781 ut
1872 3719 2263 3783 deficerent
2308 3740 2352 3783 a
2400 3719 2742 3791 Caesare;
2793 3718 2838 3780 il

306 3818 420 3881 che
463 3831 716 3903 questo
765 3824 1044 3888 ribaldo
1093 3828 1186 3888 ha
1231 3825 1431 3889 sento
1480 3846 1606 3907 per
1639 3846 1768 3889 sua
1817 3827 2302 3909 excusatione,
2352 3847 2593 3907 ovem,
2642 3846 2839 3887 come

305 3924 336 3985 ἐ·
378 3926 636 4009 legieri‚
689 3932 783 3993 ha
833 3933 1128 3995 creduto
1177 3934 1583 3997 facilmente
1632 3955 1675 3998 a
1723 3936 1939 4017 quelli
1988 3935 2121 3997 che
2170 3954 2473 3997 cercano
2524 3935 2592 3995 la
2640 3932 2841 3995 ruina

305 4030 380 4093 de
423 4034 489 4096 la
534 4036 809 4101 Chiesa.
905 4036 986 4101 In
1050 4040 1289 4121 quello
1349 4042 1642 4103 castello
1709 4042 1774 4104 el
1839 4042 2207 4105 confessor
2268 4043 2473 4104 trovo
2542 4040 2609 4102 el
2660 4038 2839 4102 frate

305 4134 583 4205 Martino
631 4145 891 4207 Putzer
939 4146 1208 4209 ordinis
1253 4146 1805 4228 predicatorum,
1855 4150 1971 4212 del
2018 4152 2227 4231 quale
2276 4149 2368 4211 ho
2418 4148 2663 4211 scritto
2710 4166 2839 4229 per

305 4244 420 4308 mie
477 4251 654 4314 altre
719 4260 791 4313 et
836 4250 912 4313 fa
968 4251 1064 4314 lui
1125 4254 1278 4316 solo
1327 4254 1596 4337 peggio
1647 4257 1780 4319 che
1830 4256 1877 4318 li
1926 4256 2088 4319 altri
2135 4255 2398 4337 perche
2448 4255 2716 4318 Hutten
2766 4253 2834 4317 in

306 4354 574 4417 materia
633 4356 802 4420 fidei
867 4359 1080 4422 tertio
1143 4363 1366 4423 verbo
1427 4361 1560 4424 fuit
1623 4362 1856 4425 victus
1923 4385 1966 4426 a
2021 4364 2431 4426 confessore
2495 4371 2566 4425 et
2628 4382 2838 4444 parse

306 4458 442 4523 chel
487 4482 562 4527 se
592 4464 869 4529 facesse
917 4466 1177 4530 humile
1227 4487 1429 4531 como
1471 4488 1566 4531 un
1613 4470 1925 4551 agne110,
1974 4472 2249 4535 benche
2284 4472 2350 4533 el
2381 4470 2659 4533 ribaldo
2708 4491 2836 4554 per

307 4584 518 4633 essere
561 4570 1210 4655 inconstantissimo
1277 4575 1512 4638 subito
1562 4596 1639 4639 se
1688 4586 1914 4652 muta3
1982 4598 2095 4640 ma
2162 4580 2227 4641 el
2275 4578 2462 4641 frate
2508 4587 2835 4659 apostata

307 4670 560 4755 disputo
610 4680 700 4741 de
730 4678 800 4742 16
847 4681 1022 4744 hore
1053 4681 1155 4744 sei
1188 4682 1260 4745 in
1294 4682 1502 4745 favor
1549 4683 1622 4746 di
1651 4682 1985 4765 Martin0‚
2034 4694 2238 4766 parte
2286 4706 2415 4767 per
2462 4685 2833 4748 defension

306 4778 380 4840 de
423 4782 486 4845 10
532 4784 664 4849 che
719 4784 814 4849 ha
872 4787 1119 4853 scritto
1167 4788 1424 4870 partim
1492 4811 1619 4872 per
1671 4791 1799 4853 dar
1848 4810 2057 4853 senso
2107 4792 2490 4874 catholi00‚
2558 4802 2629 4856 et
2676 4793 2834 4855 dice

307 4902 474 4953 esser
527 4900 710 4955 stato
772 4912 928 4957 cum
976 4895 1290 4959 Luthero
1358 4897 1601 4960 dedita
1664 4916 1886 4981 opera
1932 4920 2061 4984 per
2108 4900 2298 4965 farse
2348 4900 2717 4965 dechiarar
2766 4902 2835 4965 la
