3575 5775
1640 540 2134 603 &nacae-0

607 693 806 779 genti
856 696 986 757 che
1033 692 1401 777 potessino
1422 742 1442 775 ,
1504 700 1577 757 et
1623 692 1859 775 questi
1904 710 2035 775 per
2083 692 2153 755 la
2200 688 2477 773 magior
2521 696 2728 773 parte
2794 688 3023 753 sendo
3069 688 3171 771 pi·

608 800 892 881 cardici,
940 800 1206 885 perche
1265 810 1372 864 tre
1421 800 1554 863 soli
1601 819 1691 862 ve
1737 799 1806 862 n'
1842 819 2059 865 erano
2109 798 2281 863 boni
2328 796 2952 879 cristiani,-hanno
3002 797 3173 859 dato

605 918 925 990 sospetto
986 928 1030 970 a
1099 917 1284 971 tutto
1333 906 1377 969 ’1
1453 906 1823 988 conseglio
1895 918 1968 969 et
2032 907 2154 968 alli
2222 905 2422 986 altri,
2496 907 2585 967 de
2656 904 2973 968 maniera
3038 904 3175 965 che

608 1025 858 1097 questa
905 1014 1130 1097 prima
1182 1014 1506 1097 praticha
1555 1015 1591 1077 ὲ
1639 1014 2017 1077 interrotta
2064 1034 2200 1077 con
2236 1016 2450 1078 molte
2476 1014 2792 1095 querelle
2842 1012 2959 1075 del
3007 1030 3173 1074 con-

606 1122 814 1205 siglio
865 1124 977 1186 col
1023 1142 1124 1203 re,
1171 1122 1224 1184 il
1271 1123 1437 1203 qual
1485 1142 1562 1184 se
1613 1142 1881 1184 excusa
1934 1123 2068 1185 che
2126 1124 2281 1185 solo
2350 1122 2420 1184 10
2485 1122 2719 1183 havea
2754 1118 2969 1203 ‘fatto
3038 1138 3177 1199 per

601 1230 830 1294 honor
875 1247 1003 1291 suo
1053 1230 1185 1291 che
1233 1249 1378 1292 non
1425 1250 1556 1312 per
1604 1231 1784 1293 altro
1838 1230 2089 1310 dubio,
2140 1238 2210 1291 et
2255 1228 2663 1291 finalmente
2709 1228 2949 1289 hanno
2999 1224 3175 1288 riso·

603 1337 750 1399 luto
801 1337 934 1399 che
981 1338 1136 1399 solo
1185 1336 1288 1399 sei
1335 1338 1426 1399 de
1475 1335 1692 1418 quelli
1740 1336 2075 1399 chiamati
2125 1334 2507 1419 venghinO.
2617 1334 2767 1398 Con
2832 1334 2901 1396 el
2970 1333 3175 1394 detto

603 1452 888 1507 oratore
937 1442 1030 1505 ad
1090 1444 1387 1525 longum
1455 1444 1548 1506 ho
1621 1452 1915 1507 trattato
1986 1454 2241 1526 questa
2301 1444 2603 1506 materia
2666 1451 2738 1505 et
2810 1439 3056 1503 scritto
3135 1459 3177 1501 a

603 1548 1098 1633 Strigoniense
1149 1561 1221 1613 et
1268 1553 1336 1613 al
1381 1570 1459 1613 re
1507 1550 1580 1613 in
1629 1551 2009 1614 credencia
2057 1553 2170 1614 del
2203 1549 2485 1633 prefato
2521 1551 2652 1614 che
2686 1558 2940 1631 questa
2976 1550 3178 1609 bona

603 1677 828 1741 opera
875 1678 1018 1721 non
1067 1678 1145 1720 se
1191 1657 1601 1722 intermetta
1666 1668 1737 1721 et
1794 1658 1854 1721 si
1910 1656 2053 1721 levi
2098 1660 2169 1721 la
2216 1658 2520 1741 cagione
2566 1658 2684 1721 del
2732 1655 3173 1719 disturbarla

605 1773 677 1827 et
723 1767 868 1827 cosi
917 1763 1198 1827 saccino
1248 1766 1378 1827 che
1428 1766 1499 1827 la
1546 1764 1741 1847 passi
1788 1764 2109 1839 innanzi;
2176 1785 2319 1829 non
2400 1785 2479 1828 so
2549 1765 2788 1847 quello
2859 1760 3175 1844 sequira.

604 1872 840 1933 Penso
909 1879 1097 1934 sotto
1159 1873 1400 1936 colore
1463 1873 1552 1935 de
1613 1872 1905 1935 visitare
1972 1874 2039 1935 el
2086 1873 2207 1937 Re
2254 1882 2325 1936 et
2372 1875 2442 1936 la
2488 1872 2781 1954 Regina
2828 1871 3176 1933 mandare

601 1976 710 2041 sin
757 1977 825 2041 10
873 1980 941 2041 01
987 1977 1126 2041 mio
1176 1979 1582 2059 secretari0‚
1633 1978 1831 2043 accio
1882 1981 2013 2043 che
2062 1979 2167 2043 sia
2214 1981 2326 2043 001
2374 1981 2660 2043 Barone
2708 1986 2782 2042 et
2829 1997 2963 2041 con
2994 1973 3174 2039 Stri-

600 2085 946 2166 goniense
994 2096 1064 2148 et
1097 2088 1284 2150 bene
1330 2085 1622 2149 intenda
1671 2096 1923 2169 questo
1972 2088 2353 2171 maneggio
2404 2095 2474 2150 et
2513 2085 2678 2168 quid
2710 2085 3173 2168 sperandum.

602 2192 704 2255 Le
753 2212 917 2256 cose
967 2193 1038 2255 di
1086 2196 1254 2276 quel
1299 2213 1525 2275 regno
1575 2204 1831 2257 stanno
1881 2201 2079 2257 tanto
2128 2196 2313 2257 male
2371 2202 2635 2275 quanto
2686 2192 2796 2256 dir
2843 2192 2902 2255 si
2948 2211 3177 2275 possa

606 2307 680 2362 et
725 2298 870 2363 Dio
921 2302 989 2363 10
1041 2300 1240 2363 aiuti.
1286 2300 1565 2364 Messer
1625 2303 1744 2363 dal
1789 2300 2037 2383 Borgo
2085 2301 2162 2364 fu
2222 2303 2340 2364 dal
2406 2300 2743 2382 Principe
2812 2296 3175 2362 chiamato

603 2426 735 2489 per
782 2408 1149 2470 mandarlo
1198 2429 1240 2469 0
1288 2417 1542 2489 questa
1588 2408 1783 2471 dieta
1848 2409 1919 2471 di
1968 2409 2175 2471 Buda
2224 2418 2295 2471 et
2342 2413 2487 2471 cosi
2558 2407 2705 2489 egli
2771 2406 2829 2468 si
2878 2426 3003 2469 era
3047 2424 3169 2467 ve-

601 2522 773 2577 nuto
823 2534 955 2577 con
1005 2515 1238 2577 animo
1289 2516 1360 2577 di
1409 2515 1733 2590 andarci;
1807 2517 1984 2579 hora
2045 2536 2187 2579 non
2244 2515 2315 2577 vi
2363 2536 2455 2577 va
2502 2513 2623 2597 piu
2672 2524 2745 2576 et
2788 2511 3018 2595 parmi
3068 2510 3173 2574 in·

597 2620 896 2684 tendere
970 2623 1102 2684 che
1169 2622 1496 2705 Hungari
1562 2642 1704 2685 non
1779 2624 2155 2705 vogliono,
2227 2624 2418 2704 quod
2490 2630 2599 2684 est
2668 2618 2951 2701 signum
3018 2638 3173 2681 non

597 2729 810 2790 valde
857 2730 1138 2795 bonum.
1233 2729 1371 2792 Dio
1420 2731 1489 2792 10
1538 2730 1726 2795 aiuti.

776 2861 859 2924 El
908 2874 1098 2925 sermo
1148 2864 1219 2926 di
1266 2864 1567 2927 Polonia
1622 2865 1882 2927 manda
1942 2884 2036 2926 un
2109 2884 2234 2927 suo
2306 2882 2347 2926 0
2410 2862 2672 2926 Cesare
2743 2880 2873 2944 per
2944 2859 2995 2923 il
3057 2880 3169 2922 se·

597 2979 886 3050 questro
916 2969 1151 3034 fattoli
1173 2971 1290 3034 dal
1324 2971 1558 3034 vicero
1595 2973 1710 3034 del
1739 2971 1995 3034 ducato
2024 2972 2113 3034 de
2138 2969 2380 3044 Barri;
2420 2969 2508 3032 rni
2542 2969 2818 3048 scrisse,
2852 2969 3055 3030 come
3094 2969 3170 3029 10

596 3076 860 3139 νοᾱοτέι
909 3098 1038 3159 per
1086 3078 1154 3140 10
1203 3099 1330 3142 sua
1377 3077 1495 3160 qui
1544 3079 1891 3160 allegata3
1942 3087 2208 3160 quanto
2255 3075 2378 3160 piu
2426 3096 2642 3158 posso
2684 3074 3171 3138 raccomando

597 3185 666 3246 10
713 3204 928 3247 causa
974 3205 1101 3248 soa
1163 3206 1205 3246 0
1263 3184 1350 3248 N.
1408 3183 1479 3248 S.
1553 3185 1602 3247 il
1663 3186 1830 3267 qual
1892 3205 2023 3266 per
2092 3205 2220 3246 soa
2274 3183 2655 3266 prudentia
2718 3192 2789 3245 et
2852 3179 3172 3244 00ῐοτίῑο

595 3291 998 3353 facilmente
1067 3291 1367 3374 operarii
1440 3294 1572 3354 che
1646 3295 1717 3354 10
1785 3291 2064 3354 iusticia
2132 3289 2399 3354 habbia
2468 3311 2597 3353 suo
2673 3289 2963 3370 luogh0.
3084 3284 3171 3349 Si

595 3407 984 3479 expettano
1031 3418 1173 3479 qua
1221 3397 1484 3462 oratori
1537 3399 1655 3461 del
1709 3379 2110 3461 Moscovita
2158 3409 2229 3462 et
2278 3400 2344 3461 01
2389 3397 2675 3480 prefato
2738 3395 2809 3458 di
2855 3393 3171 3458 Polonia

595 3505 632 3567 ὲ
679 3503 750 3567 in
801 3505 1102 3587 qualche
1159 3506 1435 3588 gelosia
1500 3507 1632 3569 che
1679 3507 1962 3570 vadano
2013 3528 2055 3569 a
2104 3507 2367 3570 Cesare
2413 3527 2545 3588 per
2591 3516 2857 3568 tratare
2906 3513 3169 3566 contra

596 3610 683 3673 de
731 3611 858 3686 lui;
909 3633 984 3674 se
1032 3612 1241 3694 potro
1287 3611 1442 3676 fare
1490 3615 1793 3695 qualche
1839 3615 2026 3678 bene
2072 3615 2143 3676 10
2192 3614 2345 3677 faro
2392 3612 2788 3676 volentieri.

771 3753 1004 3836 Quelli
1053 3756 1122 3819 di
1173 3757 1412 3839 Praga
1458 3757 1748 3822 intendo
1800 3758 1931 3821 che
1978 3759 2217 3822 hanno
2268 3758 2569 3840 expulso
2618 3755 2767 3818 XV
2799 3753 3169 3818 sacerdoti

593 3863 965 3929 lutherani.
1062 3864 1140 3926 In
1189 3865 1522 3947 Augusta
1570 3869 1636 3929 el
1683 3865 2137 3948 predicatore
2186 3868 2319 3929 che
2368 3885 2492 3928 era
2534 3865 2607 3927 in
2640 3863 2787 3927 San
2818 3860 3168 3926 Mauritio

589 3970 708 4053 gia
757 3981 1071 4034 corrotto
1122 3971 1191 4034 di
1241 3973 1478 4054 quella
1525 3974 1806 4036 heresia
1852 3973 2087 4056 rediit,
2137 3985 2209 4036 et
2255 3983 2808 4055 perseveranter
2854 3990 2999 4033 non
3047 3989 3167 4033 os·

593 4088 790 4141 tante
838 4089 1087 4160 queste
1135 4080 1571 4143 turbolentie
1620 4081 1913 4164 predica
1959 4101 2091 4162 pro
2138 4080 2299 4144 fide.
2344 4085 2356 4097 ‘
2396 4080 2699 4143 Intendo
2729 4080 2801 4141 la
2832 4076 3167 4140 canoniz—

590 4185 869 4248 zatione
932 4186 1002 4247 di
1068 4183 1213 4249 San
1277 4187 1572 4250 Benone
1637 4207 1832 4250 esser
1898 4197 2086 4251 stata
2148 4187 2515 4270 publicata
2590 4185 2840 4249 maiori
2905 4184 3173 4266 populi

591 4312 938 4355 concursu
989 4302 1060 4356 et
1109 4293 1529 4375 devotione,
1596 4314 1738 4356 non
1812 4297 2143 4358 obstante
2216 4295 2346 4357 che
2419 4295 2512 4357 da
2587 4291 2973 4356 Lutherani
3050 4291 3173 4355 sia

589 4408 774 4462 stato
823 4420 1054 4462 messo
1105 4402 1322 4464 molto
1373 4400 1606 4465 studio
1653 4401 1724 4464 in
1773 4402 2148 4469 contrario,

769 4523 906 4604 Qui
971 4525 1424 4588 continuamo
1489 4547 1534 4589 a
1593 4528 1987 4610 procedere
2068 4536 2315 4590 contro
2390 4525 2621 4607 questi
2700 4521 3013 4608 apostati
3088 4537 3171 4587 et

587 4630 886 4694 heretici
935 4641 1006 4693 et
1064 4641 1314 4713 questo
1376 4633 1828 4696 serenissimo
1891 4633 2215 4718 principe
2279 4633 2379 4715 gli
2451 4635 2486 4697 ὲ
2548 4633 2767 4696 molto
2833 4631 3169 4714 ardente,

589 4747 660 4802 et
706 4757 918 4820 spero
966 4737 1239 4802 faremo
1287 4743 1490 4806 bene.
1588 4741 1843 4822 Quella
1908 4741 2329 4804 executione
2391 4740 2575 4804 satta
2618 4740 2691 4804 in
2740 4740 2979 4822 quella
3024 4759 3171 4804 sua

586 4854 779 4910 terra
824 4845 896 4909 in
945 4846 1226 4911 Alsatia
1271 4849 1365 4911 ha
1410 4849 1629 4911 molto
1678 4857 2103 4932 spaventato
2155 4848 2387 4931 questi
2432 4847 2713 4914 ribaldi.
