3575 5775
1404 606 1827 661 0-<z33ew

343 761 532 813 terno
583 749 843 813 affectu
891 751 960 812 in
989 752 1292 813 Domino
1342 754 1726 831 hortantes,
1779 763 1855 815 ut
1904 754 2643 816 christianissimorum
2692 774 2891 835 prae-

343 858 779 921 decessorum
817 878 1100 920 suorum
1135 859 1486 939 virtutem,
1537 881 1746 941 quam
1782 881 2063 941 semper
2110 860 2381 933 imitata
2432 872 2558 938 est,
2606 862 2892 925 nuncin

343 968 466 1026 hoc
533 985 752 1046 opere
817 965 1122 1028 maxime
1171 965 1574 1030 Christiano
1622 978 2193 1048 repraesentanS,
2242 967 2553 1049 fideique
2604 988 2775 1030 suae
2826 978 2895 1029 et

339 1072 656 1151 promissi
706 1092 990 1151 memor,
1032 1072 1324 1152 rejicere
1365 1094 1408 1135 a
1437 1095 1592 1136 sese
1645 1085 1715 1137 e‘t
1758 1095 1801 1136 a
1830 1095 1959 1137 sua
2006 1075 2239 1153 gratia
2287 1074 2449 1153 (nisi
2497 1075 2893 1156 resipiscat,

331 1189 404 1267 et
449 1180 540 1241 ad
576 1199 698 1241 cor
744 1162 992 1241 redeat
1032 1179 1474 1261 humilitatis)
1527 1200 1823 1261 pravum
1872 1182 2247 1259 hominem,
2304 1193 2372 1244 et
2422 1182 2894 1263 perniciosum

337 1290 718 1349 membrum
767 1306 905 1347 non
947 1286 1090 1367 jam
1137 1284 1396 1349 Christi
1459 1289 1585 1349 sed
1636 1286 1998 1351 Sathanae
2064 1307 2205 1350 non
2270 1298 2686 1369 postponat,
2756 1288 2893 1350 dic-

335 1406 578 1474 tasque
627 1403 907 1455 nostras
955 1392 1228 1455 litteras
1275 1394 1738 1475 promulgari,
1789 1404 1861 1456 et
1910 1394 2146 1456 omnia
2190 1395 2261 1457 in
2312 1396 2414 1457 eis
2450 1395 2896 1477 praescripta

334 1500 577 1561 ordine
644 1500 886 1561 debito
953 1498 1235 1580 perfici,
1303 1510 1378 1562 ut
1439 1502 1676 1563 oriens
1741 1502 1878 1562 hoc
1946 1500 2349 1563 incendium
2414 1500 2891 1583 extinguatur,

333 1608 634 1670 adiuvet.
699 1606 898 1668 Haec
936 1607 1120 1669 enim
1169 1606 1290 1669 illa
1339 1618 1446 1669 est
1493 1607 1796 1670 hominis
1844 1610 2047 1688 hujus
2096 1617 2167 1671 et
2216 1609 2529 1688 ejusdem
2579 1628 2893 1670 errorum

331 1736 452 1795 per
501 1712 760 1777 Sedem
811 1714 1302 1796 Apostolicam
1351 1715 1422 1775 in
1463 1714 1835 1777 Catholico
1884 1715 2470 1795 peritissimorum
2516 1726 2894 1792 conventu,

332 1822 598 1903 Spiritu
631 1821 898 1883 Sancto
933 1832 1324 1901 praeeunte
1355 1821 1473 1901 qui
1523 1822 1590 1883 in
1642 1822 2043 1885 huiusmodi
2092 1822 2323 1885 causis
2370 1822 2533 1884 huic
2586 1822 2894 1885 Sanctae

331 1927 496 1991 Sedi
549 1949 906 2010 nunquam
954 1928 1214 2009 abfuit,
1263 1928 1454 1991 facta
1504 1929 1937 2010 reprobatiO,
1988 1949 2196 2009 quam
2247 1939 2317 1992 te
2368 1939 2755 2010 expectare
2798 1929 2895 1991 di-

329 2035 536 2107 xisti:
589 2056 772 2115 quae
821 2045 1060 2097 tamen
1111 2046 1490 2116 antequam
1539 2035 1776 2115 fieret,
1825 2035 2115 2117 potuisti
2167 2056 2299 2117 pro
2349 2045 2469 2098 tua
2518 2036 2897 2117 prudentia

326 2144 892 2205 animadvertere
954 2162 1135 2222 quae
1196 2153 1384 2205 esset
1433 2141 1719 2205 Martini
1769 2142 2061 2204 Lutheri
2111 2161 2341 2222 menS,
2410 2162 2621 2223 quam
2682 2142 2898 2223 impia

327 2250 696 2332 cogitatio:
773 2248 890 2330 qui
941 2250 1241 2329 primum
1289 2251 1454 2311 dum
1504 2252 1876 2311 damnatas
1923 2248 2185 2311 iamdiu
2234 2269 2363 2329 per
2420 2249 2895 2312 universalem

329 2356 701 2421 ecclesiam
749 2356 1266 2434 Waldensium,
1318 2356 1861 2419 Hussitanorum
1918 2366 1987 2418 et
2038 2356 2510 2419 Bohemorum
2560 2358 2897 2419 haereses

325 2486 677 2528 renovare
724 2476 937 2545 atque
988 2463 1386 2526 instaurare
1436 2464 1699 2543 nititur,
1751 2485 1827 2527 se
1876 2464 2105 2546 ipsum
2154 2464 2465 2526 ostendit
2511 2464 2741 2545 qualis
2775 2464 2895 2537 sit;

327 2572 590 2635 deinde
631 2592 788 2633 cum
822 2571 1070 2633 'furcis
1106 2570 1560 2653 suffragatur,
1610 2592 1766 2633 cum
1813 2591 2082 2652 poenas
2133 2580 2203 2632 et
2252 2570 2601 2652 supplicia
2650 2573 2893 2633 haere·

326 2680 624 2742 ticorum
691 2680 1050 2759 deplorat,
1114 2676 1326 2740 fidem
1389 2680 1828 2741 demonstrat
1876 2699 1952 2740 se
2003 2698 2265 2759 cupere
2316 2689 2388 2740 et
2434 2680 2527 2741 ab
2579 2678 2898 2741 externis

327 2794 396 2847 et
441 2789 538 2847 ab
589 2784 937 2849 intestinis
984 2784 1308 2847 hostibus
1359 2784 1815 2849 exterminari
1866 2784 2309 2848 catholicam.
2405 2786 2777 2848 Postremo
2826 2785 2896 2847 in

325 2905 462 2955 tam
519 2893 860 2958 effrenem
910 2894 1316 2974 superbiam
1369 2904 1477 2956 est
1525 2896 1752 2956 elatus
1802 2905 1877 2956 ut
1909 2915 2106 2956 suam
2146 2893 2349 2956 unius
2380 2894 2895 2971 auctoritatem,

326 3021 522 3063 suam
586 3000 1042 3079 sententiam,
1113 3020 1312 3062 suum
1377 3001 1444 3062 in
1514 3001 1885 3083 scripturis
1946 3001 2383 3063 intellectum
2446 3000 2771 3062 omnibus
2820 3020 2895 3060 se

327 3111 798 3170 antelaturum
847 3109 1216 3189 praedicet
1250 3119 1320 3171 et
1371 3109 1905 3171 universitatum
1960 3118 2030 3170 et
2078 3119 2479 3171 sanctorum
2531 3108 2899 3169 doctorum

327 3227 394 3276 et
456 3215 1074 3278 oecumenicorum
1135 3216 1594 3278 conciliorum
1652 3224 1722 3278 et
1772 3215 2257 3278 Romanorum
2310 3212 2732 3276 Pontificum
2781 3214 2895 3275 de-

327 3323 561 3401 cretis,
630 3333 880 3385 contra
940 3322 1456 3404 professionem
1512 3322 1927 3384 humilitatis
1986 3341 2192 3404 quam
2245 3321 2473 3384 emisit
2522 3333 2593 3383 et
2650 3332 2899 3384 contra

327 3429 476 3492 eius
525 3430 916 3493 beatissimi
963 3431 1098 3493 viri
1146 3429 1640 3492 auctoritatem
1693 3430 1891 3492 cuius
1934 3451 2189 3492 nornen
2228 3428 2564 3510 praefert,
2616 3427 2899 3491 maximi

327 3537 390 3598 in
445 3537 584 3600 Dei
633 3537 953 3600 Ecclesia
1003 3537 1314 3600 doctoris
1367 3537 1770 3617 Augustini.
1868 3536 2069 3617 Quae
2118 3557 2275 3598 cum
2324 3535 2576 3618 gravia
2622 3555 2751 3616 per
2800 3555 2898 3616 se,

326 3657 469 3706 tum
523 3664 694 3707 vero
746 3654 1120 3724 postquam
1169 3643 1373 3706 huius
1423 3654 1714 3706 sanctae
1765 3654 1836 3706 et
1884 3643 2321 3724 apostolicae
2371 3642 2561 3706 sedis
2600 3641 2900 3704 accessit

327 3751 737 3831 declaratio,
787 3763 980 3812 tuum
1024 3753 1166 3832 jam
1216 3761 1343 3826 est,
1396 3751 1672 3814 dilecte·
1700 3750 1822 3831 fili,
1873 3751 2132 3814 omissa
2176 3750 2534 3812 hominum
2569 3747 2899 3828 amicitia,

329 3879 480 3920 eam
547 3879 728 3939 quae
777 3859 913 3921 Dei
975 3869 1084 3921 est
1140 3859 1442 3922 caeteris
1490 3862 1704 3921 rebus
1751 3869 2233 3940 anteponere,
2301 3857 2645 3938 nobisque
2695 3875 2894 3936 prae-

325 3976 516 4028 stare
581 3964 792 4027 fidem
856 3976 927 4028 et
983 3966 1523 4048 promissionem
1587 3986 1797 4047 quam
1857 3967 1925 4026 in
1978 3965 2237 4046 pignus
2288 3975 2357 4028 et
2406 3964 2683 4044 signum
2734 3972 2897 4025 tuae

329 4071 970 4135 Christianissimae
1033 4074 1286 4139 mentis
1337 4073 1623 4147 dedisti;
1673 4083 1751 4134 ut
1800 4073 2118 4135 extincto
2168 4091 2491 4135 sermone
2540 4069 2900 4132 hominum

329 4179 446 4259 qui
513 4189 638 4240 tua
697 4178 957 4242 fiducia
1008 4183 1192 4243 hunc
1245 4201 1460 4262 saepe
1507 4180 1642 4242 iam
1696 4180 1959 4242 dictum
2009 4178 2399 4260 iniquitatis
2446 4177 2666 4240 filium
2716 4177 2897 4239 Mar-

331 4287 548 4348 tinum
601 4287 983 4348 liutherum
1050 4286 1288 4349 furere
1337 4286 1728 4364 affirmant,
1798 4297 1918 4348 tua
1968 4289 2329 4350 excellens
2380 4285 2601 4346 virtus
2648 4305 2732 4346 ac
2782 4304 2897 4346 no-

329 4393 569 4455 bilitas
617 4413 818 4455 suum
869 4393 1181 4455 debitum
1234 4394 1689 4474 splendorem
1737 4396 1929 4475 apud
1988 4393 2209 4454 Deum
2262 4391 2726 4473 hominesque
2780 4393 2896 4452 ob-

331 4498 574 4562 tineat.
669 4498 878 4580 Quod
930 4510 1004 4561 ut
1065 4500 1288 4563 facias
1319 4497 1475 4585 jnon
1527 4502 1752 4563 solum
1804 4501 2108 4581 petimus
2158 4508 2371 4580 atque
2422 4502 2898 4578 obsecramus,

331 4609 456 4668 sed
509 4607 576 4668 in
626 4607 905 4670 nomine
957 4607 1168 4670 etiam
1203 4608 1334 4670 Dei
1371 4607 1877 4690 omnipotentis
1912 4619 1981 4670 et
2012 4607 2080 4668 in
2117 4607 2380 4670 virtute
2411 4615 2701 4669 sanctae
2736 4608 2897 4668 obe-

335 4713 644 4776 dientiae
676 4714 1117 4795 requirimus,
1189 4716 1450 4778 Datum
1483 4716 1762 4778 Romae
1795 4715 1985 4795 apud
2022 4712 2092 4778 S.
2131 4714 2419 4775 Petrum
2457 4716 2586 4775 sub
2636 4713 2897 4774 annulo

337 4820 756 4900 piscatoris,
823 4823 936 4884 die
985 4823 1181 4885 VIII.
1232 4822 1399 4902 Julii
1447 4821 1752 4884 MDXX
1816 4823 2043 4882 Pont⁸.
2095 4821 2317 4884 nostri
2382 4841 2569 4883 anno
2619 4829 2896 4882 octaVO.

2508 5032 2570 5090 1*
