3575 5775
1731 549 2189 604 Orssssssspw

853 694 1160 756 Narrent
1210 693 1492 760 Domini
1541 693 1884 758 Oratores
1948 697 2139 760 omni
2200 717 2353 760 cum
2408 699 2839 762 dexteritate
2888 711 2961 762 et
3006 704 3234 764 mode-

675 803 810 866 stia
859 804 1098 884 (prout
1145 801 1672 883 prudentissimi
1722 801 1913 888 sunt)
1962 824 2040 868 se
2098 825 2255 867 esse
2312 805 2597 886 missos,
2664 828 2707 868 a
2772 805 3239 872 Serenissima

675 909 988 974 Cesarea
1034 918 1105 972 et
1137 908 1504 972 Catholica
1535 909 1915 974 Maiestate
1965 911 2059 974 ad
2088 911 2639 976 Illustrissimum
2680 914 2952 978 Ducem
3000 937 3235 998 supra-

675 1017 940 1078 dictum
989 1037 1129 1079 non
1177 1015 1474 1080 alicuius
1523 1016 1721 1080 rixae
1769 1017 2133 1080 fovendae
2180 1039 2417 1098 causa,
2484 1041 2669 1101 quae
2716 1021 2901 1084 inter
2947 1023 3241 1086 fratrem

671 1123 1054 1188 Martinum
1105 1125 1512 1203 Lutherum‚
1561 1132 1636 1187 et
1681 1124 1959 1206 aliquos
2006 1125 2188 1188 alios
2236 1127 2590 1190 Doctores
2638 1129 3051 1211 Theologos
3096 1141 3241 1194 tam

674 1231 838 1294 viva
883 1251 1084 1311 voce,
1130 1251 1344 1312 quam
1389 1230 1690 1311 scriptis·
1719 1231 1906 1294 inter
1954 1232 2457 1313 disputandum
2504 1244 2663 1298 orta
2708 1234 2826 1309 sit;
2876 1236 3005 1298 sed
3048 1256 3240 1298 mero

674 1337 1100 1420 Religioni5‚
1151 1337 1460 1420 pietatiS,
1507 1336 1695 1418 fidei,
1746 1346 1819 1400 et
1866 1339 2147 1402 unionis
2178 1339 2625 1406 Christianae
2674 1344 2845 1422 ze10‚
2896 1362 3080 1424 quae
3126 1365 3239 1406 ne·

675 1465 873 1508 cesse
937 1455 1044 1508 est
1111 1455 1186 1508 ut
1253 1444 1539 1510 omnino
1608 1447 1969 1512 dividatur
2029 1449 2087 1510 si
2150 1447 2419 1530 scripta
2474 1459 2546 1512 et
2592 1451 2955 1532 Dogmata
3000 1450 3243 1514 fratris

672 1551 962 1616 Martini
995 1551 1290 1616 Lutheri
1337 1553 1688 1618 haberent
1735 1557 1997 1620 locum:
2072 1554 2207 1618 Hic
2252 1557 2583 1620 laudetur
2624 1558 2813 1636 Dux,
2862 1579 2905 1621 a
2952 1558 3241 1640 pietate,

672 1659 1054 1742 religione,
1121 1659 1388 1742 optimo
1439 1662 1722 1726 nomine
1769 1671 1915 1726 tam
1962 1662 2223 1744 ipsius,
2279 1684 2489 1744 quam
2539 1665 2913 1746 majorum,
2964 1675 3035 1727 et
3084 1686 3241 1728 con·

673 1768 949 1830 cilietur
995 1767 1218 1848 ipsius
1279 1769 1548 1849 gratia,
1611 1771 1851 1850 quoad
1899 1769 2049 1834 eius
2095 1769 2251 1834 fieri
2296 1770 2554 1852 possit,
2619 1793 2709 1834 ne
2756 1793 2999 1835 ansam
3046 1793 3243 1836 recu-

674 1875 878 1938 sandi
927 1873 1353 1956 colloquium
1403 1885 1652 1940 sumat.

854 1979 1080 2046 Orent
1135 1991 1208 2045 et
1254 1984 1635 2048 obsecrent
1675 2004 1807 2065 per
1851 1983 2132 2048 viscera
2166 1983 2649 2048 misericordie
2682 1985 2967 2049 Domini
3004 1987 3241 2050 Nostri

673 2090 841 2168 Jesu
877 2089 1156 2170 Christi,
1207 2101 1459 2155 caveat
1489 2091 2015 2155 Illustrissimus
2046 2092 2215 2154 Dux
2262 2091 2333 2155 in
2382 2093 2515 2154 hac
2564 2113 2641 2155 re
2690 2093 2929 2174 aliquo
2962 2093 3243 2175 privato

675 2195 936 2260 affectu
986 2198 1287 2278 moveri,
1339 2209 1458 2260 aut
1507 2218 1760 2260 causas
1808 2199 2296 2280 conquerendi
2344 2200 2437 2262 de
2485 2199 2859 2280 abusibus,
2922 2220 3103 2281 quos
3152 2203 3242 2263 ab

673 2305 1192 2368 Ecclesiasticis
1225 2305 1526 2386 Romae,
1577 2308 1691 2369 vel
1723 2305 1938 2368 etiam
1984 2305 2057 2366 in
2088 2303 2476 2369 Germania
2521 2306 2675 2370 fieri
2710 2308 3047 2387 nonnulli,
3083 2312 3243 2390 plus

674 2433 902 2493 aequo
939 2412 1232 2476 Clericis
1265 2412 1544 2493 infensi,
1575 2413 1951 2494 graviores
1984 2413 2339 2476 interdum
2386 2412 2658 2476 faciunt
2704 2435 2916 2495 quam
2948 2435 3082 2496 par
3114 2427 3243 2495 est,

674 2539 830 2582 cum
865 2519 1345 2584 Sacramentis
1393 2519 1666 2600 ritibus,
1717 2520 2147 2598 cerimoniiS,
2198 2542 2243 2584 a
2290 2521 2673 2584 maioribus
2722 2521 2981 2584 nostris
3034 2522 3244 2586 nobis

675 2625 956 2690 traditis
1006 2637 1077 2690 et
1125 2626 1480 2690 Universa
1531 2627 1899 2691 Catholica
1946 2628 2087 2692 fide
2136 2629 2593 2692 commiscere
2642 2638 2713 2691 et
2775 2628 3241 2694 confundere:

675 2735 784 2796 Ne
830 2734 1018 2798 forte
1067 2735 1232 2798 dum
1279 2736 1580 2800 alterum
1631 2736 1891 2818 corrigi
1942 2745 2165 2817 optat,
2230 2745 2603 2818 utrumque
2652 2745 2954 2800 corruat.
3052 2736 3245 2800 Nihil

675 2842 860 2907 enim
925 2851 1032 2907 est
1105 2842 1308 2925 peius
1387 2853 1508 2907 aut
1579 2846 1672 2909 ab
1735 2841 2113 2909 Salvatore
2186 2843 2447 2907 Nostro
2512 2843 2740 2927 magis
2808 2843 3245 2926 prohibitum

674 2972 884 3033 quam
932 2952 1186 3017 seditio
1238 2961 1308 3015 et
1356 2952 1678 3015 schisma.
1750 2950 1959 3033 Quod
2010 2952 2067 3015 si
2102 2951 2489 3017 Pontifices
2536 2952 2887 3015 interdum
2919 2960 3245 3033 peccant,

673 3062 942 3123 habent
981 3060 1292 3141 judicem
1339 3078 1540 3123 suum
1587 3060 1659 3123 in
1709 3060 1951 3141 caelis,
2002 3059 2122 3141 qui
2172 3080 2297 3123 eos
2344 3059 2629 3122 iudicet.
2705 3058 2939 3140 Super
2988 3058 3243 3123 Cathe-

676 3168 876 3229 dram
923 3167 1146 3231 Mosis
1207 3169 1546 3230 sederunt
1605 3167 1885 3230 scribae
1934 3176 2005 3229 et
2052 3165 2395 3249 pharisei:
2462 3167 2651 3247 quod
2700 3167 2944 3229 dicunt
2992 3166 3243 3239 facite:

675 3276 1081 3353 secundum,
1138 3284 1374 3337 autem
1423 3294 1644 3355 opera
1693 3294 1939 3337 eorum
1989 3273 2207 3337 nolite
2254 3272 2516 3351 facere,
2566 3272 2738 3337 dicit
2786 3274 3247 3355 Redemptor

678 3391 952 3460 noster,
1020 3400 1162 3443 non
1217 3390 1456 3443 autem
1503 3381 1855 3463 praecipit
1901 3380 2289 3445 Pontifices
2336 3402 2479 3445 non
2528 3380 2924 3444 audiendos
2940 3429 2959 3462 ,
3029 3381 3245 3463 depo-

677 3489 971 3567 nendOS,
1021 3488 1513 3568 expellendOS,
1564 3488 2096 3553 interimendos

853 3594 932 3657 In
983 3593 1452 3674 dignitatibus
1499 3616 1711 3677 posse
1751 3606 1823 3657 et
1856 3599 2089 3659 solere
2124 3616 2427 3678 peccare
2459 3594 2798 3675 homines,
2850 3594 3245 3677 dignitates

675 3702 868 3785 ipsas
915 3701 1201 3764 illaesas
1251 3712 1322 3765 et
1369 3705 1818 3767 venerandas
1868 3724 2261 3769 remanere.

855 3808 1114 3873 Mirum
1161 3830 1340 3889 esse,
1402 3810 1542 3873 imo
1603 3814 1696 3875 ab
1753 3812 1945 3875 omni
1992 3812 2266 3875 ratione
2316 3810 2645 3891 alienum,
2678 3810 3063 3874 Pontifices
3096 3812 3245 3875 Ro-

677 3938 923 3981 manos
971 3919 1064 3979 ab
1115 3938 1254 3981 uno
1305 3917 1692 3983 fraterculo
1737 3919 2053 3983 Martino
2094 3919 2407 3981 Luthero
2456 3918 2754 3980 iudicari
2803 3928 2873 3981 et
2920 3912 3246 3982 condem·

677 4025 862 4087 nari:
913 4024 1038 4106 qui
1083 4045 1214 4087 nec
1265 4025 1532 4093 eisdem
1581 4024 2070 4106 Pontificibus,
2140 4046 2270 4087 nec
2320 4026 2443 4088 ulli
2492 4025 2855 4089 hominum
2901 4026 3249 4107 permittit

677 4132 784 4195 ius
833 4153 989 4195 esse
1037 4133 1344 4214 aliquem
1396 4134 1508 4195 vel
1557 4129 1919 4196 minimum
1964 4133 2509 4196 homoncionem
2556 4133 3079 4196 condenmandi
3122 4142 3245 4196 aut

677 4238 1064 4303 iudicandi:
1133 4240 1274 4303 imo
1322 4260 1454 4302 nec
1504 4238 1708 4303 unius
1757 4242 2081 4322 syllabae
2127 4241 2329 4322 leges
2376 4240 2752 4319 condendi,
2808 4254 2929 4302 aut
2976 4221 3249 4322 aliquid

679 4346 1202 4428 praecipiendi,
1270 4346 1402 4409 nisi
1463 4344 1522 4409 is
1588 4346 1702 4409 cui
1764 4346 2203 4427 praecipitur
2266 4355 2521 4427 sponte
2570 4366 2699 4410 sua
2745 4367 3000 4428 parere
3048 4348 3246 4412 velit.

677 4452 769 4515 Et
829 4452 930 4514 sic
991 4473 1270 4517 omnem
1331 4452 1843 4535 obedientiam,
1911 4460 2119 4516 omne
2181 4452 2603 4533 dominium,
2667 4474 2875 4517 omne
2922 4474 3249 4536 regnum,

679 4578 1101 4639 omnemque
1133 4570 1562 4640 potestatem
1597 4562 1803 4641 tollit,
1835 4582 1911 4623 re
1944 4560 2229 4642 quidem
2260 4560 2656 4642 manifesta,
2699 4562 2825 4623 sed
2859 4582 3249 4643 suppresso

679 4666 962 4729 nomine
1023 4666 1314 4747 Regum
1381 4677 1452 4731 et
1519 4668 1959 4750 Principum,
2026 4688 2117 4730 ne
2168 4668 2331 4731 dum
2396 4668 2677 4731 Clerum
2739 4667 3057 4731 funditus
3128 4670 3247 4731 de·

678 4784 953 4835 struere
1003 4775 1174 4852 vult,
1225 4774 1440 4837 etiam
1487 4775 1621 4838 sibi
1669 4776 2103 4857 temporales
2144 4774 2469 4837 dominos
2503 4794 2641 4837 uno
2676 4775 3072 4855 eodemque
3102 4773 3249 4837 ictu

679 4879 1000 4943 infensos
1067 4881 1341 4946 reddat.
1455 4881 1601 4949 Sed
1673 4881 1937 4947 nemini
2009 4882 2297 4945 dubium
2370 4892 2477 4945 est
2550 4883 2911 4945 destructa
2976 4882 3249 4963 pietate
