3575 5775
1498 621 1988 684 2-<134718m

454 771 625 838 dam
670 769 973 837 attinere
1022 771 1405 838 arbitratus
1451 773 1654 838 fuero
1702 775 1771 838 in
1836 775 1946 838 his
2009 773 2349 858 maxime,
2398 783 2476 838 ut
2517 773 3028 839 molestissimis

456 883 566 944 sic
611 881 1215 962 pernitiosissimis
1263 881 1685 945 rusticorum
1747 882 2248 964 seditionibuS,
2314 904 2489 965 quas
2547 902 2684 964 ego
2740 882 3030 965 pariter,

455 999 627 1072 post
700 989 1003 1071 patriam
1071 989 1439 1071 infectam,
1519 989 1589 1051 in
1664 990 2082 1072 episcopatu
2151 992 2296 1054 hoc
2361 1011 2525 1072 su0,
2609 1008 2872 1070 magna
2938 1009 3032 1052 ex

456 1105 667 1177 parte
714 1106 787 1158 et
832 1096 1081 1159 videre
1131 1106 1203 1157 et
1250 1095 1599 1160 sustinere
1647 1106 1938 1160 coactus
1985 1117 2159 1161 sum.
2233 1098 2474 1178 Atque
2531 1096 2798 1160 utinam
2864 1096 3034 1159 velit

457 1205 659 1266 Deus
708 1203 1179 1287 Omnipotens
1228 1206 1420 1286 quod
1466 1203 1581 1266 hic
1632 1203 1868 1267 omnia
1914 1204 2193 1286 possint
2237 1205 2354 1267 vel
2401 1203 2685 1286 pacari,
2745 1204 2863 1266 vel
2913 1224 3028 1266 ex-

459 1311 717 1393 tingui,
768 1331 957 1393 cura,
994 1310 1241 1374 studio
1293 1321 1363 1374 et
1410 1311 1793 1392 prudentia
1841 1309 2287 1374 Serenissimi
2335 1310 2722 1393 Principis,
2771 1310 2892 1393 qui
2939 1311 3033 1373 ad

461 1418 539 1480 id
590 1419 1093 1500 praestandum
1145 1417 1379 1480 omnia
1428 1417 1729 1500 cogitat,
1797 1427 2232 1500 conatusque
2303 1437 2468 1481 suos
2539 1438 2749 1500 quam
2795 1427 3035 1500 potest

460 1525 1009 1606 diligentissime
1070 1524 1453 1606 impendit,
1523 1527 1714 1606 quod
1778 1525 1835 1587 si
1900 1522 2048 1588 Sua
2113 1522 2481 1588 Serenitas
2543 1527 2759 1608 (quod
2820 1524 3034 1605 absit)

460 1653 615 1696 rem
664 1654 803 1696 non
853 1632 1275 1712 confecerit,
1339 1633 1466 1694 sed
1523 1632 1662 1714 ipsi
1730 1632 1930 1695 oneri
1993 1632 2474 1713 succubuerit,
2540 1643 2772 1695 actum
2818 1633 3034 1714 plane

464 1741 679 1803 video
729 1743 817 1803 de
866 1742 1081 1802 rebus
1128 1739 1236 1802 his
1283 1738 1721 1801 Tridentinis
1768 1738 2039 1822 pariter
2091 1749 2168 1802 ut
2200 1740 2290 1803 de
2320 1740 2630 1822 reliquiS,
2680 1748 2753 1802 et
2783 1739 3035 1802 eadem

462 1850 769 1928 posthac
833 1847 1020 1910 inter
1068 1847 1432 1929 proximas
1493 1845 1663 1908 mihi
1724 1846 2049 1910 nationes
2109 1848 2492 1910 metuenda
2540 1855 2765 1910 erunt.
2835 1845 3036 1927 Quae

465 1955 706 2018 omnia
756 1955 933 2017 velit
981 1953 1343 2018 Sanctitas
1390 1953 1654 2016 Vestra
1700 1974 1829 2016 sua
1875 1953 2288 2036 prudentia,
2355 1973 2483 2016 suo
2540 1953 2835 2017 consilio
2882 1973 3035 2035 per—

465 2063 809 2144 pendere,
858 2070 1073 2144 atque
1122 2061 1555 2143 prospicere,
1606 2071 1679 2123 et
1728 2067 1938 2142 quam
1985 2070 2224 2144 potest
2291 2060 2402 2124 his
2449 2063 2664 2124 rebus
2712 2061 3036 2142 extingu-

470 2168 679 2231 endis
726 2189 933 2250 opem
983 2168 1207 2249 ferre,
1257 2169 1447 2249 quod
1497 2187 1705 2232 nemo
1754 2169 2004 2231 melius
2069 2189 2282 2250 quam
2329 2167 2540 2231 armis
2588 2170 3039 2249 adsequetur,

464 2286 547 2339 ut
593 2276 779 2339 idem
830 2276 1179 2357 Princeps
1236 2273 1744 2338 Serenissimus
1790 2275 2034 2338 facere
2080 2275 2402 2356 instituit,
2451 2277 2509 2339 si
2555 2275 2874 2340 fautores
2920 2276 3036 2337 ha-

465 2383 726 2464 buerit,
762 2395 834 2445 et
863 2402 951 2446 eo
981 2383 1194 2446 modo
1226 2383 1597 2464 continget
1629 2383 1822 2463 quod
1861 2392 2104 2446 vestra
2135 2382 2520 2446 Beatitudo
2553 2385 2720 2445 dum
2748 2382 3040 2445 adiuvat

464 2488 704 2553 aliena
754 2489 890 2552 sibi
936 2489 1073 2572 ipsi
1122 2491 1481 2570 consulet,
1546 2498 1617 2552 et
1678 2510 1804 2551 sua
1853 2490 2165 2553 tuebitur
2212 2490 2326 2553 cui
2371 2511 2484 2553 me
2534 2500 2606 2554 et
2651 2489 3040 2553 Ecclesiam

468 2595 687 2660 Suam
737 2597 1226 2661 Tridentinam
1272 2617 1483 2678 quam
1532 2597 1839 2660 maxime
1887 2598 2326 2660 commendO.

649 2705 761 2767 Ex
807 2704 1060 2787 Rippa
1104 2705 1495 2787 penultimo
1542 2703 1717 2766 Maii
1762 2703 2163 2768 MDXXV.

2159 2833 2322 2879 Hum.
2362 2831 2616 2880 Creatura

1986 2923 2043 2969 B.
2087 2922 2238 2985 Eps.
2277 2920 2758 2973 Tridentinus,

1689 3464 1839 3530 218.

986 3578 1377 3681 Episcopus
1435 3579 1899 3661 Tridentinus
1956 3578 2302 3661 Clementi
2355 3580 2514 3663 VH.

1341 3726 1540 3801 (Epist.
1577 3729 1753 3802 prino.
1789 3730 1892 3788 111.
1930 3728 2023 3788 fol.
2061 3727 2191 3793 18¹7.)

1514 3854 1627 3924 (31.
1666 3859 1804 3908 Maii
1846 3856 2022 3925 1525.)

658 3998 1083 4063 Beatissime
1162 3999 1381 4063 Pater
1452 4011 1523 4062 et
1595 4000 1899 4064 Domine
1972 4000 2484 4063 Colendissime
2549 4008 2714 4080 post
2781 4000 3046 4081 pedum

480 4106 871 4168 Beatorum
917 4106 1162 4168 oscula
1209 4106 1641 4170 humilimam
1690 4107 2339 4188 comendationem,
2408 4115 2480 4171 et
2544 4107 3046 4229 obsequiorum

476 4211 984 4293 servitutisque
1034 4232 1190 4275 mee
1241 4213 1709 4278 oblacionem.

662 4319 947 4400 Quanto
995 4320 1227 4402 magis
1274 4320 1506 4383 animo
1554 4342 1767 4384 verso
1818 4321 2134 4385 debitum
2179 4321 2347 4385 fidei
2404 4330 2478 4386 et
2545 4322 3050 4386 observantiae

484 4446 640 4489 mee
692 4446 869 4508 erga
916 4425 1250 4490 Vestram
1312 4426 1840 4491 Beatitudinem
1907 4437 1979 4491 et
2043 4426 2304 4493 Sedem
2372 4428 2896 4512 Apostolicam,
2963 4449 3049 4492 eo

488 4533 717 4615 magis
764 4533 1085 4596 adducor
1121 4546 1198 4596 ut
1244 4534 1423 4597 nihil
1469 4536 1772 4599 debeam
1820 4535 2344 4618 pretermittere
2407 4537 2598 4617 quod
2645 4556 2688 4598 a
2735 4556 2846 4599 me
2913 4536 3051 4598 dici

482 4640 881 4721 prestarive
951 4641 1180 4722 possit
1243 4662 1379 4724 pro
1440 4639 1588 4705 Sua
1663 4663 1821 4705 cum
1882 4642 2379 4706 exhaltacione
2443 4655 2514 4705 et
2577 4645 2850 4705 honore
2903 4651 3051 4705 tum

486 4745 698 4809 etiam
744 4747 1139 4829 reipublice
1189 4750 1495 4812 comodo
1545 4759 1617 4812 et
1664 4762 2120 4830 augumento,
2168 4748 2386 4812 Novit
2415 4749 2759 4832 imprimis
2791 4750 3052 4813 Vestra

484 4852 871 4917 Beatitudo
940 4854 1163 4937 ipsius
1232 4854 1615 4920 Germanie
1676 4858 2016 4919 tumultus
2082 4865 2154 4919 et
2227 4856 2615 4920 seditiones
2681 4856 3054 4937 inauditas,

486 4981 765 5045 queque
816 4982 907 5024 ex
954 4962 1065 5025 his
1119 4972 1494 5027 manarunt
1540 4966 1786 5045 cedes,
1861 4964 2230 5045 incendia,
2302 4964 2898 5050 depopulationes
2946 4982 3052 5029 ec-
