3575 5775
1703 593 2008 650 0-<3414
2083 591 2200 646 ῦ-ο

850 740 1055 804 Circa
1103 743 1169 806 el
1217 740 1570 823 proceder
1630 741 1747 804 del
1795 738 2236 823 Regimento
2301 737 2372 802 in
2423 739 2720 823 Eslinga
2765 750 2838 804 et
2883 741 3002 806 del
3047 742 3233 806 Mar·

670 852 883 913 chese
953 849 1023 910 di
1071 849 1276 913 Bada
1336 847 1385 911 il
1448 845 1918 912 Serenissimo
1985 845 2317 928 Principe
2384 848 2480 909 ha
2543 847 2788 911 scritto
2857 847 2928 910 in
2993 851 3238 914 huone

671 955 917 1036 forma,
969 965 1042 1019 et
1087 960 1229 1018 cosi
1278 954 1372 1018 mi
1422 954 1655 1017 scrive
1705 956 1770 1016 el
1819 953 2076 1017 noncio
2127 954 2218 1016 de
2263 953 2616 1036 Inspruck
2665 964 2737 1018 et
2782 954 3122 1038 risponde
3171 958 3237 1020 el

672 1062 1005 1145 Principe
1054 1081 1255 1126 come
1301 1062 1372 1124 13
1419 1060 1689 1124 ν6ᾱ6τὲ,
1738 1081 1874 1143 per
1919 1061 1989 1124 la
2037 1081 2183 1124 soa.

850 1169 910 1231 Il
955 1168 1268 1232 Rorario
1316 1169 1410 1230 ha
1457 1169 1725 1230 havuto
1772 1168 1843 1232 le
1891 1168 2102 1231 lettre
2151 1168 2268 1231 del
2315 1167 2756 1233 Reverendo
2805 1169 3108 1233 Datario
3171 1180 3244 1234 et

672 1279 893 1340 breve
942 1275 1015 1337 di
1045 1274 1309 1338 Nostro
1341 1272 1673 1356 Signore,
1724 1295 1855 1356 per
1895 1276 1963 1338 el
1993 1275 2626 1339 Reverendissimo
2657 1274 3240 1358 Saltzburgense‚

672 1393 744 1447 et
791 1383 1197 1446 mandatolo
1247 1402 1377 1464 per
1427 1383 1667 1445 lhomo
1726 1401 1855 1444 suo
1921 1399 2270 1464 appresso
2318 1381 2368 1445 il
2415 1381 2773 1465 principe;
2839 1405 2952 1447 ma
3021 1385 3241 1447 credo

675 1511 815 1554 non
866 1488 1111 1552 venira
1182 1490 1407 1552 sendo
1470 1490 1537 1550 le
1606 1509 1773 1551 cose
1832 1488 1904 1552 in
1968 1487 2250 1552 termini
2307 1489 2440 1552 che
2503 1509 2697 1552 sono,
2809 1491 2954 1553 Tra
3023 1491 3242 1573 quelli

676 1596 992 1661 huomini
1042 1596 1226 1659 dotti
1272 1595 1434 1660 chio
1482 1595 1758 1676 scrissi,
1833 1615 1976 1659 non
2025 1596 2240 1659 credo
2302 1596 2434 1659 che
2496 1595 2560 1659 ci
2609 1596 2714 1659 sia
2777 1599 3028 1661 alcuno
3095 1607 3244 1660 atto

674 1724 805 1786 per
852 1706 923 1765 13
970 1713 1125 1765 rota
1174 1712 1246 1766 et
1314 1722 1541 1785 penso
1604 1702 1764 1765 sara
1830 1701 2120 1765 difficile
2189 1703 2570 1767 ritrovarlo
2641 1723 2772 1786 per
2832 1705 2900 1766 le
2961 1704 3241 1782 ragioni

680 1812 863 1874 altre
909 1811 1103 1872 volte
1152 1808 1451 1891 scripte;
1500 1829 1638 1891 pur
1683 1829 1775 1872 ne
1821 1809 1980 1872 faro
2028 1808 2421 1892 diligentia.

855 1916 1060 1980 Circa
1120 1915 1169 1979 li
1228 1924 1437 1980 cento
1500 1915 1823 1997 gravami
1887 1925 1960 1979 et
2020 1918 2091 1980 13
2167 1927 2339 1980 nota
2397 1917 2528 1980 che
2598 1915 2692 1980 mi
2753 1917 2848 1980 ha
2903 1919 3244 1981 mandato

675 2026 940 2089 Vostra
986 2021 1323 2106 Signoria
1367 2023 1459 2086 de
1508 2023 1740 2104 questi
1790 2023 2409 2087 Reverendissimi
2435 2021 2728 2106 Signori
2775 2024 3128 2108 deputati,
3175 2024 3244 2089 io

674 2132 998 2196 rimando
1028 2133 1227 2194 detta
1264 2140 1433 2194 nota
1467 2141 1543 2193 et
1573 2131 1813 2212 quello
1848 2131 1980 2192 che
2005 2129 2196 2192 circa
2221 2129 2334 2193 61ὸ
2358 2129 2453 2193 mi
2483 2149 2778 2194 occorre
2812 2130 2884 2194 in
2915 2131 3246 2214 risposta.

855 2238 970 2300 Ho
1018 2239 1285 2300 havuto
1334 2238 1553 2301 molto
1602 2248 1941 2300 contento
1970 2285 1986 2315 ,
2053 2238 2186 2299 che
2251 2257 2294 2299 a
2357 2233 2504 2299 Sua
2551 2235 2835 2301 Santita
2895 2239 3002 2301 sia
3049 2239 3247 2302 satis·

677 2346 859 2409 satta
906 2354 1157 2427 questa
1196 2354 1463 2408 venuta
1496 2342 1637 2406 mia
1666 2342 1736 2406 in
1764 2343 2142 2425 Hungaria
2173 2345 2362 2407 dove
2392 2345 2486 2407 mi
2521 2345 2824 2425 forzaro,
2873 2348 3246 2429 seguendo

675 2454 724 2516 li
771 2452 1089 2534 dissegni
1122 2451 1455 2530 concetti,
1504 2450 1620 2513 far
1651 2452 1819 2533 quel
1847 2450 2110 2531 meglio
2137 2450 2298 2513 chio
2328 2455 2539 2532 potro
2589 2461 2661 2514 et
2692 2453 2855 2515 chio
2888 2471 2968 2516 so
3005 2473 3246 2517 essere

678 2579 949 2624 summo
1000 2558 1357 2622 desiderio
1406 2557 1479 2620 di
1528 2555 1674 2622 Sua
1719 2558 2215 2637 Beatitudine,
2279 2567 2352 2621 et
2415 2568 2648 2638 certo,
2721 2559 2852 2623 che
2909 2561 3246 2624 andando

677 2677 929 2750 queste
977 2685 1143 2729 cose
1193 2665 1266 2726 di
1312 2665 1611 2728 Boemia
1658 2665 1779 2746 piu
1829 2665 2100 2747 lunghe
2149 2663 2310 2728 chio
2359 2685 2500 2728 non
2552 2668 2897 2747 credeVO,
2945 2689 3094 2731 non
3145 2689 3244 2731 sa-

679 2777 901 2838 rebbe
951 2783 1137 2836 stato
1184 2793 1318 2855 pro
1370 2772 1715 2853 dignitate
1766 2770 2234 2852 Apostolicae
2297 2767 2509 2835 Sedis
2567 2773 2726 2836 chio
2774 2774 2866 2838 mi
2916 2772 3098 2838 fussi
3144 2796 3244 2838 re-

680 2893 866 2946 stato
916 2891 1116 2946 tanto
1164 2890 1407 2963 tempo
1456 2878 1525 2943 in
1555 2879 1834 2941 Vienna
1883 2898 2095 2944 sanza
2142 2876 2325 2942 altra
2372 2879 2896 2963 negociatione,
2945 2882 3081 2946 che
3131 2881 3247 2965 qui

680 2992 749 3053 al
796 2990 1097 3053 mancho
1146 3009 1275 3051 son
1324 3008 1459 3069 pur
1506 2986 1790 3049 stimulo
1856 3007 1897 3047 a
1946 2996 2196 3067 queste
2243 3006 2411 3050 cose
2460 2987 2752 3051 insieme
2799 2990 2910 3051 col
2957 2989 3248 3053 Barone

682 3106 755 3161 et
801 3096 993 3159 forse
1039 3114 1172 3177 per
1218 3092 1676 3177 importunita
1723 3104 1972 3156 nostra
2020 3104 2092 3155 et
2138 3113 2516 3177 vergogna
2561 3096 2718 3158 loro
2765 3094 2826 3158 si
2865 3094 3020 3159 fara
3052 3098 3246 3179 qual·

680 3206 811 3268 che
859 3222 1029 3265 cosa
1072 3202 1197 3283 piu
1246 3199 1319 3264 di
1366 3202 1604 3283 quello
1654 3202 1786 3263 che
1835 3198 1896 3263 si
1943 3200 2132 3264 saria
2180 3200 2384 3265 fatto,

861 3310 1069 3373 Circa
1113 3309 1163 3371 li
1226 3306 1633 3370 andamenti
1683 3308 1772 3369 de
1823 3306 2028 3370 Italia
2075 3316 2272 3369 certo
2321 3309 2360 3369 ὲ
2407 3327 2588 3389 gran
2639 3308 3060 3389 maraviglia
3119 3312 3249 3373 che

682 3427 879 3481 tanto
950 3416 1180 3479 stiano
1242 3414 1311 3477 in
1384 3413 1665 3477 bilanzo
1728 3426 1979 3476 contra
2036 3415 2273 3496 quello
2339 3416 2472 3477 che
2547 3414 2606 3477 si
2670 3414 3097 3478 existimava
3159 3418 3248 3479 da

684 3544 1007 3606 ognuno;
1070 3521 1287 3585 credo
1337 3522 1467 3582 che
1530 3542 1575 3583 a
1646 3522 2032 3602 questhora
2091 3520 2161 3583 in
2233 3521 2433 3584 [talia
2497 3522 2604 3583 sia
2662 3524 2726 3584 el
2787 3532 2980 3585 resto
3045 3524 3140 3586 de
3203 3524 3250 3585 li

682 3629 887 3694 Dieci
934 3628 1099 3691 mila
1140 3627 1611 3707 Lanzchenet‚
1660 3646 1775 3691 ma
1822 3646 1968 3690 non
2016 3648 2096 3690 so
2146 3636 2411 3709 quanto
2460 3631 2894 3692 bastaranno
2951 3630 3042 3692 ad
3095 3629 3254 3692 unir

684 3741 751 3801 16
798 3736 993 3799 forze
1042 3735 1369 3814 Cesaree‚
1418 3734 1549 3797 che
1598 3734 1658 3796 si
1707 3743 2024 3798 mettano
2085 3734 2154 3797 in
2221 3752 2625 3816 compagna
2686 3746 2758 3798 et
2819 3755 3251 3799 soccorrano

686 3845 943 3918 Pavia;
992 3850 1067 3905 et
1115 3862 1255 3904 non
1304 3840 1360 3903 si
1410 3840 1751 3919 facendO,
1817 3852 1888 3903 et
1941 3842 2404 3923 procedendo
2469 3841 2808 3904 Francesi
2865 3862 2954 3905 ne
3002 3844 3074 3904 la
3123 3843 3250 3905 Im·

686 3972 899 4035 presa
948 3962 1018 4011 et
1066 3956 1318 4011 contra
1368 3946 1628 4031 Napoli
1690 3969 1832 4010 non
1897 3949 2083 4009 vedo
2147 3949 2314 4027 qual
2371 3947 2476 4009 sia
2524 3948 2575 4010 il
2623 3949 2955 4028 pensiero
3003 3948 3078 4011 di
3129 3948 3253 4013 Ce-

684 4080 881 4137 sare,
954 4078 1031 4119 se
1101 4055 1295 4119 forse
1366 4074 1507 4117 non
1571 4056 1852 4117 vedano
1925 4062 1998 4117 et
2061 4054 2451 4116 intendano
2521 4053 2571 4117 il
2619 4054 2738 4117 Re
2787 4075 2928 4117 non
2997 4066 3254 4137 potere

685 4166 1035 4229 sostenire
1060 4172 1261 4226 tanta
1286 4162 1597 4244 impresa
1624 4170 1697 4223 et
1730 4180 1961 4241 spesa.
2055 4159 2116 4221 Il
2163 4160 2296 4221 6116
2343 4160 2437 4222 da
2469 4164 2540 4224 la
2571 4174 2778 4243 parte
2826 4183 2954 4225 soa
2981 4166 3256 4227 anchor

688 4293 827 4336 non
877 4272 915 4335 ὲ
962 4270 1200 4350 facile,
1248 4282 1321 4331 et
1368 4270 1465 4331 tal
1516 4287 1681 4329 cosa
1728 4268 2084 4348 potrebbe
2132 4266 2244 4329 far
2290 4267 2549 4331 cadere
2581 4268 2650 4328 in
2685 4288 2847 4330 man
2879 4268 2953 4331 di
2987 4268 3254 4333 Nostro

690 4378 999 4461 Signore
1029 4377 1191 4459 quel
1242 4376 1373 4439 che
1420 4384 1931 4437 summamente
1981 4374 2125 4455 egli
2159 4374 2494 4436 desidera
2525 4372 2702 4451 cioe‚
2753 4376 2884 4437 che
2917 4378 3251 4441 ascoltes·

687 4486 841 4548 sino
888 4505 1019 4567 per
1065 4482 1417 4546 necessita
1470 4480 1518 4543 11
1552 4480 1707 4543 suoi
1752 4480 1938 4543 santi
1985 4477 2270 4559 ricordi,
2317 4479 2368 4542 li
2417 4479 2604 4560 quali
2637 4480 2712 4542 di
2742 4482 2986 4545 buono
3019 4484 3256 4547 animo

689 4592 797 4654 sin
849 4590 967 4672 qui
1014 4609 1158 4651 non
1205 4608 1337 4671 par
1386 4588 1519 4650 che
1566 4586 1827 4663 odano,
1876 4588 2007 4650 che
2057 4586 2198 4650 Dio
2246 4588 2318 4651 10
2365 4586 2629 4669 voglia.

864 4694 1117 4759 Sci-issi
1156 4696 1317 4757 nell’
1350 4694 1593 4757 ultime
1624 4692 1763 4757 mie
1799 4695 1936 4757 doe
1977 4696 2228 4775 parole
2269 4694 2362 4757 de
2407 4694 2477 4755 13
2515 4714 2686 4758 cosa
2729 4696 3256 4761 hildesemense

688 4816 761 4867 et
842 4801 1125 4865 mandai
1188 4821 1331 4864 uno
1396 4800 1682 4863 ricordo
1754 4800 1946 4863 circa
2007 4800 2058 4863 il
2117 4801 2331 4864 modo
2393 4801 2468 4863 di
2523 4821 2960 4884 componere
3021 4807 3257 4887 quella

688 4910 1091 4977 differentia
1138 4911 1403 4971 havuto
1453 4909 1572 4972 dal
1620 4907 1988 4990 preposito
2036 4907 2560 4972 hildesemense
2623 4911 2754 4973 che
2819 4910 2898 4973 fu
2961 4910 3080 4993 qui
3127 4932 3258 4994 per
