3575 5775
1400 588 1894 649 *43553850

374 736 697 801 dubitare
745 739 915 821 quin
964 736 1079 801 S¹¹⁸
1109 738 1198 804 D.
1246 738 1333 802 N.
1390 740 1581 802 bono
1644 749 1716 802 et
1783 740 2120 822 prudenti
2194 741 2489 805 consilio
2563 762 2732 806 usus
2799 742 2934 806 sibi

380 845 728 909 silentium
792 847 882 909 de
945 845 1240 909 Erasmo
1300 846 1808 929 imponendum
1867 848 2290 922 censuisset;
2367 852 2698 932 velleque
2759 850 2936 914 illud

376 960 667 1015 eatenus
713 972 1002 1016 servare
1052 962 1401 1034 quatenus
1450 951 1522 1016 S.
1573 952 1660 1016 D.
1712 952 1795 1017 N.
1847 956 2223 1018 mandasse
2271 958 2630 1031 crederet;
2697 958 2771 1020 id
2829 966 2939 1021 est

370 1069 447 1121 ut
506 1078 549 1122 a
614 1059 1111 1126 maledicentia
1169 1057 1238 1123 in
1302 1058 1668 1123 Erasmum
1726 1060 2141 1125 nominatim
2189 1053 2596 1126 exercenda
2643 1085 2936 1146 prorsus

372 1166 780 1248 abstineret,
830 1177 1043 1249 prout
1088 1166 1441 1231 facturum
1490 1188 1565 1231 se
1612 1188 1693 1231 se
1739 1168 1880 1234 iam
1927 1180 2094 1233 tunc
2139 1169 2499 1251 pollicitus
2540 1186 2668 1251 est,
2717 1173 2932 1253 plane

372 1272 795 1354 promittens
858 1294 933 1337 se
996 1274 1365 1337 Erasmum
1436 1275 1738 1356 amplius
1803 1275 2239 1339 haereticum
2286 1279 2653 1359 appellare
2723 1279 2934 1358 nolle,

368 1390 582 1459 prout
636 1380 834 1463 prius
882 1380 1261 1463 aliquoties
1321 1384 1437 1444 vel
1496 1381 1763 1444 dixisse
1829 1383 1947 1445 vel
2005 1385 2257 1447 saltem
2319 1383 2631 1471 innuisse
2694 1406 2770 1453 se
2817 1383 2934 1447 mi·

371 1487 559 1549 nime
605 1486 1086 1568 inficiebatur,
1161 1507 1301 1551 non
1353 1488 1637 1569 quidem
1684 1488 1849 1551 odio
1897 1508 2250 1571 personae
2299 1490 2390 1557 ad
2437 1476 2508 1567 id
2556 1492 2938 1563 adductum

372 1614 585 1674 quam
634 1614 773 1657 una
822 1614 980 1657 cum
1027 1595 1283 1658 litteris
1331 1614 1613 1677 semper
1659 1605 1996 1675 amasset,
2065 1598 2191 1660 sed
2241 1599 2392 1660 zelo
2440 1596 2606 1661 fidei
2655 1575 2766 1663 cui
2816 1619 2933 1666 ex-

370 1701 623 1781 pedire
672 1701 881 1764 immo
931 1702 1403 1765 necessarium
1457 1722 1613 1764 esse
1663 1702 2019 1783 duxisset,
2081 1700 2412 1767 fidelibus
2473 1706 2726 1789 quibus
2785 1726 2932 1774 ver-

370 1810 537 1870 bum
576 1808 713 1871 Dei
762 1829 853 1871 ex
904 1806 1139 1872 officio
1189 1810 1624 1872 annunciare
1673 1810 1948 1891 debuit,
1998 1810 2412 1892 patefacere
2462 1824 2532 1875 et
2579 1813 2937 1897 insinuare

371 1915 709 1996 quidnam
760 1915 850 1979 de
899 1912 1173 1978 Erasmi
1232 1914 1516 1998 scriptis
1584 1936 1721 1979 non
1788 1917 2036 2000 paucis
2099 1919 2506 2001 pernitiosis
2577 1920 2938 2008 erroribus

371 2022 642 2104 ubique
688 2022 1067 2104 respersiS‚
1144 2024 1409 2086 sentire
1459 2024 1841 2103 deberent,
1908 2045 1996 2087 ne
2069 2024 2403 2088 videlicet
2464 2027 2733 2109 pariter
2781 2047 2937 2109 cum

372 2129 658 2193 mellitis
717 2141 786 2193 et
854 2129 1121 2193 ornatis
1176 2130 1479 2193 hominis
1543 2130 1785 2193 verbis
1853 2150 2132 2195 venena
2202 2152 2528 2208 sensuum
2600 2135 2732 2224 sub
2800 2132 2940 2200 illis

375 2237 677 2300 latentia
745 2235 1171 2300 imbiberent
1242 2246 1313 2300 et
1380 2246 1455 2299 ut
1525 2237 1771 2299 videas
1845 2235 2122 2321 (inquit)
2189 2238 2543 2321 quomodo
2606 2238 2936 2313 Erasmus

377 2364 557 2425 erga
605 2344 899 2407 Lutheri
947 2342 1373 2407 diabolicum
1425 2354 1707 2425 ceptum
1760 2354 1833 2407 et
1878 2343 2270 2407 institutum
2335 2349 2426 2409 ab
2475 2346 2674 2413 initio
2722 2346 2937 2412 fuerit

373 2450 715 2531 affectuS,
774 2452 955 2514 scito
1002 2452 1196 2514 illum
1246 2450 1315 2514 in
1366 2452 1668 2532 quadam
1731 2451 2035 2532 epistola
2107 2452 2194 2515 ad
2259 2452 2684 2535 Lutherum,
2755 2473 2937 2540 quae

372 2559 614 2638 palam
664 2558 1193 2638 circumfertur,
1264 2558 1637 2640 scripsisse
1699 2559 1877 2620 haec
1940 2561 2199 2621 verba:
2249 2556 2449 2649 Haec
2513 2560 2746 2652 scribo
2796 2580 2938 2625 non

370 2674 445 2727 ut
490 2664 757 2746 faciaS,
832 2666 957 2727 sed
1029 2676 1106 2727 ut
1182 2668 1371 2747 quod
1442 2665 1649 2744 faciS,
1722 2674 2070 2747 perpetuo
2133 2666 2388 2739 facias;
2452 2658 2942 2761 ,quae'verba‚‚

372 2771 620 2834 nescio
668 2770 945 2853 (inquit)
997 2793 1136 2854 quo
1184 2772 1377 2837 facto
1426 2794 1468 2835 a
1519 2792 1871 2854 quoquam
1935 2774 2004 2835 in
2069 2775 2330 2835 bonam
2403 2784 2679 2859 partem
2727 2775 2934 2842 inter-

368 2878 641 2960 pretari
686 2889 1017 2962 possent,
1076 2892 1195 2943 aut
1259 2882 1615 2962 quomodo
1666 2900 1804 2960 ego
1854 2878 2282 2960 reprehendi
2329 2878 2397 2942 in
2450 2901 2535 2943 eo
2584 2883 2776 2962 quod
2823 2872 2960 2944 au·.

371 2985 645 3050 ditores
718 3007 913 3049 meos
982 2987 1317 3050 admonui
1401 3007 1490 3048 ne
1562 2985 1856 3050 Erasmo
1930 2987 2221 3067 eiusque
2288 2984 2574 3070 scriptis
2653 2988 2938 3058 nimium

366 3091 700 3157 fiderent.
800 3093 999 3157 Haec
1073 3106 1143 3158 et
1208 3094 1318 3157 his
1366 3093 1623 3156 similia
1670 3095 1890 3156 multa
1939 3092 2234 3156 adduxit
2282 3093 2371 3154 ad
2423 3096 2940 3158 ostendendum

370 3219 447 3262 se
494 3200 753 3262 merito
804 3209 876 3264 et
926 3221 1017 3265 ex
1064 3199 1328 3264 iudicio
1377 3200 1588 3263 immo
1653 3221 1744 3263 ex
1814 3200 2056 3262 debito
2120 3199 2192 3262 in
2243 3199 2608 3264 Erasmum
2671 3201 2936 3266 dixisse

369 3325 865 3388 quaecumque
915 3307 1235 3388 dixisset,
1285 3318 1355 3370 et
1404 3327 1646 3370 omnes
1694 3305 1897 3369 verbi
1930 3306 2065 3370 Dei
2092 3305 2632 3390 praedicatores
2681 3309 2934 3375 eadem

369 3413 617 3476 dicere
665 3416 1019 3496 debuisse,
1066 3418 1201 3478 hoc
1234 3413 1538 3478 maxime
1569 3422 1890 3496 tempore
1926 3434 2065 3496 quo
2095 3413 2416 3476 homines
2469 3401 2695 3498 magis
2717 3397 2720 3402 ¹
2744 3436 2932 3480 nova

370 3530 440 3581 et
472 3520 729 3584 insana
766 3523 1103 3603 dogmata
1149 3541 1359 3602 quam
1406 3541 1615 3585 veras
1666 3532 1735 3583 et
1784 3520 2172 3584 catholicas
2223 3521 2584 3585 doctrinas
2615 3502 2931 3606 prurien-

368 3627 565 3690 tibus
643 3628 933 3691 auribus
1005 3627 1441 3711 exciperent.
1552 3627 1710 3690 Hoc
1767 3639 2002 3690 tamen
2071 3626 2210 3688 fine
2278 3647 2676 3692 sermonem
2739 3648 2938 3694 suum

369 3734 742 3812 conclusit,
792 3745 867 3798 ut
916 3736 1197 3798 omnino
1267 3745 1567 3816 negaret
1642 3757 1719 3797 se
1786 3733 2162 3816 quicquam
2229 3734 2527 3816 amplius
2574 3736 2819 3803 acerbi
2865 3737 2936 3808 in

369 3839 741 3905 Erasmum
791 3843 1196 3906 nominatim
1249 3843 1632 3921 dicturum,
1697 3842 2077 3903 dummodo
2147 3851 2381 3904 tamen
2444 3841 2564 3906 ille
2624 3819 2960 3917 vicissim.

370 3948 768 4010 abstineret
829 3969 871 4010 a
934 3950 1313 4012 scribendo
1375 3946 1447 4012 in
1519 3947 1682 4012 fidei
1743 3957 2318 4030 propugnatores
2383 3969 2468 4011 ea
2528 3968 2710 4030 quae
2776 3949 2935 4014 illos

373 4058 567 4136 apud
630 4056 971 4139 populum
1037 4055 1607 4137 contemptibiles
1670 4065 1740 4116 et
1797 4055 2253 4135 auctoritate,
2311 4055 2571 4132 talibus
2631 4056 2933 4124 maxime

374 4163 806 4243 necessaria,
857 4173 1181 4227 carentes
1228 4163 1531 4226 reddere
1580 4173 1894 4243 possent.
1973 4160 2087 4224 Ad
2138 4162 2326 4242 quod
2375 4161 2568 4224 illum
2618 4161 2934 4227 similiter

367 4288 502 4349 per
552 4267 733 4332 Smum
780 4271 868 4332 D.
921 4269 1003 4333 N.
1065 4269 1362 4352 astringi
1412 4269 1896 4351 supplicabat;
1957 4289 2190 4350 neque
2263 4251 2468 4330 enim⁴
2509 4270 2652 4332 ullo
2718 4280 2931 4352 pacto

371 4375 634 4438 adduci
683 4375 915 4458 potuit
962 4387 1037 4438 ut
1088 4379 1413 4440 crederet
1462 4397 1618 4439 esse
1684 4376 1938 4438 mentis
1975 4369 2070 4436 S¹⁶
2112 4371 2302 4437 Suae
2341 4373 2634 4437 Erasmo
2669 4376 2934 4442 debere

370 4482 601 4545 libere
649 4483 963 4546 scribere
1014 4501 1501 4565 quaecumque
1564 4484 1779 4545 vellet
1845 4481 1916 4543 in
1964 4481 2497 4562 praedicatores
2546 4483 2934 4548 catholicos

372 4609 643 4671 eosque
691 4590 881 4653 mille
932 4591 1361 4672 contemptis
1428 4599 1497 4654 et
1546 4588 1858 4654 ridiculis
1913 4589 2280 4651 vocabulis
2328 4591 2738 4672 appellare:
2788 4610 2928 4654 non

368 4695 592 4760 licere
636 4708 874 4760 autem
916 4696 1056 4760 illis
1104 4717 1261 4760 sese
1299 4699 1643 4760 adversus
1691 4696 1878 4759 illius
1926 4697 2210 4777 scripta,
2259 4697 2477 4759 multo
2536 4696 2746 4759 latius
2807 4716 2926 4777 pa·

367 4804 596 4867 tentia
640 4805 879 4868 verbis
926 4825 1095 4868 mox
1143 4804 1753 4884 evanescentibuS,
1814 4812 1885 4866 et
1925 4823 2205 4886 semper
2253 4803 2635 4884 loquentia,
2686 4802 2926 4866 defen·

370 4913 565 4975 dere.
662 4912 987 4996 Denique
1034 4912 1105 4975 in
1156 4913 1458 4993 epistola
1506 4912 1847 4993 quadam,
1906 4931 2114 4993 quam
2187 4909 2374 4972 idem
2421 4907 2930 4992 Egmondanus
