3575 5775
1677 579 2171 640 &tane—0

1851 892 1995 957 138.

712 1007 1029 1087 Clemens
1096 1007 1243 1088 VII.
1301 1009 1386 1088 el.
1446 1003 1798 1108 Gurgensi
1853 1005 2045 1108 GonS,
2102 1006 2528 1087 Archiduois
2585 1006 2797 1107 (Hier.
2855 1007 3128 1104 Balbo.)

1286 1153 1473 1222 (Clam.
1514 1153 1635 1211 Vn.
1670 1153 1839 1226 Papa.
1877 1151 1939 1212 Ia.
1976 1153 2020 1212 1.
2058 1169 2141 1227 ep.
2180 1153 2261 1213 ⁷0.
2299 1153 2390 1214 fol.
2425 1153 2562 1226 182.)

1581 1271 1692 1339 (24.
1732 1273 2044 1322 Decembris
2091 1277 2260 1335 1523.)

818 1405 1040 1468 Dileti
1086 1405 1184 1468 fili
1234 1416 1365 1471 etc,
1462 1405 1693 1487 Quum
1742 1405 2258 1470 Germanorum
2308 1405 2718 1487 Principum
2777 1415 3212 1470 conventum

639 1511 1157 1595 Norimbergae
1220 1515 1627 1576 habendum
1706 1533 1864 1576 esse
1926 1534 2153 1594 nuper
2216 1511 2775 1592 accepissemus,
2834 1513 3214 1576 statuimus

639 1619 729 1682 de
776 1619 1173 1682 venerabili
1220 1619 1518 1682 fratrum
1586 1630 1986 1682 nostrorum
2051 1617 2362 1682 Sanctae
2409 1617 2788 1681 Romanae
2837 1619 3212 1684 Ecclesiae

638 1725 1116 1789 Cardinalium
1149 1727 1444 1789 consilio
1478 1726 1828 1790 Nuncium
1858 1725 2351 1809 Apostolicum
2378 1747 2463 1788 eo
2493 1725 2852 1789 destinare
2880 1747 2967 1789 ne
2995 1737 3210 1790 tanto

638 1854 721 1896 ac
779 1844 921 1896 tarn
990 1842 1241 1896 ornato
1308 1833 1729 1913 conventui,
1790 1833 1903 1896 his
1961 1831 2382 1914 praesertim
2451 1832 2674 1894 nostri
2737 1832 3214 1898 Pontificatus

636 1939 851 2003 initiis
900 1941 1325 2003 deessemus
1422 1940 1550 2004 Cui
1599 1950 1834 2004 tamen
1883 1939 2160 2002 Nuncio
2224 1959 2363 2001 non
2433 1948 2577 2001 tam
2640 1939 2896 2002 festine
2941 1961 3210 2022 prope-

636 2047 819 2110 ranti
851 2047 1127 2110 interim
1160 2039 1675 2130 Hieronymum
1707 2047 2090 2110 Rorarium
2133 2045 2554 2109 familiarem
2603 2055 2674 2108 et
2722 2045 3212 2111 Camerarium

637 2164 987 2234 nostrum,
1050 2154 1168 2236 qui
1215 2156 1345 2217 has
1394 2155 1678 2235 reddet,
1726 2174 2145 2238 precurrere
2193 2153 2557 2233 iussimuS‚
2608 2155 2796 2215 hunc
2845 2164 3082 2217 autem
3135 2167 3214 2218 et

636 2262 829 2324 illum
880 2261 1094 2325 alium
1143 2263 1681 2325 subsecuturum
1731 2262 1868 2324 tuis
1917 2263 2166 2324 ambos
2215 2259 2526 2322 consiliis
2576 2259 2788 2342 dirigi
2835 2271 2907 2324 et
2955 2261 3056 2323 tui
3105 2261 3210 2324 in-

637 2368 809 2450 clyti
858 2367 1284 2431 Archiducis
1319 2367 1566 2432 favore
1596 2368 1662 2432 in
1701 2369 2026 2430 omnibus
2056 2366 2204 2448 niti,
2251 2365 2326 2428 sz'
2363 2364 2539 2450 quid
2577 2365 2914 2431 incederit.
3011 2367 3208 2448 Quo-

636 2495 788 2538 rum
839 2475 1121 2556 quidem
1180 2476 1753 2538 benevolentiam
1823 2475 1893 2537 in
1961 2475 2139 2555 Nos,
2206 2483 2421 2555 atque
2492 2473 2560 2535 in
2631 2476 2814 2537 hanc
2881 2485 3212 2539 sanctam

634 2579 897 2644 Sedem
975 2582 1503 2644 observantiam
1569 2581 1807 2644 multis
1882 2581 1953 2644 in
2029 2584 2241 2644 rebus
2319 2583 2664 2644 habemus
2725 2592 3209 2662 perspectam,

632 2688 830 2752 illum
875 2688 1266 2770 facturum,
1316 2698 1389 2752 et
1434 2699 1506 2752 te
1556 2699 1960 2752 curaturum
2005 2709 2137 2771 pro
2185 2698 2427 2750 vestra
2475 2690 2988 2750 consuetudine
3057 2709 3207 2752 non

635 2794 1078 2878 ambigimus,
1172 2796 1322 2860 Nos
1369 2817 1541 2859 vero
1599 2806 1673 2859 tu
1722 2817 1856 2879 pro
1905 2795 2314 2878 ingentibus
2364 2795 2632 2859 meritis
2678 2795 2836 2876 tuis,
2886 2816 3029 2858 non
3078 2797 3206 2858 mi·

634 2925 763 2967 nus
809 2904 879 2967 in
931 2906 1252 2967 ornanda
1298 2913 1419 2967 tua
1465 2904 1765 2987 pietate,
1836 2924 2046 2985 quam
2095 2903 2448 2966 elicienda
2493 2912 2786 2987 paratos
2831 2904 3202 2977 invenies;

632 3012 1269 3093 quaemadmodum
1336 3014 1514 3075 haec
1561 3010 1886 3093 pluribus
1933 3010 2172 3074 verbis
2221 3010 2410 3073 dicet
2455 3010 2644 3073 idem
2695 3010 3204 3092 HieronymuS‚

634 3117 745 3181 cui
794 3139 1009 3201 super
1054 3118 1165 3183 his
1214 3118 1535 3202 cupimus
1582 3117 1795 3180 fidem
1843 3138 1886 3179 a
1933 3126 2004 3181 te
2054 3117 2398 3181 adhiberi.

699 3240 711 3249 '
808 3243 973 3306 Dat.
1025 3256 1157 3305 etc.
1212 3264 1291 3321 24
1340 3242 1761 3306 Decembris
1821 3262 1981 3321 1523
2035 3242 2250 3305 Anno
2298 3242 2549 3325 prim0.

1700 3466 1919 3478 vsa—§ww
1930 3466 2114 3477 =mm

1845 3741 1989 3805 139.

1214 3858 1533 3939 Clemens
1588 3858 1747 3939 VII.
1805 3856 2195 3937 Archiduoi
2247 3858 2602 3939 Austriae.

1268 4006 1455 4077 (mem.
1492 4006 1557 4062 V.
1594 4005 1769 4079 Epist.
1809 4006 1932 4063 Lib.
1971 4005 2016 4063 1.
2055 4020 2138 4078 ep.
2175 4004 2235 4063 'n
2269 4003 2360 4063 fol.
2396 4004 2536 4077 13³.)

1572 4128 1674 4190 (24.
1712 4125 2026 4174 Decembris
2071 4128 2238 4187 1523.)

806 4258 1085 4322 Dilecte
1144 4258 1243 4321 fili
1293 4268 1425 4323 etc.
1521 4258 1695 4321 Post
1744 4279 1868 4321 eas
1918 4258 2192 4321 litteras
2205 4306 2223 4338 ‚
2286 4278 2462 4340 quas
2525 4260 2616 4321 ad
2678 4268 2836 4322 tuas
2897 4280 3198 4341 respon·

630 4365 981 4444 deramuS‚
1015 4376 1348 4446 tuamque
1381 4366 1453 4427 in
1484 4386 1615 4427 nos
1662 4364 2002 4446 pietatem
2049 4367 2819 4446 commendaveramus,
2868 4365 3194 4431 auditum

627 4494 669 4534 a
719 4471 925 4534 nobis
976 4483 1114 4553 est,
1165 4493 1375 4554 quam
1424 4471 1729 4535 celebris
1778 4470 2294 4535 Germanorum
2325 4472 2732 4554 Principum
2779 4472 3200 4537 Conventus

626 4578 1148 4661 Norimbergae
1182 4580 1487 4642 indictus
1518 4578 1627 4660 sit,
1680 4600 1765 4642 eo
1817 4589 1889 4642 et
1913 4578 2376 4644 Nobilitatem
2414 4589 2608 4643 tuam
2655 4588 3194 4646 conventuram.

628 4685 837 4766 Quod
886 4686 1170 4767 quidem
1208 4686 1417 4749 nobis
1464 4686 1597 4749 fuit
1644 4687 1858 4748 valde
1904 4686 2287 4749 iucundum
2333 4685 2756 4768 intelligere.
2849 4685 3068 4767 Nam,
3117 4696 3195 4751 te

626 4803 1027 4874 praesente,
1078 4803 1149 4855 et
1191 4803 1267 4855 ut
1296 4814 1428 4874 par
1461 4803 1587 4874 est,
1636 4792 2112 4876 praesidente,
2161 4813 2304 4855 non
2353 4792 2757 4855 dubitamus
2804 4792 3067 4874 decori,
3117 4805 3196 4857 et

628 4901 997 4965 commodo
1054 4900 1259 4964 huius
1320 4898 1629 4965 Sanctae
1690 4898 1904 4965 Sedis
1961 4898 2171 4964 immo
2236 4898 2451 4963 totius
2515 4897 2955 4963 Christianae
3015 4899 3190 4965 Rei·
