3575 5775
1694 578 2188 637 0-<35608>·0

658 726 911 789 saltem
978 726 1333 790 contraria
1404 728 1611 791 dictis
1686 730 1864 794 meis
1927 751 2058 812 pro
2130 729 2328 815 virili,
2387 750 2908 811 persuasurum.
3023 729 3226 811 Quae

659 834 857 897 Deus
905 835 1039 897 scit
1088 855 1226 897 non
1278 855 1370 898 ex
1418 837 1562 898 ulla
1611 836 1896 900 sinistra
1945 858 2103 902 mea
2150 858 2327 920 erga
2375 857 2802 920 quemquam
2845 836 3226 901 affectione

664 942 791 1005 sed
841 963 931 1003 ex
982 944 1136 1004 solo
1184 940 1351 1004 fidei
1420 945 1571 1005 zelo
1636 944 2106 1025 processisse,
2179 944 2314 1006 etsi
2373 946 2604 1007 adhuc
2653 945 3018 1008 dubitetur
3089 944 3226 1007 utri

662 1048 881 1111 nostri
930 1047 1000 1111 in
1048 1051 1181 1112 hac
1229 1051 1527 1117 materia
1572 1050 2022 1132 'potissimum
2070 1050 2250 1114 fides
2297 1052 2625 1115 adhiberi
2674 1054 2970 1132 debeat,
3034 1064 3226 1133 pet0‚

661 1166 737 1217 ut
784 1156 1001 1218 tacito
1051 1155 1414 1237 utriusque
1462 1158 1765 1247 nomine,
1817 1180 1946 1223 nec
1997 1168 2286 1223 ostensa
2329 1160 2464 1243 bac
2512 1180 2672 1223 mea
2720 1160 3062 1241 epistola,
3129 1159 3224 1221 in·

662 1272 1067 1345 terrogetur
1114 1263 1459 1325 Dominus
1506 1265 2037 1346 BrundusinuS,
2112 1286 2252 1349 quo
2300 1286 2506 1328 nemo
2543 1266 2791 1329 melius
2825 1265 3061 1329 omnia
3095 1265 3228 1327 ista

662 1370 895 1448 novit,
962 1370 1132 1451 quid
1203 1370 1356 1452 ipse
1421 1372 1511 1434 de
1576 1372 1871 1435 Erasmo
1937 1373 2230 1453 eiusque
2287 1373 2569 1454 scriptis
2624 1374 2886 1435 sentiat
2935 1382 3006 1435 et
3053 1384 3228 1455 puto

662 1478 873 1560 quod·
902 1478 1301 1560 apparebit·
1330 1487 1489 1540 uter
1536 1487 1852 1542 nostrum
1901 1480 2184 1543 veriora
2229 1480 2510 1545 dixerit.
2630 1478 3040 1543 Dominatio
3103 1480 3224 1543 ita-

662 1604 801 1666 que
865 1594 1107 1647 vestra
1166 1594 1369 1647 curet
1424 1604 1515 1647 ne
1575 1606 1687 1649 me
1748 1587 1948 1649 fallat
2010 1608 2176 1669 spes
2239 1596 2309 1649 et
2356 1586 2617 1649 fiducia
2667 1604 2872 1669 quam
2933 1588 3024 1649 de
3077 1588 3227 1651 eius

662 1691 1035 1754 nobilitate
1082 1691 1153 1753 in
1200 1694 1515 1755 tenenda
1574 1694 1709 1755 hac
1773 1693 2076 1775 epistola
2137 1712 2292 1755 mea
2341 1693 2672 1774 concepi,
2736 1712 2946 1777 quam
3017 1694 3224 1757 etiam

660 1814 840 1881 rogo
876 1808 965 1864 ut
1002 1792 1349 1879 ¹quantum
1402 1800 1470 1862 in
1520 1798 1677 1881 ipsa
1724 1812 1864 1879 est,
1911 1801 2145 1864 faciat
2179 1800 2414 1863 omnia
2459 1799 2674 1863 fidem
2724 1800 3228 1863 concernentia

661 1916 741 1970 et
761 1906 1183 1987 religionem
1216 1916 1289 1968 et
1318 1905 1401 1967 in·
1422 1909 1550 1969 has
1580 1906 1914 1989 regiones
1949 1908 2292 1971 mittenda
2337 1906 2809 1970 exactissime·
2831 1908 3226 1969 examinari

650 2014 1069 2095 priusquam
1096 2013 1481 2088 mittantur,
1510 2032 1603 2076 ne
1626 2015 2038 2077 scandalum
2063 2012 2345 2096 pariant
2377 2026 2448 2078 et
2477 2012 2713 2097 potius
2747 2014 2986 2078 obsint
3017 2033 3226 2096 quam

662 2120 958 2201 prosint,-
992 2120 1183 2182 sicut·
1199 2135 1342 2202 ego
1371 2120 1583 2183 timeo
1607 2124 1697 2183 de
1731 2120 1922 2183 dicta
1951 2121 2212 2185 silentii
2244 2120 2698 2203 impositione
2727 2118 3063 2201 futurum,
3097 2114 3227 2183 nisi

656 2227 1046 2291 remedium
1093 2227 1540 2290 adhibeatur.
1632 2228 1918 2291 ‘Deinde
1965 2247 2279 2311 suggero
2329 2228 2558 2293 eidem
2603 2228 2690 2291 V.
2740 2230 2828 2293 D.
2877 2226 3228 2310 recogitet

662 2353 823 2397 num
874 2338 1135 2397 bonum
1184 2346 1375 2398 esset
1421 2336 1739 2399 scribere
1782 2356 2000 2399 unum
2047 2336 2284 2400 Breve
2349 2340 2438 2399 ad
2499 2335 2762 2398 dictam
2795 2327 2912 2399 Ἰ).
2947 2335 3226 2397 -Archi-

660 2442 1013 2505 ducissam
1075 2456 1216 2524 quo
1281 2440 1813 2505 collaudaretur
1871 2447 2061 2507 zelus
2127 2461 2292 2507 suus
2356 2461 2562 2525 quem
2631 2459 2786 2505 curn
2858 2439 3034 2504 alias
3079 2454 3224 2502 tum

662 2548 1165 2616 novissime-in
1206 2548 1471 2629 ‘insigni
1522 2550 1946 2613 executione
1995 2549 2066 2612 in
2097 2550 2480 2614 Hellandia
2531 2560 2778 2611 contra
2827 2543 3228 2609 haereticos

660 2656 855 2719 facta
902 2656 1447 2735 demonstravit,
1514 2656 2086 2738 animareturque
2154 2656 2245 2719 ad
2309 2654 2626 2720 similiter
2691 2654 3093 2719 faciendum
3155 2653 3224 2715 in

662 2763 988 2825 omnibus
1059 2763 1237 2825 locis
1303 2782 1430 2825 suo
1500 2762 1824 2844 regimini
1902 2782 1986 2826 ac
2057 2764 2370 2827 dominio
2439 2762 2779 2827 subiectis
2843 2762 2981 2823 ubi
3049 2778 3227 2841 opus

662 2870 1177 2948 essevideret,
1228 2870 1533 2933 maxime
1585 2871 2063 2952 Antverpiae‚
2125 2870 2247 2933 ubi
2316 2880 2388 2934 et
2449 2880 2614 2932 ante
2663 2882 2734 2932 et
2779 2880 2948 2952 post
2996 2887 3220 2931 meum

662 2979 986 3057 reditum,
1038 2981 1255 3041 multa
1302 2978 1619 3042 enormia
1676 3001 1717 3040 a
1768 2977 2193 3042 Lutheranis
2263 2989 2404 3042 tam
2477 2978 2548 3039 in
2596 2975 2899 3058 publicis
2947 2976 3221 3057 praedi-

664 3085 1065 3148 cationibus
1115 3104 1339 3166 quam·
1373 3085 1444 3148 in⁴
1490 3085 1789 3166 privatis
1849 3084 2365 3148 conventiculis
2421 3084 2494 3146 in
2543 3082 3040 3146 contumeliam
3093 3082 3220 3143 Dei

664 3201 742 3254 et
783 3191 949 3254 fidei
1008 3207 1177 3260 suae
1239 3201 1651 3273 perpetrata
1714 3203 1896 3255 sunt.
2004 3192 2092 3254 Et
2159 3194 2452 3255 alterum
2520 3189 2753 3253 Breve
2813 3191 2904 3250 ad
2965 3189 3224 3251 Rmutn

664 3301 751 3362 Ῐ).
804 3300 1271 3361 Leodiensem
1322 3319 1461 3380 quo
1508 3299 1665 3380 ipse
1714 3296 2035 3361 similiter
2082 3300 2492 3361 laudaretur
2549 3297 2637 3360 de
2687 3317 2772 3360 eo
2823 3297 3013 3377 quod
3066 3294 3220 3358 civi-

666 3417 881 3469 tatem
962 3425 1157 3468 suam
1235 3407 1705 3496 Leodiensem
1774 3417 1844 3468 et
1919 3407 2339 3488 temporalia
2414 3403 2786 3467 Dominica
2859 3401 3224 3466 Ecclesiae

668 3515 1047 3577 Leodiensi
1096 3515 1451 3591 subiecta,
1514 3533 1695 3597 quae
1758 3513 2088 3598 profecto
2152 3533 2292 3576 non
2355 3511 2632 3576 modica
2681 3521 2876 3588 sunt,
2939 3521 3082 3573 tam
3129 3509 3224 3572 in-

666 3621 1214 3684 contaminatam
1292 3621 1685 3684 servaverit
1750 3631 2088 3702 quantum
2162 3621 2254 3682 ad
2321 3617 2802 3684 Lutheranam'
2868 3615 3222 3680 haeresim

667 3726 978 3790 finitimis
1026 3727 1431 3797 civitatibus
1466 3739 1539 3790 et
1572 3727 1744 3790 locis
1793 3745 1933 3790 non
1983 3741 2236 3808 parum
2282 3725 2404 3788 illa
2451 3723 2768 3795 infectis;
2821 3735 2891 3787 et
2933 3723 3227 3805 insuper

666 3837 1072 3898 hortaretur
1142 3843 1219 3896 ut
1281 3835 1515 3896 dictae
1580 3835 1930 3896 Dominae
1985 3851 2118 3914 pro
2167 3832 2668 3915 prosecutione
2717 3829 2943 3894 sancti
2991 3829 3227 3911 operis

667 3945 759 4004 ab
806 3958 894 4003 ea
939 3939 1239 4023 incepti,
1312 3940 1644 4020 consili0,
1717 3941 2128 4022 auxilioque
2191 3939 2334 4002 suis
2399 3959 2530 4021 pro
2597 3938 2782 4001 virili
2843 3938 3226 4000 assisteret.

672 4049 1053 4112 Crederem
1114 4069 1253 4130 ego
1310 4051 1487 4112 haec
1534 4048 1785 4110 brevia
1835 4065 1970 4110 non
2024 4047 2197 4108 nihil
2257 4047 2425 4108 boni
2481 4056 2894 4127 operatura:
2949 4044 3039 4106 de
3087 4043 3229 4126 qui-

668 4159 803 4217 bus
873 4166 1107 4217 tamen
1181 4155 1314 4216 D⁸¹⁰
1372 4155 1457 4219 V.
1534 4174 1665 4236 pro
1736 4154 2081 4216 arbitratu
2153 4153 2321 4215 Rmi
2391 4153 2533 4215 Dni
2611 4153 2746 4216 mei
2809 4149 3084 4215 Datarii
3163 4167 3234 4213 et

670 4281 801 4324 suo
846 4262 1085 4326 faciet.
1180 4261 1353 4324 Mihi
1404 4271 1514 4324 sat
1570 4271 1676 4324 est
1737 4261 2190 4324 admonuisse
2252 4263 2342 4322 de
2405 4279 2494 4322 eo
2566 4261 2754 4341 quod
2822 4257 2986 4321 mihi
3065 4275 3228 4321 con—

673 4368 913 4432 venire
962 4368 1340 4433 videretur.
1392 4415 1407 4432 .
1443 4416 1458 4431 .
1496 4417 1509 4430 .

851 4493 1099 4556 Leodii
1150 4491 1417 4554 XXVI
1466 4489 1801 4556 Octobris
1859 4511 2044 4570 1525.

1750 4741 1798 4751 κω
1813 4741 1889 4751 Α»,
