3575 5775
1380 598 1872 659 0-{3523250

328 750 621 832 patriae
672 751 1191 833 periclitantem
1238 749 1449 813 fidem
1500 749 1569 813 in
1617 750 1863 831 primis
1911 748 2347 812 Beatitudini
2399 758 2680 811 vestrae
2721 768 2902 811 com·

328 860 751 922 mendatum
820 860 1008 921 volo,
1125 858 1371 921 Faciet
1440 856 1765 939 profecto
1839 852 1946 919 S⁸⁸
2003 856 2087 921 V.
2174 854 2611 937 preclarum·
2646 854 2906 918 Christi

326 966 593 1029 vicarii
664 986 843 1049 opus
926 965 983 1028 si
1056 965 1565 1028 efferventibus
1642 984 1724 1027 ac
1803 963 2198 1029 temerariis
2279 964 2348 1026 in
2440 963 2904 1045 apostolicam

329 1070 611 1135 Sedem
660 1073 809 1136 sive
860 1062 1226 1136 calumniis
1280 1092 1405 1135 seu
1462 1070 1675 1135 etiam
1732 1070 2311 1134 insultationibus
2371 1070 2725 1133 iniuriosis
2787 1087 2905 1132 ex·

329 1179 671 1261 quisitius
720 1182 808 1243 de
858 1179 1225 1243 afferendo
1274 1179 1591 1243 remedio
1640 1197 1771 1260 pro
1823 1187 2124 1260 paterna
2173 1177 2618 1258 benignitate
2665 1176 2906 1239 inobe-

324 1286 655 1350 dientiae
726 1287 931 1349 vobis
992 1286 1155 1349 filiis
1204 1306 1343 1370 quo
1393 1286 1602 1350 saluti
1651 1285 2168 1367 aliquantisper
2213 1286 2653 1364 consulatur,
2711 1297 2905 1366 pros·

326 1394 587 1475 picere
638 1414 776 1457 non
828 1393 1211 1467 destiterit:
1263 1412 1395 1475 pro
1441 1394 1806 1457 immeritis
1855 1392 2178 1455 nimirum
2224 1390 2362 1455 illis
2411 1408 2618 1455 omne
2681 1409 2909 1473 genus

338 1502 751 1564 maledictis
811 1511 1025 1583 atque
1092 1500 1362 1563 iniuriis
1426 1500 1822 1581 devocatis,
1885 1500 2320 1581 largissimas
2369 1500 2652 1563 aliunde
2699 1501 2907 1563 bene-

334 1608 705 1670 dictiones
753 1630 795 1670 a
844 1608 1105 1671 Divina
1152 1608 1529 1671 clementia
1578 1626 1719 1670 una
1766 1623 1924 1669 cum
1975 1606 2203 1669 omnis
2247 1604 2414 1669 R⁴¹²¹0
2464 1606 2558 1670 3¹·
2609 1597 2908 1669 frati-uin

336 1714 675 1797 Collegio
709 1724 1105 1797 receptura.
1160 1768 1173 1781 .
1213 1764 1226 1778 .
1263 1766 1276 1779 .
1354 1716 1463 1777 Ex
1496 1715 1559 1777 N
1564 1714 1887 1777 eostadio
1945 1734 2038 1793 13·
2075 1715 2240 1776 Kal.
2275 1714 2473 1796 Sept.
2497 1712 2908 1779 MDXXV.

2065 1836 2412 1914 Humillimus
2467 1845 2715 1909 Servulus

2111 1947 2351 2011 lomet
2389 1946 2697 2021 venerut.
2785 1932 2790 1941 ’

1560 2452 1689 2515 246

764 2584 1045 2667 Perdin.
1104 2586 1475 2667 Archidux
1530 2586 1868 2667 Austriae
1925 2586 2267 2669 Clementi
2328 2588 2478 2669 VH.

1267 2734 1461 2809 (Epist.
1499 2735 1680 2795 l’rlno.
1717 2734 1820 2793 111.
1859 2734 1998 2827 234.)

1342 2852 1447 2921 (21.
1490 2856 1721 2919 Augusti
1768 2851 1941 2921 1525.)

538 2999 711 3061 Post
758 3001 1011 3060 beatos
1058 3000 1279 3080 pedes
1328 2999 1781 3061 deosculatos
1833 3045 1847 3060 .
1884 3045 1899 3059 .
1936 3044 1950 3059 .
2033 2997 2336 3077 Quantis
2366 3014 2648 3078 premar
2677 3013 2915 3060 neces·

350 3106 687 3170 sitatibus
738 3116 808 3168 et
856 3105 1393 3169 difficultatibus
1444 3107 1551 3168 5²⁸
1597 3106 1685 3168 V.
1738 3127 1827 3167 ex
1874 3103 2276 3167 novissimis
2325 3105 2506 3167 meis
2549 3105 2919 3168 litteris-et

348 3212 659 3294 amplius
709 3235 799 3276 ex
864 3215 1209 3276 relatione
1260 3213 1658 3276 Consiliarii
1722 3213 1862 3276 mei
1919 3213 2114 3275 Petri
2178 3213 2268 3274 de
2334 3213 2758 3275 Salamanca
2805 3229 2918 3275 co-

349 3339 709 3403 gnoscere
757 3321 1007 3401 potuit,
1056 3341 1147 3382 ex
1198 3320 1397 3382 cuius
1454 3339 1593 3401 ego
1640 3319 2154 3402 posterioribus
2203 3317 2456 3382 litteris
2486 3321 2772 3382 abunde
2815 3319 2914 3381 in-

352 3425 611 3490 tellexi
662 3447 867 3508 quarn
918 3447 1277 3508 propensa
1327 3428 1693 3489 voluntate
1742 3427 1866 3489 Β(ιο
1915 3427 1994 3487 V.
2049 3427 2364 3508 reliquos
2411 3427 2658 3490 decem
2703 3427 2919 3489 ·mille

350 3536 655 3597 ducatos
684 3534 850 3596 mihi
882 3537 1153 3597 solutos
1174 3553 1329 3597 esse
1356 3533 1616 3615 cupiat,
1642 3553 1820 3616 quos
1847 3533 2058 3597 etiam
2081 3533 2212 3596 nisi
2239 3531 2346 3596 St*-
2365 3531 2593 3596 Sedes
2617 3533 2754 3596 ista
2779 3533 2922 3597 suis

354 3659 645 3723 quoque
714 3641 1259 3704 necessitatibus
1284 3645 1297 3668 ⁸
1334 3643 1693 3704 laboraret
1770 3636 2322 3722 haudquaquam
2391 3643 2919 3723 desyderarem.

362 3751 715 3830 Agnosco
762 3749 1093 3829 equidem
1143 3751 1325 3811 hanc
1377 3747 1471 3810 8⁵⁸
1516 3759 1641 3809 vm·
1687 3759 2056 3830 paternam
2107 3747 2554 3812 affectionem
2603 3759 2675 3810 et
2723 3747 2923 3810 simul

356 3860 495 3919 hoc
544 3855 869 3918 beneficii
920 3867 989 3918 et
1039 3855 1281 3918 auxilii
1335 3876 1472 3937 quo
1524 3857 1753 3918 debeo
1806 3855 2034 3918 animo
2084 3867 2155 3918 et
2203 3855 2470 3938 recipio
2521 3865 2592 3918 et
2617 3867 2919 3937 -repon0‚

362 3985 505 4026 non
557 3963 977 4026 existimans
1026 3962 1165 4024 alio
1216 3979 1425 4044 quam
1477 3983 1617 4044 quo
1676 3962 1753 4024 fit
1799 3974 2128 4045 respectu
2178 3973 2448 4024 ‘cantum
2493 3960 2648 4024 fieri
2679 3979 2921 4024 morae

356 4071 431 4132 in
479 4071 867 4152 prestando
915 4070 1231 4141 residuo;
1280 4089 1411 4150 pro
1447 4089 1587 4150 quo
1623 4081 1857 4132 tamen
1891 4071 2328 4132 numerando
2351 4085 2576 4150 cogor
2624 4071 2922 4131 eandem

359 4180 598 4240 denuo
628 4178 1108 4259 interpellare.
1146 4177 1735 4258 Quandoquidem
1762 4176 1930 4238 mihi
1957 4175 2274 4238 immensi
2309 4184 2381 4238 et
2409 4175 2922 4257 propemodum

358 4284 872 4347 intollerabiles
901 4293 1220 4365 sumptus
1252 4284 1562 4347 faciendi
1591 4293 1753 4346 sunt
1786 4285 2018 4345 adhuc
2050 4303 2180 4364 pro
2207 4281 2510 4345 subditis
2529 4282 2922 4347 meiscasti-

360 4392 638 4474 gaudis,
658 4390 775 4472 qui
800 4392 869 4453 in
906 4390 1154 4473 patriis
1182 4391 1355 4453 meis
1377 4391 1851 4454 anterioribus
1873 4390 2176 4471 proximi
2195 4389 2546 4452 Helvetiis
2567 4388 2786 4452 nihilo
2803 4393 2922 4452 mi·

360 4508 579 4562 tiores
595 4497 766 4560 facti
786 4507 983 4560 tanta
1000 4517 1236 4561 coram
1258 4498 1481 4562 oculis
1500 4499 1705 4562 clade
1724 4497 1917 4560 facta
1937 4494 2004 4558 in
2031 4497 2308 4560 Alsatia
2327 4507 2653 4578 perstant
2672 4496 2924 4560 iti-odio

364 4607 554 4687 cleri,
582 4627 792 4687 quem
818 4605 876 4668 si
900 4623 1111 4686 pares
1138 4604 1387 4668 animis
1408 4605 1599 4667 vires
1624 4603 2183 4686 suppetivissent
2210 4604 2345 4666 iam
2370 4603 2758 4666 extinctum
2782 4623 2922 4667 om-

364 4713 529 4776 nino
562 4713 987 4774 videremus,
1027 4712 1239 4774 Unde
1267 4721 1347 4772 ut
1366 4713 1501 4773 hoc
1532 4714 1789 4774 malum
1817 4710 2134 4773 funditus
2161 4710 2562 4773 eradicetur
2594 4720 2664 4774 et
2692 4711 2922 4773 formi-

366 4819 527 4882 dine
546 4821 796 4882 saltem
828 4837 1105 4901 poenae
1138 4818 1471 4880 obstinati
1498 4819 1733 4880 adhuc
1765 4819 1855 4879 ad
1891 4825 2160 4880 rectum
2191 4819 2625 4880 reducantur
2653 4827 2774 4880 aut
2807 4835 2923 4881 ex·

364 4927 712 5008 tirpentur
762 4925 1091 5006 indurati,
1142 4925 1212 4987 id
1263 4935 1496 4987 autem
1546 4935 1858 5006 nequeat
1915 4924 2068 4988 sine
2129 4924 2424 5007 copioso
2482 4925 2702 4989 milite
2771 4925 2926 4990 fieri
