3575 5775
1374 587 1868 646 0-<3303Z‘P-<2

1546 949 1694 1014 131.

856 1066 1220 1149 Gustavus
1275 1067 1428 1148 Rex
1485 1065 1776 1148 Sueoiae
1831 1061 2147 1144 Adriano
2202 1061 2320 1142 VI.
2338 1057 2384 1158 ¹)

1017 1215 1209 1288 (Ascli.
1244 1231 1385 1275 seor.
1418 1216 1571 1275 Arm.
1606 1213 1701 1274 tv,
1737 1215 1910 1287 capsa
1945 1212 1992 1270 2.
2029 1211 2096 1270 N.
2130 1211 2237 1281 19.)

1283 1335 1390 1403 (10.
1430 1335 1755 1400 Septembris
1800 1329 1974 1396 1523.)

518 1467 805 1530 Devota
816 1469 1079 1550 pedum
1097 1470 1341 1532 oscula
1350 1471 1741 1532 beatorum.
1759 1464 2181 1530 Beatissime
2197 1471 2424 1545 pater.
2443 1457 2901 1523 Gratissimus

344 1582 492 1638 erat
526 1574 737 1638 nobis
770 1584 843 1637 et
874 1575 1207 1639 universo
1248 1577 1516 1657 populo
1547 1573 1752 1639 nobis
1786 1573 2108 1637 subiecto
2143 1571 2493 1634 adventus
2523 1563 2900 1629 reverendi

341 1680 563 1763 patris
587 1682 856 1745 domini
878 1682 1173 1762 Joannis
1197 1682 1447 1764 Magni
1478 1681 1697 1745 Gothi
1723 1680 1979 1763 Legati
2025 1690 2096 1742 et
2124 1673 2602 1741 Commissarii
2651 1671 2902 1735 sancti-

344 1787 503 1851 tatis
549 1797 837 1854 vestrae
883 1790 976 1851 ad
1048 1810 1175 1852 nos
1238 1789 1309 1857 in
1374 1788 1591 1852 variis
1654 1797 1727 1852 et
1788 1787 2030 1852 arduis
2092 1781 2473 1848 christiane
2535 1777 2900 1861 religionis

346 1894 653 1978 negotiis
708 1896 1063 1976 destinati,
1112 1895 1222 1959 cui
1272 1896 1345 1958 in
1393 1895 1720 1960 omnibus
1768 1895 1954 1957 votis
2003 1890 2393 1957 sanctitatis
2421 1889 2509 1951 V.
2562 1894 2900 1970 quantum

344 2002 663 2064 turbacio
724 2004 973 2066 horum
1020 2011 1419 2086 temporum
1468 2003 1747 2066 sinebat
1793 2000 2189 2072 annuimus;
2255 1998 2381 2061 sed
2442 1997 2904 2060 vehementer

345 2109 695 2172 doluimus
756 2111 945 2191 quod
993 2109 1513 2192 periclitantem
1560 2118 1820 2172 statum
1866 2107 2186 2171 Ecclesie
2221 2103 2546 2168 Suecane
2593 2103 2685 2164 ad
2733 2101 2900 2164 inte·

344 2234 546 2296 grum
564 2215 941 2280 restituere
971 2217 1390 2299 nequiverit,
1410 2220 1742 2280 obstante
1761 2215 1880 2298 pie
1897 2213 2272 2278 intentioni
2293 2212 2444 2275 eius
2461 2213 2678 2290 longa
2695 2207 2903 2270 vacil-

344 2322 611 2386 latione
636 2323 1151 2387 chatedralium
1184 2323 1643 2388 ecclesiarum
1677 2345 1815 2406 que
1849 2323 1942 2386 ad
1973 2324 2216 2404 plures
2247 2337 2473 2383 annos
2501 2337 2631 2401 per
2678 2326 2908 2378 terras

344 2439 621 2493 nostras
667 2429 819 2493 sine
866 2430 1385 2514 Episcoporum
1432 2431 1687 2495 solatio
1735 2429 2256 2493 fluctuaverant
2303 2436 2375 2489 et
2421 2425 2652 2488 adhuc
2700 2421 2899 2487 mise-

340 2536 661 2600 rabiliter
705 2535 1087 2617 fiuctuant,
1136 2539 1395 2621 quibus
1440 2539 1541 2603 sic
1589 2538 1929 2602 desolatis
1977 2557 2118 2600 non
2167 2535 2490 2598 videmus
2537 2530 2902 2594 efficacem

344 2645 627 2706 modum
675 2665 815 2725 quo
866 2643 1265 2708 defectibus
1313 2645 1384 2708 in
1432 2645 1759 2709 Ecclesia
1797 2643 2060 2708 Christi
2107 2639 2641 2724 emergentibus
2687 2637 2902 2719 plene

344 2761 773 2814 occurratur.
876 2751 1184 2814 Videtur
1255 2752 1461 2816 nobis
1532 2753 1724 2833 quod
1784 2761 1952 2815 ante
2023 2749 2260 2814 omnia
2326 2755 2398 2810 et
2461 2743 2902 2828 quamtocius

341 2855 683 2941 Episcopi
728 2878 859 2941 per
906 2858 1177 2943 Regna
1224 2868 1467 2924 nostra
1537 2881 1578 2923 a
1627 2857 1699 2923 S.
1752 2856 1840 2922 V.
1904 2857 2402 2927 restituantur:
2466 2853 2657 2935 quod
2712 2859 2900 2933 post·

344 2984 552 3049 quam
600 2966 838 3029 Rome
886 2965 1151 3031 factum
1184 2966 1398 3031 fuerit
1446 2976 1519 3030 et
1548 2968 1872 3049 prefatus
1905 2962 2441 3029 Commissarius
2490 2957 2905 3023 Sanctitatis

344 3072 599 3137 Vestre
648 3073 743 3135 ad
793 3092 923 3135 nos
970 3073 1205 3136 denuo
1256 3094 1413 3137 cum
1461 3076 1677 3155 plena
1743 3072 2170 3137 auctoritate
2220 3069 2429 3134 Sedis
2479 3066 2900 3151 Apostolice

344 3180 654 3260 redierit,
703 3190 871 3244 tunc
897 3181 989 3243 ad
1016 3201 1170 3245 eam
1200 3180 1773 3246 informationem
1805 3180 2166 3244 efficacius
2197 3177 2644 3241 assisteretur
2678 3174 2899 3235 eccle·

342 3286 625 3350 siastice
674 3286 1081 3351 auctoritati
1128 3298 1199 3351 et
1243 3287 1411 3351 fidei
1459 3288 1842 3352 christiane
1888 3288 1960 3351 in
2009 3286 2336 3350 omnibus
2394 3282 2533 3346 illis
2580 3279 2902 3362 negociis

344 3414 474 3475 que
536 3394 679 3458 iam
746 3392 1107 3459 Sanctitas
1152 3396 1241 3459 V.
1300 3416 1431 3483 per
1493 3396 1719 3478 ipsum
1788 3394 1996 3460 nobis
2058 3391 2702 3457 commendaverat.
2817 3387 2897 3450 In

343 3500 580 3582 primis
630 3522 910 3565 errores
959 3512 1031 3565 et
1076 3523 1456 3585 perversas
1504 3503 1865 3567 doctrinas
1912 3502 2390 3565 Ecclesiarum
2439 3495 2700 3561 Christi
2762 3505 2897 3558 tur·

343 3609 651 3671 batrices
699 3608 899 3671 iuxta
946 3608 1461 3691 Episcoporum
1510 3610 1808 3673 consilia
1852 3610 2328 3690 expellemu53
2401 3604 2662 3668 deinde
2709 3602 2897 3684 cogi-

344 3716 645 3779 tabimus
694 3715 785 3779 de
835 3715 1106 3779 meliori
1158 3716 1454 3781 consilio
1506 3737 1645 3799 quo
1709 3716 2139 3780 schismatici
2198 3712 2589 3778 moscovite
2654 3717 2897 3774 nostro

340 3840 559 3905 regno
616 3821 837 3885 vicini
905 3822 998 3884 ad
1058 3822 1400 3886 unitatem
1470 3822 1837 3888 Ecclesiae
1899 3830 2434 3899 convertantur,
2494 3829 2897 3898 terramque

344 3927 708 4011 Lapponie
756 3926 1000 3991 Nostri
1047 3930 1291 4011 Regni
1341 3928 1596 3994 Suecie
1644 3938 1923 4013 partem
1960 3932 2053 3993 ab
2087 3928 2444 4012 ydolatria
2491 3926 2581 3989 ad
2613 3924 2896 3988 Christi-

344 4054 543 4097 anam
593 4034 969 4097 Ecclesiam
1017 4036 1294 4098 restitui
1340 4038 1703 4101 faciemus.
1795 4038 1948 4100 Nec
1996 4036 2320 4101 omittere
2358 4035 2684 4097 volumus
2730 4030 2896 4114 quin

344 4140 603 4224 aliquid
651 4141 901 4204 auxilii
960 4151 1208 4206 contra
1240 4144 1451 4207 Turci
1499 4145 1891 4227 potentiam
1940 4164 2071 4225 per
2119 4143 2478 4207 subiectos
2524 4138 2731 4203 nobis
2777 4158 2897 4221 po·

400 4342 443 4413 ¹)
480 4347 747 4397 Gustavus
786 4346 1015 4395 Erikson
1056 4349 1239 4407 wasa,
1278 4350 1449 4412 patria
1484 4350 1709 4399 liberata
1748 4367 1778 4400 a
1817 4350 2174 4400 dominatione
2213 4351 2514 4407 Danorum‚
2555 4348 2730 4396 animo
2769 4362 2896 4395 con-

478 4432 691 4491 ceperat
728 4426 1038 4489 religionem
1078 4430 1159 4478 sui
1197 4430 1344 4492 regni
1376 4430 1651 4480 immutare
1689 4438 1742 4480 et
1778 4430 2086 4481 lutheranae
2114 4430 2361 4478 novitatis
2382 4428 2736 4491 dogmatibuS,
2764 4428 2901 4477 sicut

476 4508 825 4556 instrumento
863 4508 932 4556 ad
973 4508 1171 4559 clerum
1210 4515 1264 4558 et
1300 4510 1579 4559 ecclesiam
1620 4511 2020 4576 expoliandam,
2071 4512 2164 4559 nti.
2240 4510 2350 4558 Sub
2387 4510 2715 4573 protectione
2755 4509 2899 4571 regia

476 4588 715 4651 permisit
754 4588 893 4637 Olao
938 4590 1079 4638 Petri
1131 4596 1185 4639 et
1222 4589 1340 4639 aliis
1391 4590 1615 4641 occultis
1650 4592 1944 4641 lutheranis
1999 4606 2188 4640 novam
2228 4590 2522 4639 doctrinam
2573 4589 2898 4654 praedicare.

476 4668 677 4717 Eodem
719 4676 955 4733 tempore
994 4670 1193 4733 Joanni
1232 4672 1431 4733 Magno
1472 4672 1748 4723 Pontificis
1784 4673 1962 4735 legato
2019 4678 2072 4720 et
2110 4672 2345 4721 Gustavo
2385 4670 2608 4719 Braskio
2645 4670 2897 4733 episcopo

476 4749 821 4812 promittebat
870 4749 1233 4799 defensionem
1283 4758 1337 4799 et
1384 4752 1603 4801 tutelam
1653 4752 1949 4802 catholicae
1999 4751 2272 4803 ecclesiae.
2347 4750 2519 4815 Ipsius
2571 4748 2897 4813 duplicitatis

475 4844 669 4878 novum
724 4829 829 4878 hoc
887 4830 1260 4881 documentum
1316 4832 1521 4881 edimus
1576 4848 1681 4899 quo
1731 4832 2006 4883 Pontificis
2063 4832 2428 4885 auctoritatem
2483 4829 2896 4882 luculentissime

478 4908 875 4975 recognoscitur
910 4924 943 4959 a
978 4926 1119 4977 rege.
