3575 5775
1575 585 1690 655 ΜΒ
1767 573 1871 654 εὴ
1950 567 2069 653 ἐκ·

527 739 730 825 quali
779 762 980 807 come
1028 738 1146 825 piu
1197 742 1554 807 necessari
1602 753 1674 807 et
1719 742 1791 805 in
1826 744 2149 825 maggior
2184 739 2561 808 deformita
2594 714 2832 808 caduti
2861 716 3099 809 hamio*

523 850 848 932 bisogno
920 850 990 913 di
1055 851 1385 934 maggior
1449 871 1620 913 cura
1689 860 1760 914 et
1824 850 2313 934 reparatione3
2388 861 2458 915 et
2521 874 2563 914 a
2623 854 2844 934 quest'
2879 872 3101 934 opera

523 958 622 1021 V.
661 956 740 1021 S.
787 960 1060 1041 spenda
1110 958 1279 1041 ogni
1328 957 1562 1021 studio
1612 966 1683 1021 et
1728 958 2047 1041 ingegno
2096 978 2224 1021 suo
2271 960 2534 1041 perche
2566 979 2643 1023 se
2691 981 2779 1023 ne
2814 962 3100 1042 vengha

521 1067 680 1129 allo
733 1064 988 1129 effecto
1036 1065 1299 1147 perche
1349 1064 1566 1129 nichil
1612 1066 2048 1128 commodius
2096 1075 2216 1129 aut
2262 1065 2664 1147 gloriosius,

721 1258 737 1273 .
772 1256 784 1269 .
822 1258 836 1271 .
873 1257 888 1273 .
940 1207 1041 1269 Le
1090 1210 1343 1270 lettere
1392 1209 1508 1271 del
1542 1209 1827 1271 Barone
1874 1208 1933 1271 si
1981 1229 2157 1272 sono
2192 1210 2524 1273 mandate
2574 1221 2645 1273 et
2688 1230 2820 1273 con
2853 1219 3103 1293 queste

518 1314 702 1378 sara
749 1335 843 1377 un
892 1335 1020 1377 suo
1068 1316 1256 1396 plico
1305 1323 1592 1397 portato
1642 1315 1758 1376 dal
1807 1314 1946 1377 mio
1994 1316 2380 1379 secretario
2430 1317 2560 1379 che
2608 1316 2785 1380 hieri
2834 1317 3103 1380 ritorno

520 1424 630 1485 da
681 1422 917 1501 Buda,
967 1422 1016 1485 il
1065 1423 1295 1503 quale,
1345 1421 1669 1501 segondo
1718 1422 1852 1483 che
1898 1441 2031 1503 per
2078 1422 2119 1483 1²
2156 1424 2335 1485 altre
2384 1423 2657 1505 scrissi,
2707 1426 2989 1488 mandai
3037 1426 3103 1489 la

519 1531 724 1593 oltre
787 1528 1050 1611 perche
1112 1530 1298 1591 bene
1359 1528 1768 1591 intendesse
1832 1530 1996 1610 quel
2061 1532 2193 1591 che
2256 1530 2315 1593 si
2374 1549 2469 1612 po
2532 1551 2823 1613 sperare
2885 1533 2975 1593 de
3036 1532 3103 1594 le

520 1656 710 1699 cose
744 1635 1080 1698 Boemice
1131 1644 1202 1697 et
1249 1646 1968 1715 consequentemente
2018 1638 2149 1699 che
2197 1636 2475 1701 facesse
2518 1637 2733 1700 officii
2777 1640 2865 1701 de
2896 1637 3106 1701 visita

517 1764 675 1807 con
728 1744 945 1825 quelli
992 1752 1064 1805 et
1111 1745 1222 1805 col
1271 1753 1474 1805 revm⁰
1524 1740 2018 1823 Strigoniense
2067 1742 2433 1807 offerendo
2484 1754 2615 1810 ete.

719 1887 814 1949 Et
859 1886 1133 1949 bench&
1199 1886 1270 1948 io
1336 1905 1561 1968 penso
1629 1886 1762 1949 che
1814 1886 1856 1949 '1
1905 1886 2189 1948 Barone
2256 1884 2837 1969 diligentemente
2905 1895 2977 1949 et
3037 1886 3107 1950 di

523 2004 797 2075 questo
862 2004 932 2056 et
989 1994 1078 2055 de
1126 1992 1170 2056 1’
1205 1992 1366 2056 altri
1428 1993 1868 2056 trattamenti
1929 1993 2061 2056 che
2108 1992 2327 2055 fanno
2388 1996 2567 2057 hora
2624 1994 2695 2057 in
2755 2002 3107 2057 convento

527 2102 782 2165 scriva
845 2121 888 2163 a
935 2100 1020 2162 N.
1072 2098 1143 2163 S.
1195 2099 1720 2163 nientedimeno
1785 2099 1877 2163 mi
1926 2119 2101 2181 pare
2152 2102 2243 2162 da
2292 2120 2433 2162 non
2482 2102 2750 2165 lassare
2806 2102 2895 2164 de
2944 2100 3107 2163 scri·

533 2228 716 2271 vere
765 2207 1028 2290 quello,
1077 2208 1210 2270 che
1259 2226 1418 2269 esso
1454 2204 1860 2269 Secretario
1908 2207 2048 2270 mio
2098 2208 2189 2268 de
2236 2206 2284 2267 li
2332 2208 2425 2268 ha
2454 2206 2823 2289 riportato,
2874 2206 3108 2270 massi·

535 2324 900 2379 mamente
968 2314 1158 2377 circa
1203 2314 1270 2375 16
1319 2333 1484 2376 cose
1552 2313 1622 2375 di
1672 2314 2005 2393 Boemia,
2077 2315 2145 2376 16
2193 2314 2382 2395 quali
2445 2315 2623 2377 hora
2670 2316 2909 2377 hanno
2970 2336 3112 2378 una

544 2422 928 2485 occasione
976 2420 1450 2504 grandissima
1498 2428 1569 2483 et
1614 2420 2065 2501 inexpettata
2112 2421 2204 2482 da
2251 2420 2521 2502 potersi
2564 2423 2989 2485 concludere
3040 2430 3114 2484 et

547 2530 930 2592 terminare
994 2547 1129 2609 pur
1190 2529 1322 2590 che
1384 2529 1621 2611 quella
1667 2526 1981 2607 Maesta,
2041 2537 2113 2589 et
2159 2527 2794 2591 Reverendissimo
2843 2526 3110 2610 Strigo-

553 2636 797 2699 niense
859 2636 960 2719 gli
1009 2634 1222 2698 dieno
1283 2634 1532 2697 favore
1595 2643 1666 2695 et
1714 2633 2050 2697 autorita:
2123 2633 2384 2715 perche
2434 2634 2625 2717 dopo
2675 2637 2911 2717 quello
2981 2637 3113 2698 che

551 2740 630 2804 fu
673 2742 856 2808 fatto
915 2742 986 2806 in
1040 2742 1312 2824 praga,
1382 2742 1679 2803 tutte'le
1728 2741 1909 2803 altre
1958 2740 2127 2804 citta
2190 2742 2279 2803 de
2328 2742 2395 2803 la
2443 2742 2813 2823 provincia
2877 2744 3113 2806 hanno

555 2846 732 2915 fatto
781 2853 828 2916 il
859 2850 1267 2915 -medesimo
1299 2847 1875 2931 imprigionando
1924 2847 2141 2930 quelli
2169 2848 2324 2910 loro
2355 2847 2706 2912 Picardici
2756 2860 2826 2911 et
2858 2850 3113 2913 Luthe-

555 2959 728 3035 rani,
785 2971 857 3022 et
903 2957 1364 3040 procedendo
1412 2956 1533 3038 piu
1583 2957 1768 3017 oltra
1814 2957 1905 3017 de
1954 2955 1999 3016 li
2050 2955 2348 3037 Pragesi
2396 2956 2686 3019 hannoli
2735 2956 3118 3020 examinati

555 3071 627 3120 et
671 3065 908 3132 fattoli
957 3065 1364 3129 confessare
1412 3063 1458 3124 li
1508 3062 1788 3125 authori
1837 3071 1907 3124 et
1955 3061 2115 3143 capi
2162 3063 2315 3124 loro
2365 3061 2412 3124 li
2465 3063 2655 3144 quali
2702 3072 2813 3126 tra
2860 3064 2906 3126 li
2954 3063 3115 3126 altri

551 3159 794 3237 hanno
844 3175 1042 3236 detto
1092 3174 1182 3234 de
1230 3192 1324 3234 un
1373 3172 1760 3249 Presteng,
1834 3187 2001 3231 cose
2050 3170 2180 3231 che
2229 3178 2538 3249 arguunt
2594 3190 2755 3233 eum
2800 3169 3115 3234 affectati

545 3259 876 3344 Boemici
905 3279 1175 3362 Regni,
1224 3288 1296 3340 et
1343 3277 1568 3340 costui
1617 3277 1797 3339 hora
1843 3274 1901 3338 si
1950 3285 2155 3338 trova
2202 3277 2343 3339 alla
2376 3275 2590 3340 Corte
2638 3298 2779 3341 non
2822 3298 2958 3360 pur
2988 3298 3119 3359 per

531 3375 768 3449 οΟὓῖῖο
833 3389 950 3450 del
1015 3395 1368 3450 convento
1431 3405 1544 3447 ma
1605 3403 1736 3465 per
1798 3403 1893 3445 un
1940 3383 2202 3446 iudicio
2264 3385 2331 3446 al
2395 3385 2604 3465 quale
2666 3384 2707 3447 e
2766 3385 3118 3448 chiamato

467 3493 662 3590 pff
696 3510 858 3560 una
889 3493 1340 3558 accusatione
1373 3491 1669 3554 vecchia
1711 3490 1782 3553 di
1814 3510 2113 3571 venen0,
2166 3500 2413 3554 contra
2454 3512 2833 3573 personam
2864 3492 3119 3576 Regis,

416 3633 520 3727 la
597 3605 886 3680 quale
936 3603 1206 3665 anchor
1254 3601 1384 3662 che
1433 3599 1492 3662 si
1539 3597 1735 3661 tratti
1780 3597 2285 3678 frigidamente
2333 3619 2467 3679 pur
2514 3598 2733 3662 habet
2762 3599 3119 3662 hominem

391 3705 867 3819 maxime
936 3710 1258 3780 anxium;
1331 3727 1463 3769 con
1517 3704 1744 3788 questi
1815 3705 2123 3768 successi
2190 3713 2369 3767 tutte
2437 3706 2672 3787 quelle
2740 3707 2985 3770 cittadi
3053 3717 3124 3771 et

376 3808 790 3901 ordini
840 3821 998 3881 loro
1046 3818 1282 3878 hanno
1333 3814 1668 3876 mandato
1717 3811 2031 3874 huomini
2082 3820 2154 3873 et
2198 3815 2409 3875 lettre
2458 3813 2525 3875 al
2573 3813 2691 3876 Re
2741 3823 2811 3875 et
2852 3812 3121 3895 Strigo—

401 3912 804 3990 offense
855 3946 900 3987 a
949 3924 1360 3987 dimandare
1424 3921 1555 3983 che
1605 3919 1801 3982 sieno
1850 3917 2079 4001 puniti
2126 3919 2340 4000 quelli
2389 3919 2727 4000 picardici
2786 3931 2857 3982 et
2904 3923 3125 3983 luthe-

436 4019 680 4096 rani,
788 4034 926 4096 che
973 4041 1288 4112 tengono
1337 4026 1647 4109 prigioni
1697 4025 2002 4087 dicendo
2050 4027 2182 4088 che
2230 4025 2463 4088 homai
2514 4017 2651 4088 non
2701 4027 3125 4090 desiderano

435 4117 754 4215 altro,
819 4143 956 4202 che
1005 4140 1076 4200 la
1122 4135 1556 4199 extinctione
1607 4131 1676 4193 di
1712 4133 1949 4212 quella
1996 4141 2200 4212 peste
2249 4131 2319 4193 di
2354 4133 2633 4195 heresia
2682 4145 2751 4195 et
2786 4133 2857 4196 di
2889 4151 3127 4196 essere

432 4217 782 4312 buoni
834 4243 1218 4309 Christiani
1282 4251 1352 4305 et
1412 4239 1589 4304 uniti
1652 4259 1786 4301 con
1838 4236 2062 4301 Santa
2110 4239 2383 4318 chiesa,
2457 4251 2527 4300 et
2588 4241 2853 4320 perche
2915 4261 3005 4303 ne
3060 4243 3132 4303 la

431 4321 778 4416 meta
845 4373 1024 4417 sono
1073 4353 1288 4415 molte
1353 4347 1646 4411 materie
1715 4348 1807 4407 da
1853 4354 2149 4408 trattare
2198 4345 2459 4428 prima,
2531 4367 2672 4408 non
2738 4369 2955 4410 erano
3002 4368 3133 4431 per

437 4443 796 4548 {mehe
848 4461 1014 4524 stati
1065 4457 1258 4522 oditi.
1331 4453 1825 4534 Strigoniense
1874 4452 2232 4515 stimulato
2282 4462 2352 4514 et
2402 4454 2779 4516 exhortato
2820 4456 3135 4518 anchora

440 4555 481 4597 ¹¹¹
545 4565 902 4633 nome
951 4569 1091 4629 mio
1141 4587 1182 4627 a
1225 4583 1438 4647 porre
1485 4560 1658 4641 ogni
1691 4579 1818 4622 suo
1849 4561 2085 4622 sforzo
2119 4559 2258 4621 alla
2293 4561 2747 4624 conclusione
2779 4562 2850 4623 di
2885 4572 3135 4644 questa

447 4663 774 4736 santa
826 4695 1052 4758 opera
1098 4673 1438 4754 risponde
1487 4670 1618 4731 che
1666 4668 1736 4729 la
1784 4687 1951 4729 cosa
1998 4669 2314 4729 anchora
2360 4666 2398 4729 ὲ
2448 4667 2519 4730 in
2565 4670 2811 4747 herba,
2861 4678 2934 4733 et
2962 4689 3137 4753 pare

453 4752 596 4819 che
715 4787 850 4848 ad
899 4781 1200 4866 qualche
1249 4799 1378 4841 suo
1428 4776 1765 4857 dissegno
1813 4773 1883 4835 la
1931 4774 2199 4854 tengha
2243 4773 2314 4836 in
2356 4777 2565 4856 c0110,
2614 4775 2919 4840 dicendo
2962 4779 3137 4858 pero

463 4858 506 4924 ὥ
583 4869 840 4954 ben
885 4891 1042 4954 fare
1092 4897 1165 4950 et
1211 4889 1302 4948 da
1350 4902 1694 4968 speranza
1740 4881 2017 4963 grande
2064 4880 2122 4943 si
2171 4901 2302 4963 per
2344 4881 2613 4945 havere
2661 4883 2778 4964 qui
2811 4904 2903 4946 un
2936 4885 3141 4946 Duca

2714 4995 2823 5051 24*
