3575 5775
1334 547 1794 605 Ο-<397Εἶ>-ο

297 693 454 757 licos
500 693 654 758 iure
701 694 972 777 optimo
1019 694 1485 777 impedituros
1534 717 1624 759 ne
1673 717 1908 775 causa,
1958 696 2048 758 de
2090 715 2231 776 qua
2262 694 2601 758 Pontifex
2634 716 2849 758 verus

296 801 494 864 iudex
557 812 629 862 et
680 798 912 864 Sedes
976 799 1400 882 Apostolica
1459 802 2001 884 pronunciarat,
2068 821 2225 864 cum
2290 802 2713 866 detrimento
2778 814 2850 864 et

297 907 742 990 depressione
810 907 1252 971 Pontificalis
1311 909 1754 972 auctoritatis
1817 908 2077 971 iudicio
2142 910 2483 972 laicorum
2546 909 2845 972 discute-

295 1023 472 1077 retur
493 1063 510 1094 ,
577 1015 741 1078 ideo
787 1015 1139 1078 Martinus
1205 1036 1282 1078 se
1348 1015 1805 1098 magnificum
1870 1024 1943 1080 et
2005 1015 2265 1079 fortem
2322 1020 2732 1080 ostentabat
2777 1017 2849 1079 in

293 1143 372 1184 ea
426 1141 540 1202 re,
601 1142 813 1204 quam
873 1132 1073 1186 certo
1130 1122 1405 1186 sciebat
1465 1143 1917 1205 nequaquam
1976 1132 2398 1186 secuturam.
2519 1123 2728 1204 Quod
2791 1123 2850 1185 si

295 1229 492 1291 etiam
552 1229 625 1291 in
673 1227 932 1292 Diaeta
998 1239 1069 1292 et
1131 1229 1413 1293 auditus
1469 1239 1544 1293 et
1588 1231 2103 1293 condemnatus
2148 1229 2400 1292 fuisset
2420 1279 2435 1310 ‚
2502 1231 2659 1312 quis
2706 1251 2847 1294 non

291 1336 477 1398 videt
537 1335 798 1417 ipsum,
881 1355 924 1398 a
994 1335 1348 1418 judicibus
1408 1339 1640 1400 minus
1703 1337 2274 1419 competentibus
2336 1337 2571 1400 statim
2628 1337 2851 1400 fuisse

291 1452 834 1524 provocaturum
895 1445 985 1505 ad
1052 1442 1476 1523 Concilium,
1554 1443 1707 1526 qui,
1771 1465 1814 1507 a
1883 1443 2147 1525 judicio
2202 1445 2849 1525 competentissimo

292 1547 491 1612 Sedis
541 1549 1042 1630 Apostolicae,
1106 1550 1220 1614 cui
1281 1551 1556 1613 ratione
1621 1571 1880 1614 causae
1946 1561 2018 1612 et
2079 1571 2431 1632 personae
2491 1551 2644 1614 iure
2690 1551 2849 1634 ipso

291 1657 644 1719 subiectus
707 1667 844 1737 est,
918 1665 990 1718 et
1036 1657 1365 1739 ipsemet,
1431 1679 1502 1738 a,
1551 1657 1905 1740 principio
1954 1679 2031 1721 se
2078 1659 2535 1721 submiserat:
2598 1677 2848 1740 provo-

287 1763 465 1825 cavit
497 1774 569 1825 et
597 1763 824 1826 fretus
857 1763 1038 1826 salvi
1084 1767 1482 1828 conductus
1530 1765 1799 1828 auxilio
1850 1765 1948 1828 ita
1986 1764 2207 1828 fuisse
2235 1765 2609 1843 facturum,
2656 1766 2849 1845 quod

284 1891 432 1933 cum
480 1870 761 1952 Legato
810 1869 1060 1934 Sancti
1109 1869 1298 1934 Sixti
1347 1872 1722 1952 Augustae
1770 1871 2075 1942 fecerat;
2126 1891 2341 1952 quum
2389 1872 2573 1934 enim
2623 1873 2852 1952 prima

285 1977 392 2038 die
439 1987 856 2040 revocasset
903 1979 1139 2040 omnia
1187 1978 1352 2040 viva
1399 1998 1600 2059 voce,
1665 1999 1851 2059 quae
1899 1979 1972 2040 in
2016 1977 2241 2058 ipsius
2289 1977 2573 2060 scriptis
2620 1976 2852 2041 Sedes

284 2083 704 2168 Apostolica
751 2105 890 2148 non
941 2089 1303 2168 probaret,
1351 2086 1700 2166 postridie
1747 2085 1899 2149 sive
1932 2085 2169 2150 aliena
2199 2085 2565 2165 protervia
2604 2087 2851 2148 seduc-

283 2203 410 2270 tus,
459 2213 586 2256 seu
635 2192 951 2274 maligno
999 2213 1128 2255 suo
1177 2193 1431 2274 spiritu
1481 2192 1833 2257 sententia
1882 2201 2184 2270 mutata,
2252 2192 2564 2255 adducto
2613 2212 2849 2254 secum

285 2298 582 2362 Notario
645 2299 933 2380 publico
997 2310 1067 2363 et
1120 2319 1382 2381 magna
1431 2299 1690 2363 civium
1739 2300 2325 2380 Augustanorum
2374 2307 2665 2362 caterva
2714 2299 2852 2361 cin-

285 2415 466 2486 ctuS,
535 2407 656 2488 qui
717 2407 1080 2470 levitatem
1143 2407 1350 2469 simul
1413 2417 1486 2480 et
1545 2406 1918 2489 perfidiam
1967 2426 2165 2468 suam
2229 2426 2489 2488 magno
2552 2407 2852 2487 strepitu

284 2513 616 2577 universo
667 2515 823 2576 orbi
872 2515 1136 2577 claram
1185 2513 1478 2593 faceret,
1543 2513 1779 2576 attulit
1827 2514 2259 2592 schedulam,
2316 2532 2459 2594 qua
2506 2522 2851 2594 protesta-

283 2621 488 2682 batur
556 2641 634 2682 se
697 2640 836 2682 non
909 2630 1098 2683 stare
1161 2619 1600 2684 revocationi
1665 2641 1835 2684 suae
1898 2619 2132 2682 vocali
2180 2620 2311 2682 sed
2358 2620 2640 2702 scriptis
2690 2620 2851 2700 sui8‚

284 2727 752 2808 discessitque
814 2727 995 2790 liber
1060 2739 1132 2790 et
1191 2728 1528 2809 impunis;
1595 2729 1762 2809 quia
1824 2729 1955 2790 sub
2019 2729 2220 2790 salvo
2284 2730 2639 2790 conductu
2688 2729 2851 2789 illuc

281 2835 718 2899 adcesserat.

1509 3288 1616 3355 36.

951 3414 1378 3493 Aloander
1431 3412 2192 3496 vicecancellario.

1087 3561 1421 3628 (nunciat.
1460 3562 1762 3620 German.
1801 3560 1865 3619 Ῑι.
1901 3562 2061 3635 198.)

1181 3683 1449 3743 (Fortasse
1495 3694 1536 3730 1.
1577 3682 1756 3730 Martii
1804 3678 1977 3749 1521.)

463 3806 713 3869 Ancor
777 3807 908 3871 che
969 3805 1124 3888 pari
1187 3808 1254 3869 el
1311 3806 1508 3871 Cielo
1577 3816 1650 3868 et
1709 3808 1778 3869 la
1844 3815 2037 3869 terra
2101 3814 2173 3867 et
2238 3806 2613 3888 presertim
2673 3812 2855 3867 tutta

287 3924 540 3993 questa
589 3912 978 3975 Germania
1041 3912 1110 3974 in
1171 3915 1240 3976 la
1302 3934 1515 3976 causa
1564 3934 1606 3976 a
1652 3934 1764 3975 me
1815 3932 2207 3976 commessa
2256 3932 2451 3975 esser
2498 3910 2853 3987 contrarii,

288 4030 356 4080 et
401 4021 540 4081 che
588 4039 720 4101 per
767 4018 972 4081 fai-mi
1025 4038 1067 4082 ο
1116 4020 1370 4083 retirar
1403 4022 1595 4083 dalla
1624 4020 1956 4101 impresa‚
2006 4040 2047 4081 o
2082 4022 2361 4083 almeno
2391 4018 2853 4100 intepidirmi:

287 4128 668 4189 tuttavolta
715 4126 765 4188 il
819 4126 1126 4189 Diabolo
1176 4127 1312 4189 mai
1361 4128 1534 4189 hara
1583 4136 1783 4189 tanto
1834 4138 2106 4210 potere,
2158 4129 2288 4190 che
2336 4126 2405 4187 io
2457 4124 2623 4189 lassi
2673 4124 2854 4187 l’im-

285 4253 534 4313 presa,
617 4235 897 4296 almeno
966 4234 1038 4295 di
1101 4244 1367 4316 quanto
1441 4234 1510 4297 in
1573 4254 1686 4297 me
1748 4234 1816 4307 ἐς
1886 4236 2025 4298 ben
2092 4233 2181 4296 mi
2246 4234 2409 4296 dole
2472 4232 2661 4294 assai
2724 4234 2856 4295 che

289 4342 537 4403 alhora
567 4340 742 4403 forsi
777 4360 855 4403 se
887 4340 980 4402 mi
1011 4341 1449 4404 mandarano
1481 4342 1548 4405 le
1598 4361 1764 4405 cose
1812 4342 2152 4423 requisite
2202 4342 2295 4402 da
2340 4360 2452 4402 me
2502 4348 2575 4401 et
2612 4360 2853 4402 neces-

291 4446 510 4525 sarie,
569 4449 858 4529 quando
925 4468 1067 4509 non
1129 4447 1187 4509 si
1234 4447 1444 4529 potra
1490 4449 1612 4529 piu
1661 4449 2042 4521 remediar;
2112 4448 2203 4510 Et
2250 4455 2445 4510 certo
2496 4466 2857 4529 cognosco

293 4554 418 4615 che
468 4555 540 4616 la
585 4554 726 4617 mia
773 4563 1034 4635 troppo
1086 4555 1490 4636 diligentia,
1554 4565 1625 4617 et
1674 4556 1933 4620 astutia
1981 4556 2112 4617 che
2159 4555 2229 4617 io
2276 4554 2432 4617 usai
2479 4554 2601 4634 poi
2658 4555 2700 4615 l'
2734 4572 2855 4636 ag-

292 4660 595 4742 giunger
641 4661 782 4723 mio
831 4661 902 4723 in
954 4660 1298 4743 Fiandra,
1349 4664 1478 4725 che
1509 4663 1548 4723 'l
1599 4673 1793 4724 terzo
1844 4664 1911 4723 dl
1964 4661 2255 4724 obtenni
2302 4661 2353 4724 il
2399 4663 2737 4724 mandato
2786 4661 2856 4722 di

293 4764 511 4829 Cesar
557 4776 628 4828 et
673 4767 912 4829 statim
957 4766 1116 4830 fece
1165 4769 1583 4831 abbrusciar
1630 4769 1677 4830 li
1725 4769 1887 4831 libri
1918 4768 1991 4831 di
2022 4769 2287 4831 Luther
2316 4771 2407 4831 ed
2440 4769 2603 4830 altri
2634 4768 2857 4830 scritti

293 4870 564 4955 famosi,
609 4874 703 4935 ha
734 4872 1021 4937 nociuto
1069 4874 1254 4937 assai
1304 4896 1347 4937 a
1395 4884 1646 4955 questa
1695 4896 1863 4938 cosa
1913 4886 1984 4938 et
2032 4896 2073 4939 a
2122 4896 2261 4949 me3
2310 4875 2575 4957 perche
2624 4874 2673 4936 li
2720 4873 2859 4937 mei

345 4996 510 5047 Balan,
533 4997 817 5037 Documenta
835 4998 1112 5038 buthenna.
2506 4981 2540 5037 7
