3575 5775
1333 537 1790 596 0-4393sp-<2

309 689 846 770 populorumque
883 705 1232 750 consensu
1269 687 1804 767 comprobatam
1835 685 1907 748 in
1942 685 2500 751 controversiam
2531 688 2844 757 trahere:

311 806 368 856 et
421 795 773 858 dementia
841 793 931 856 sit
996 795 1085 855 de
1148 793 1552 856 cerimoniis
1617 793 1878 856 nostrii
1942 805 2013 856 et
2074 793 2215 856 fide
2264 795 2613 856 catholica
2664 796 2847 858 velle

310 902 670 983 disputare,
721 911 792 963 et
839 902 1060 982 vulgo
1109 901 1522 964 scandalum
1571 921 1847 981 parere,
1896 921 2109 982 quam
2157 902 2667 982 prophetarum
2698 923 2847 964 ora-

309 1011 472 1089 cula,
523 1010 1007 1090 apostolorum
1057 1007 1496 1087 testimonia,
1544 1017 1931 1090 martyrum
1982 1007 2277 1090 sanguis
2291 1055 2309 1089 ,
2362 1008 2849 1072 confessorum

308 1115 608 1178 doctrina
656 1114 1121 1179 consecravit.

461 1224 864 1286 Prudenter
910 1223 1380 1285 admoneatur
1427 1223 1575 1284 dux
1625 1232 1697 1284 et
1760 1221 2281 1303 interrogetur,
2347 1243 2439 1285 an
2504 1223 2640 1286 sibi
2703 1225 2851 1307 pul-

307 1333 526 1393 chrum
577 1329 938 1394 videretur
985 1331 1045 1392 si
1096 1351 1339 1412 quem,
1390 1350 1428 1392 e
1485 1329 1632 1394 suis
1695 1329 1999 1391 subditis
2060 1339 2183 1391 aut
2238 1329 2664 1410 corrigeret,
2733 1343 2853 1392 aut

306 1440 626 1501 rebellem
685 1441 986 1502 haberet
1049 1439 1163 1500 vel
1219 1457 1380 1500 eum
1427 1437 1545 1518 qui
1596 1457 1835 1500 secum
1884 1439 2000 1499 vel
2046 1438 2137 1500 de
2187 1436 2472 1499 minimo
2522 1440 2707 1518 pede
2756 1437 2852 1499 di-

307 1545 496 1607 tionis
545 1565 715 1609 suae
767 1545 1204 1608 contendere
1255 1545 1506 1623 vellet,
1563 1564 1654 1606 an
1703 1544 1857 1625 ipse
1906 1543 1974 1606 in
2027 1545 2581 1607 controversiam
2631 1545 2733 1606 ire
2784 1555 2854 1606 et

299 1652 636 1732 judicibus
693 1651 887 1733 ullis,
953 1650 1516 1734 praesertimque
1578 1651 2245 1731 incompetentibuS,
2319 1653 2612 1714 subesse
2658 1653 2853 1714 velit.

309 1759 494 1838 Quod
544 1760 604 1822 si
654 1769 894 1841 negat,
943 1759 1208 1822 ididem
1259 1769 1330 1821 et
1376 1759 1596 1821 multo
1644 1758 1897 1821 iustius
1944 1757 2271 1822 Pontifici
2320 1759 2596 1821 dicatur
2641 1761 2855 1822 Petro

305 1866 428 1929 imo
475 1866 737 1929 Christi
789 1867 1079 1930 Vicario
1148 1887 1288 1929 non
1355 1867 1644 1948 placere
1693 1887 1925 1946 neque
1974 1866 2189 1930 licere
2238 1868 2309 1930 in
2360 1868 2466 1928 ius
2516 1869 2859 1930 adversus

307 1995 496 2036 unam
547 1995 586 2037 e
636 1975 780 2037 suis
829 1975 1233 2038 errantibus
1280 1973 1555 2054 ovibuS,
1603 1975 1973 2036 accedere.

465 2082 848 2144 Moneatur
897 2082 1110 2145 etiam
1141 2080 1476 2160 benigne,
1527 2079 1948 2144 caveat-sibi
1979 2083 2071 2142 ab
2105 2081 2857 2162 excommunicatione,

307 2197 370 2249 et
422 2186 799 2250 interdicto
817 2237 834 2268 ,
903 2208 1135 2270 neque
1192 2187 1367 2250 fidat
1417 2187 1884 2269 appellationi
1934 2188 2415 2252 Lutheranae:
2482 2207 2623 2251 non
2674 2190 2859 2251 enim

305 2295 715 2360 rationabile
764 2305 906 2375 est,
977 2315 1208 2376 neque
1256 2293 1418 2375 paci
1467 2293 2025 2359 Christianorum
2083 2307 2595 2378 opportunum,
2667 2308 2741 2358 ut
2788 2297 2855 2358 in

305 2405 504 2466 rebus
552 2401 1076 2484 spiritualibu5‚
1143 2403 1378 2466 statim
1429 2401 1584 2482 quis
1633 2403 1725 2464 ad
1776 2401 2171 2466 Concilium
2218 2405 2559 2483 generale
2606 2423 2859 2485 provo—

307 2519 441 2590 cet,
507 2511 696 2591 quod
763 2529 1026 2592 magna
1091 2530 1251 2572 cum
1311 2509 1732 2573 difficultate
1778 2511 2233 2591 ‘congregari
2298 2521 2565 2592 potest3
2632 2525 2705 2572 et
2760 2513 2861 2572 sic

305 2614 508 2697 igitur
585 2617 835 2680 liceret
910 2617 1288 2700 unicuique
1363 2615 1734 2703 (quidquid
1800 2617 1935 2679 sibi
2002 2617 2277 2681 libitum
2343 2619 2555 2700 esset)
2614 2629 2861 2680 contra

305 2721 504 2788 fidem
551 2724 838 2806 impune
886 2725 1102 2806 loqui,
1153 2735 1222 2788 et
1269 2727 1360 2786 de
1410 2745 1497 2787 ea
1541 2725 1744 2787 iuxta
1790 2745 1989 2788 suum
2040 2725 2377 2807 cuiusque
2427 2745 2709 2788 sensum
2758 2729 2865 2807 (ut

307 2829 642 2895 Martinus
705 2851 924 2913 saepe
973 2830 1148 2894 facit
1195 2841 1266 2895 et
1315 2831 1642 2912 consulit)
1703 2841 2053 2913 statuere,
2119 2833 2517 2914 scripturae
2578 2853 2861 2897 sensum

305 2950 733 3021 pervertere,
783 2942 1074 3002 decreta
1122 2952 1404 3021 patrum
1451 2961 1738 3022 negare,
1789 2940 2107 3005 conciliis
2138 2942 2536 3019 detrahere,
2586 2952 2863 3003 senten-

305 3048 410 3109 tiis
455 3051 893 3131 prelatorum
942 3047 1338 3111 diffinitivis
1353 3098 1372 3131 ,
1439 3068 1582 3111 non
1632 3048 1963 3127 obedire,
2032 3048 2203 3111 nihil
2254 3048 2538 3111 omnino
2585 3047 2657 3110 in
2706 3049 2863 3110 reli-

307 3153 513 3234 gione
549 3155 751 3236 pensi
780 3158 1072 3233 habere,
1122 3157 1253 3217 sub
1285 3156 1419 3217 hoc
1455 3156 1546 3217 ad
1578 3154 1971 3219 Concilium
2000 3155 2413 3237 appellandi
2451 3164 2861 3236 praetextu:

305 3262 486 3340 quod
540 3262 742 3325 sicuti
792 3272 900 3325 est
959 3262 1548 3342 enormissimum,
1615 3262 2195 3326 absurdissimum
2260 3262 2741 3325 abominabile
2794 3274 2864 3324 et

307 3366 368 3429 in
430 3389 510 3431 re
575 3368 974 3432 Christiana
1038 3370 1737 3451 perniciosissimum:
1806 3371 1906 3432 ita
1966 3390 2097 3451 pro
2164 3381 2359 3433 certo
2412 3380 2657 3433 teneat
2709 3371 2861 3431 illu-

307 3474 676 3539 strissimus
725 3477 894 3539 Dux
942 3477 1426 3557 hujuscemodi
1475 3477 1998 3559 appellationes
2047 3462 2119 3539 et
2180 3476 2527 3557 pessimas
2585 3488 2657 3538 et
2721 3477 2863 3539 ina—

311 3604 428 3647 nes
475 3606 651 3666 esse,
703 3584 1022 3666 nihilque
1069 3586 1436 3665 prodesse,
1487 3584 1863 3667 quominus
1910 3585 2031 3665 qui
2079 3584 2237 3645 illas
2270 3583 2369 3647 sic
2405 3584 2867 3664 interponunt

311 3702 376 3752 et
419 3691 1270 3755 excommunicationibus
1309 3690 1631 3756 innodati
1679 3702 2165 3773 perseverent,
2214 3702 2287 3754 et
2334 3690 2718 3771 aliquando
2768 3692 2863 3751 di-

308 3798 466 3861 vino
509 3800 770 3881 J'udicio
828 3799 1120 3861 veniant
1176 3798 1552 3880 puniendi,
1618 3809 1762 3861 tam
1809 3799 1859 3862 ii
1906 3798 2028 3880 qui
2072 3798 2346 3861 faciunt
2392 3818 2602 3879 quam
2654 3798 2698 3859 ii
2746 3798 2867 3879 qui

312 3904 402 3965 sic
459 3906 886 3969 facientibus
934 3906 1407 3969 consentiunt.

482 4014 790 4077 Possunt
831 4014 1045 4077 etiam
1077 4013 1365 4076 Domini
1398 4011 1740 4077 Oratores
1777 4014 2019 4095 aliqua
2049 4012 2282 4077 obiter
2315 4030 2868 4076 commemorare

315 4118 398 4181 de
444 4120 914 4199 confessione,
963 4120 1439 4201 Eucharistia,
1491 4132 1813 4183 extrema
1860 4120 2221 4183 unctione:
2273 4121 2361 4182 de
2404 4120 2657 4199 quibus
2690 4120 2867 4181 Mar-

313 4225 492 4289 tinus
539 4226 982 4311 apertissime
1032 4248 1118 4290 ea
1165 4228 1490 4306 somniat,
1557 4247 1740 4308 quae
1789 4230 1884 4291 ab
1932 4227 2256 4291 Ecclesia
2286 4226 2655 4289 Catholica
2705 4236 2869 4293 sunt

315 4350 593 4411 prorsus
640 4334 900 4415 aliena,
949 4342 1020 4398 et
1068 4355 1282 4416 quum
1329 4335 1503 4397 nihil
1554 4336 1722 4398 boni
1771 4334 2076 4399 afferant
2126 4355 2212 4396 ea
2260 4354 2443 4413 quae
2480 4333 2716 4412 tradit,
2768 4346 2865 4395 to-

317 4448 450 4502 tum
502 4444 744 4507 orbem
791 4442 860 4505 in
913 4441 1326 4505 scandalum
1371 4437 1635 4505 'vocant
1684 4452 1754 4505 et
1802 4444 2109 4505 trahunt.

485 4546 612 4611 His
659 4561 734 4613 et
781 4547 1123 4613 similibus
1171 4549 1428 4630 topicis
1464 4560 1534 4612 et
1563 4550 2059 4631 probabilibus
2090 4546 2527 4630 argumentis
2560 4550 2651 4609 ad
2682 4549 2871 4610 hunc

317 4670 506 4716 usum
551 4656 857 4719 maxime
915 4656 1336 4720 necessariis
1385 4658 1514 4736 usi,
1564 4656 1851 4719 Domini
1896 4656 2237 4720 Oratores
2286 4658 2573 4719 nomine
2620 4656 2869 4718 Caesa·

319 4779 476 4823 reae
525 4763 917 4846 Majestatis
965 4765 1338 4828 hortentur
1384 4774 1766 4845 precentur
1816 4776 1888 4826 et
1934 4773 2271 4827 moneant
2324 4764 2871 4827 Illustrissimum

319 4864 600 4953 Ducem,
648 4882 725 4933 ut
771 4890 946 4955 prae
997 4871 1220 4935 oculis
1254 4873 1518 4936 habeat
1551 4872 1811 4934 Deum:
1862 4892 2095 4956 neque
2128 4892 2287 4935 cum
2318 4880 2517 4935 tanto
2550 4872 2871 4954 periculo
