3575 5775
1677 531 1794 594 0-43
1876 533 1977 596 184
2056 533 2171 594 ‘Ze-0

643 680 754 748 De
804 680 1197 764 nobilitate,
1245 683 1673 767 germanica.

644 793 756 854 De
806 812 992 854 novo
1039 801 1464 854 testamento
1516 801 1587 854 et
1636 791 1866 855 missa.

645 899 970 962 Assertio
1020 899 1472 962 articulorum
1523 899 1592 962 in
1643 899 2075 982 germanico,

645 1005 761 1068 Ad
811 1005 1190 1069 officialem
1238 1007 1306 1068 in
1361 1005 1704 1088 Stolpem.

645 1112 1059 1195 Appellatio
1109 1114 1199 1174 ad
1251 1113 1644 1177 concilium.

645 1219 961 1282 Libellus
1011 1221 1108 1282 sic
1160 1220 1480 1300 signatus
1531 1221 1616 1284 G.

644 1325 830 1407 Quid
878 1329 1362 1408 respondeant
1419 1327 1840 1392 confitentes
1902 1349 2118 1412 super
2166 1329 2443 1392 litterae
2505 1329 2843 1392 librorum
2892 1331 3217 1393 Martini.

647 1432 950 1514 Quidam
1003 1432 1253 1496 Sermo
1303 1435 1424 1496 ubi
1475 1444 1581 1496 est
1629 1437 1842 1498 homo
1890 1437 2123 1517 pictus
2173 1456 2329 1499 cum
2378 1439 2655 1498 baculo.

644 1541 853 1602 Alter
902 1541 1274 1621 quaternio
1322 1541 1702 1622 inscriptus
1749 1564 1839 1604 an
1888 1543 2015 1605 den
2064 1542 2273 1605 Boch.

644 1645 948 1728 Quidam
999 1647 1178 1710 liber
1227 1658 1388 1710 octo
1438 1650 1964 1729 quaterniorum
2016 1661 2265 1712 contra
2311 1648 2739 1731 pontificem.

1771 1792 2069 1855 Latini.

639 1916 980 1996 Magnum
1029 1917 1358 1977 volumen
1409 1915 1827 1996 impressum
1880 1915 2161 1978 Basilee
2211 1916 2277 1978 in
2329 1915 2522 1978 folio,

639 2025 749 2086 De
799 2022 1213 2105 captivitate
1263 2022 1687 2088 babilonica.

641 2130 966 2192 Assertio
1016 2130 1489 2191 articulorum.

642 2238 750 2298 De
799 2236 1005 2300 bonis
1055 2238 1412 2319 operibus,

639 2343 1070 2424 Explanatio
1121 2344 1473 2405 dominice
1523 2343 1883 2407 orationis

643 2451 1059 2534 Appellatio
1110 2451 1199 2514 ad
1251 2451 1644 2513 concilium.

641 2558 878 2639 Quare
925 2559 1084 2621 libri
1135 2557 1488 2640 pontificis
1535 2557 1672 2618 sint
1720 2557 2091 2620 combusti.

640 2663 890 2727 Sermo
942 2665 1032 2727 de
1082 2664 1585 2747 preparatione
1634 2665 1726 2727 ad
1777 2663 2239 2727 moriendum.

639 2771 1012 2853 Expositio
1061 2771 1126 2832 in
1180 2772 1519 2835 tredecim
1571 2773 1883 2852 psalmos
1932 2772 2220 2852 primos

642 2879 1012 2942 Adversus
1063 2880 1542 2943 execrabilem
1593 2877 2006 2942 antechristi
2056 2878 2342 2943 bullam.

1868 3172 1974 3238 69.

978 3288 1350 3371 Sententia
1403 3290 1669 3369 March.
1728 3290 2345 3389 Brandeburgens
2407 3289 2489 3368 de
2543 3288 2870 3369 Luthem.

1538 3420 1706 3489 (Acta
1741 3418 2013 3477 Wormao.
2048 3418 2141 3477 fol.
2176 3418 2307 3489 124.)

670 3548 858 3609 Ill¹¹¹¹¹⁸
888 3546 1210 3609 Marchio
1245 3546 1915 3627 Brandeburgensis
1938 3547 2112 3627 Imp.
2148 3546 2432 3609 Elector
2458 3549 2639 3608 hanc
2674 3566 2799 3608 suo
2832 3554 2903 3609 et
2932 3546 3181 3609 fratris

817 3654 1097 3716 nomine
1142 3654 1323 3716 dixit
1367 3654 1786 3716 sententiam
1828 3662 1991 3736 post
2036 3654 2553 3734 interrogatum
2603 3653 3023 3716 Lutherum:

819 3794 1001 3876 Quia
1051 3796 1401 3859 Lutherus
1465 3796 1555 3856 ad
1605 3797 2048 3877 questionem
2098 3818 2139 3859 a
2187 3794 2413 3859 Sacra
2462 3794 2767 3858 Cesarea
2824 3794 3209 3859 Maiestate

641 3904 704 3966 ei
755 3924 844 3965 ex
898 3903 1233 3965 laudabili
1293 3913 1364 3964 et
1413 3902 1797 3965 christiana
1845 3913 2080 3966 mente
2128 3903 2569 3984 propositam
2616 3902 3068 3983 responderit
3116 3924 3203 3965 ac

644 4004 1017 4072 manifeste
1066 4010 1278 4072 fuerit
1325 4008 1692 4091 professus
1740 4011 1977 4090 palam
2028 4009 2351 4071 omnibus
2389 4010 2614 4071 libros
2663 4028 2819 4070 esse
2868 4030 3033 4072 suos
3082 4011 3205 4091 qui

640 4116 788 4179 eius
864 4116 1146 4179 nomine
1219 4115 1806 4178 circumferuntur
1872 4125 1942 4178 et
2009 4116 2284 4179 illorum
2336 4124 2756 4197 argumenta
2804 4137 2881 4178 se
2930 4119 3203 4198 populo

636 4223 1043 4304 predicasse
1095 4232 1166 4285 et
1213 4222 1559 4285 docuisse.

814 4330 1274 4392 Inveniantur
1343 4340 1579 4392 autem
1627 4329 1696 4392 in
1772 4330 2039 4393 eisdem
2101 4329 2300 4393 libris
2348 4331 2744 4412 permultae
2792 4338 3071 4393 atroces
3108 4317 3204 4393 'et

635 4437 1130 4499 abhorrendae
1176 4439 1514 4500 haereses
1562 4456 1746 4517 quae
1784 4436 2301 4501 condemnatae
2336 4448 2548 4499 antea
2580 4457 2709 4518 per
2744 4446 3201 4501 sacrosancta

636 4542 939 4605 concilia
978 4564 1058 4605 ac
1109 4564 1240 4626 per
1283 4544 1392 4606 ius
1445 4552 1515 4605 et
1561 4541 1897 4606 iustitiam
1945 4543 2190 4607 debito
2240 4543 2489 4608 ordine
2540 4546 2864 4607 sublatae
2912 4544 3201 4627 penitus

634 4658 706 4712 et
754 4650 1111 4713 extinctae
1160 4648 1462 4714 fuerunt.

808 4754 898 4817 Et
959 4754 1028 4818 in
1083 4757 1220 4819 hoc
1287 4755 1526 4819 affecit
1591 4755 1852 4837 insigni
1913 4757 2342 4822 contumelia
2406 4755 2847 4821 sanctissima
2894 4756 3199 4821 concilia

629 4882 925 4945 quorum
975 4872 1303 4925 auctores
1353 4862 1745 4926 extiterunt
1790 4883 1934 4927 non
1985 4868 2212 4928 solum
2274 4865 2523 4931 summi
2587 4864 3001 4946 pontifice3‚
3066 4867 3195 4928 sed
