3575 5775
1349 547 1840 604 0-43281t3m

1528 907 1674 974 117.

848 1033 1783 1114 vicecancellarius
1857 1032 2363 1113 Alcandro.

1202 1171 1481 1238 (Nuntiat.
1518 1171 1770 1231 German.
1809 1170 1871 1229 1..
1911 1172 2006 1238 81.)

1310 1291 1423 1360 (20.
1460 1293 1693 1356 Augusti
1736 1291 1911 1354 1521.)

508 1436 701 1499 Rev.
750 1435 956 1499 nobis
1006 1435 1482 1500 dilectissime.
1576 1436 1903 1498 Havemo
1951 1457 2094 1499 una
2157 1444 2397 1499 vostra
2458 1437 2546 1499 de
2601 1443 2710 1498 tre
2769 1436 2886 1498 del

334 1564 526 1606 mese
576 1537 669 1605 da
717 1540 989 1628 Gand¹)
1035 1563 1169 1624 per
1215 1545 1283 1606 la
1331 1545 1540 1625 quale
1573 1543 1635 1606 ci
1668 1543 1941 1606 avisate
1975 1545 2044 1605 la
2077 1543 2507 1606 resolutione
2556 1543 2747 1605 facta
2795 1544 2886 1606 de

335 1649 677 1731 expedire
723 1651 775 1712 il
823 1670 1108 1713 correre
1158 1653 1247 1712 de
1280 1650 1543 1714 Cesare
1592 1651 1703 1713 coi
1729 1649 2043 1714 mandati
2089 1669 2223 1732 per
2266 1657 2451 1713 tutta
2485 1647 2888 1731 Germania,

334 1757 521 1837 quali
572 1777 789 1820 erano
845 1758 965 1839 gia
1022 1757 1345 1839 sigillati3
1394 1758 1446 1820 il
1494 1760 1627 1821 che
1675 1758 1711 1820 ὲ
1760 1758 1978 1821 molto
2027 1757 2382 1839 piacciuto
2430 1778 2475 1820 a
2518 1757 2603 1820 N.
2656 1755 2760 1819 8ΡΘ
2819 1765 2890 1820 et

336 1864 549 1925 lauda
595 1865 667 1926 la
712 1863 926 1928 solita
972 1863 1341 1946 diligentia
1390 1874 1631 1928 vostra
1680 1873 1750 1927 et
1799 1873 2063 1946 quanto
2113 1864 2180 1926 al
2231 1861 2494 1946 Signor
2541 1867 2889 1946 guberna-

334 1979 489 2032 tore
538 1969 610 2034 di
658 1971 955 2049 Bressa,
1018 1975 1227 2053 quale
1285 1971 1589 2035 scrivete
1638 1971 1907 2034 esservi
1956 1981 2142 2033 stato
2193 1971 2610 2035 favorevole
2661 1993 2702 2034 a
2749 1974 2891 2033 tale

337 2077 797 2159 expeditione
825 2075 972 2140 Sua
1004 2076 1285 2141 Santita
1332 2077 1405 2141 vi
1453 2090 1829 2142 commette
1877 2079 1948 2141 lo
1997 2078 2414 2160 ringratiate
2465 2088 2537 2141 et
2570 2078 2894 2142 offeriate

336 2193 466 2248 etc.
562 2183 646 2246 N.
696 2183 770 2247 S.
840 2185 876 2246 ὲ
942 2185 1334 2248 certissimo
1401 2189 1532 2249 che
1597 2207 1737 2249 non
1805 2185 2110 2267 bisogna
2177 2187 2264 2248 ne
2329 2186 2742 2250 exhortarvi
2804 2186 2891 2248 ne

335 2289 697 2353 ricordare
746 2291 1127 2355 altrimenti
1175 2315 1218 2356 a
1262 2312 1684 2375 perservare
1730 2292 1827 2354 fin
1876 2295 2008 2356 che
2055 2293 2124 2355 vi
2156 2314 2329 2376 pare
2370 2314 2606 2357 essere
2653 2314 2893 2357 neces-

337 2398 525 2460 saria
570 2398 617 2460 1'
648 2418 870 2479 opera
918 2410 1160 2462 vostra
1211 2403 1385 2474 cos13
1436 2402 1661 2482 perho
1709 2401 1783 2463 in
1828 2409 2012 2463 tutto
2061 2421 2138 2463 se
2186 2410 2483 2464 remette
2533 2423 2572 2464 a
2619 2404 2689 2465 la
2735 2421 2895 2483 pru-

336 2505 581 2567 dentia
628 2514 701 2567 et
744 2506 913 2569 fede
962 2516 1204 2570 vostra
1251 2509 1581 2570 havendo
1629 2517 1917 2571 trovato
1965 2507 2036 2570 in
2083 2508 2202 2570 voi
2248 2509 2291 2571 l’
2328 2528 2467 2571 uno
2516 2517 2589 2572 et
2636 2509 2676 2570 l'
2716 2511 2896 2572 altro

340 2611 526 2674 assai
572 2613 943 2695 maggiore
990 2616 1082 2679 de
1130 2616 1196 2677 la
1246 2613 1737 2698 expettatione
1785 2635 1933 2679 sua.
2026 2615 2384 2698 Adonque
2417 2616 2483 2678 el
2530 2635 2899 2679 remanere

336 2721 567 2782 anche
614 2721 915 2801 qualche
982 2723 1051 2783 di
1114 2721 1357 2790 finche,
1408 2723 1476 2784 el
1530 2723 1837 2804 bisogno
1900 2724 1969 2785 lo
2017 2722 2322 2786 ricerchi
2370 2743 2510 2786 non
2559 2721 2720 2785 sara
2767 2724 2899 2784 che

338 2827 528 2889 bene
567 2828 852 2908 quando
887 2848 931 2890 a
960 2827 1079 2891 voi
1126 2827 1421 2910 piaccia,
1472 2837 1543 2893 et
1589 2837 2019 2893 tornarvene
2066 2828 2189 2912 poi
2236 2829 2521 2912 quando
2569 2829 2643 2892 vi
2686 2827 2900 2912 parra

336 2934 621 3014 poterlo
667 2933 823 2997 fare
871 2954 1083 2997 senza
1127 2936 1445 3017 periculo
1494 2946 1737 2999 vostro
1787 2945 1860 2999 et
1920 2938 2009 2999 de
2056 2938 2125 3000 la
2186 2957 2400 3001 causa
2463 2936 2748 3019 publica
2811 2937 2900 2999 de

337 3047 543 3103 tanta
588 3039 1047 3124 importanza.
1140 3042 1217 3105 L’
1251 3042 1489 3105 officio
1550 3044 1730 3107 fatto
1781 3064 1916 3107 con
1965 3044 2258 3107 Erasmo
2307 3045 2343 3107 ὲ
2395 3054 2550 3107 suto
2599 3044 2899 3125 grande-

340 3156 580 3211 mente
630 3150 696 3212 al
743 3149 1144 3231 proposito,
1193 3159 1266 3213 et
1327 3150 1411 3213 N.
1474 3149 1568 3213 S‘.
1621 3150 1952 3215 desidera
1997 3150 2520 3233 perseveriate‚
2595 3150 2901 3214 iacendo

344 3255 791 3318 dolcemente
840 3256 1015 3338 ogni
1063 3257 1294 3321 sforzo
1328 3279 1459 3340 per
1503 3259 1771 3321 ridurlo
1809 3260 1947 3321 alla
1979 3258 2197 3321 dritta
2243 3258 2381 3339 via,
2431 3259 2561 3321 che
2608 3257 2682 3321 in
2728 3278 2901 3319 vero

342 3360 593 3425 faresti
643 3385 683 3425 a
732 3360 805 3427 S.
856 3361 961 3425 St*
1020 3384 1190 3428 cosa
1238 3365 1796 3447 singularmente
1846 3375 2092 3449 grata,
2147 3366 2411 3447 perche
2475 3386 2676 3428 come
2740 3364 2902 3427 scri-

343 3478 534 3548 vete‚
580 3471 673 3533 ha
722 3472 1012 3551 seguaci
1062 3472 1267 3536 assai.
1364 3472 1569 3535 Circa
1618 3474 1666 3535 li
1697 3472 2059 3535 desordini
2086 3472 2496 3555 procedeno
2547 3475 2662 3535 nel
2712 3474 2903 3534 clero

345 3594 481 3656 per
536 3577 599 3638 la
657 3576 959 3640 timidita
1030 3577 1099 3640 di
1162 3580 1327 3661 quel
1387 3578 1579 3643 Rmo
1638 3588 1709 3642 et
1774 3583 1918 3641 bon
1968 3578 2364 3661 servit0r2),
2427 3580 2663 3641 danno
2726 3598 2904 3659 gran

344 3684 671 3747 molestia
722 3706 761 3747 a
810 3685 893 3748 N.
941 3684 1037 3749 Sr.
1089 3695 1161 3750 et
1208 3706 1250 3749 a
1298 3706 1427 3749 sua
1473 3686 1790 3767 signoria
1836 3687 2027 3749 Rma
2074 3686 2385 3748 incarico
2435 3684 2906 3767 grandissimo

346 3798 419 3850 et
465 3790 585 3871 gia
634 3791 692 3853 si
741 3790 783 3853 ὲ
830 3793 1077 3856 scritto
1140 3795 1209 3856 al
1274 3793 1829 3856 Prothonotario
1885 3792 2261 3874 che‘parli
2325 3812 2539 3874 sopra
2601 3792 2708 3855 cio
2772 3812 2904 3853 con

346 3894 645 3980 Cesar-e,
722 3908 795 3963 et
862 3898 1045 3964 dove
1114 3901 1420 3984 bisogna
1476 3921 1609 3984 per
1664 3901 1828 3963 farli
1889 3900 2059 3982 ogni
2125 3901 2461 3965 remedio.
2565 3898 2706 3961 Voi
2766 3919 2904 3959 non

346 4014 757 4068 mancarete
808 4007 875 4068 di
924 4008 1079 4071 fare
1144 4009 1210 4072 el
1272 4010 1631 4071 medesmo
1692 4018 1762 4070 et
1824 4010 2030 4071 caldo
2088 4007 2325 4070 officio
2389 4017 2458 4069 et
2522 4025 2908 4087 procurare

344 4129 479 4173 con
538 4113 705 4195 ogni
750 4114 1089 4178 instantia
1120 4118 1253 4178 che
1288 4116 1331 4177 ’1
1379 4118 1563 4178 male
1596 4135 1737 4178 non
1768 4117 2104 4197 proceda,
2153 4136 2268 4176 ma
2315 4114 2373 4175 si
2420 4111 2594 4195 tagli
2644 4123 2908 4193 quanto

344 4216 463 4296 pin
535 4230 795 4298 prest0.
905 4221 1066 4285 Non
1136 4232 1457 4304 potreste
1528 4224 1825 4284 credere
1893 4230 2157 4303 quanto
2220 4220 2618 4302 dispiacere
2678 4240 2754 4282 se
2817 4221 2913 4281 ha

268 4368 279 4385 .
344 4324 465 4403 qui
532 4326 617 4389 de
664 4327 790 4389 tali
838 4328 1398 4412 inconvenienti,
1449 4332 1754 4393 maxime
1804 4330 2164 4392 nascendo
2230 4348 2362 4409 per
2423 4328 2493 4389 la
2555 4328 2907 4410 dappoca-

402 4555 454 4622 ¹)
498 4561 715 4611 Frustra
761 4564 999 4627 quaesivi
1056 4562 1190 4612 hanc
1228 4562 1457 4612 litteram
1509 4570 1561 4611 et
1598 4562 1745 4612 illam
1786 4562 1962 4610 datam
2014 4560 2112 4609 sub
2152 4560 2237 4610 die
2283 4573 2362 4611 12.
2413 4560 2647 4609 eiusdem
2687 4562 2917 4631 mensis3

488 4644 717 4692 maxime
772 4643 1061 4693 dolendum
1101 4644 1169 4692 de
1214 4645 1429 4693 istarum
1482 4644 1719 4702 defectu,
1776 4642 2113 4705 singulariter
2149 4642 2287 4689 enim
2345 4642 2637 4705 praetiosae
2674 4643 2917 4691 videntur

488 4730 708 4787 propter
741 4722 979 4773 officinm
1018 4740 1135 4774 cum
1166 4726 1387 4773 Erasmo
1430 4725 1625 4773 sactum
1664 4730 1717 4773 et
1754 4723 2079 4771 narrationes
2117 4722 2474 4771 defectionum
2514 4722 2641 4771 cleri
2667 4725 2915 4787 precipue

490 4802 573 4850 ob
608 4806 904 4867 maguntini
941 4806 1294 4860 oscitantiam.

410 4882 459 4949 ι)
498 4884 756 4951 Archiep.
795 4888 1093 4950 Mag-untia.
1134 4891 1192 4936 ut
1230 4893 1449 4951 apparet
1485 4902 1548 4934 ex
1586 4886 1733 4950 epist.
1778 4883 2040 4933 Alcandri
2077 4884 2164 4932 die
2201 4884 2346 4933 XVI
2381 4882 2517 4948 Julii
2553 4884 2693 4933 data.
