3575 5775
1383 538 1846 594 0-<3418m

329 708 457 769 per
503 689 636 749 che
685 686 943 749 adesso
994 686 1033 749 e
1080 686 1129 748 il
1179 696 1418 767 tempo
1445 735 1460 765 ‚
1523 690 1577 748 sl
1629 707 1760 767 per
1806 687 1875 748 la
1912 686 2271 768 presentia
2305 687 2377 748 di
2414 686 2652 765 Cesar,
2704 707 2903 749 come

331 815 459 877 per
505 796 578 857 la
626 794 840 857 dieta.
2968 774 2979 783 ,

505 900 824 982 Bisogna
873 900 1083 964 etiarn
1133 900 1420 963 omnino
1470 903 1768 963 mandar
1818 903 2057 983 quella
2104 899 2245 962 mia
2293 898 2787 962 commissione
2830 900 2902 963 in

330 1029 542 1071 causa
593 1007 1004 1070 Lutherana
1053 1028 1212 1071 cum
1273 1017 1632 1090 potestate
1694 1006 2171 1071 substituendi
2228 1016 2299 1069 et
2361 1008 2539 1069 altre
2590 1008 2903 1069 clausule

325 1120 380 1177 sl
430 1135 636 1178 come
683 1117 778 1177 ho
827 1115 1071 1177 scritto
1121 1116 1189 1176 al
1223 1115 1374 1177 R¹¹¹⁰
1401 1112 1608 1196 Segr.
1642 1114 1849 1177 Santi
1884 1114 2209 1195 QuattrO,
2242 1115 2667 1177 altramente
2702 1134 2903 1178 come

325 1242 434 1285 me
499 1242 676 1285 sono
741 1221 1006 1303 partito
1065 1222 1155 1285 de
1205 1242 1346 1284 una
1394 1233 1588 1285 terra
1625 1223 2019 1303 repullulat
2066 1221 2305 1303 aliqua
2350 1224 2418 1283 in
2473 1230 2677 1304 parte
2728 1242 2902 1283 mor-

325 1332 492 1411 bus,
565 1349 798 1411 neque
861 1338 970 1392 est
1019 1329 1140 1411 qui
1189 1330 1578 1393 medeatur.
1675 1330 1862 1393 Pero
1912 1328 2241 1411 supplico
2290 1328 2377 1391 V.
2432 1327 2501 1392 S.
2554 1330 2799 1391 Revma
2846 1329 2905 1391 si

325 1436 547 1517 degni
622 1436 908 1499 omnino
980 1437 1438 1499 commandar
1509 1439 1600 1499 ad
1663 1437 1817 1499 suoi
1886 1438 2017 1499 che
2083 1435 2465 1518 procurino
2548 1448 2621 1499 et
2694 1437 2905 1501 mella

325 1544 667 1607 mandino
724 1554 991 1625 presto,
1401 1556 1406 1561 ’

503 1650 665 1713 Hac
726 1651 902 1713 hora
967 1652 1130 1713 dum
1187 1653 1366 1713 haec
1417 1651 1803 1715 scriberem
1852 1654 1916 1714 el
1968 1650 2365 1733 segretario
2413 1650 2902 1713 Maximiliano

323 1778 432 1820 me
501 1759 598 1819 ha
658 1758 996 1821 mandato
1053 1779 1185 1840 per
1247 1779 1386 1822 uno
1439 1759 1548 1821 de’
1599 1760 1738 1823 mei
1786 1761 1857 1821 la
1906 1758 2114 1840 eopia
2163 1759 2355 1821 della
2402 1760 2658 1821 lettera
2706 1758 2761 1819 si
2812 1759 2905 1821 ha

318 1885 362 1927 a
409 1863 688 1927 sci-iver
735 1866 802 1927 al
851 1865 1056 1927 Duca
1103 1864 1174 1927 di
1207 1862 1546 1947 Saxonia,
1597 1868 1666 1928 la
1713 1866 1879 1947 qual
1930 1866 2021 1928 mi
2068 1868 2163 1929 ha
2211 1868 2407 1929 detto
2451 1866 2649 1947 Lege
2698 1866 2833 1927 che
2864 1864 2903 1927 e

319 1971 510 2035 forte
575 1974 842 2043 buona;
909 1971 981 2034 io
1043 1992 1154 2034 me
1215 1974 1286 2035 la
1347 1972 1503 2036 faro
1565 1973 1996 2056 interpretar
2057 1992 2188 2055 per
2244 1992 2442 2037 esser
2490 1972 2903 2052 alemanica,

319 2088 390 2141 et
453 2099 538 2141 se
595 2078 757 2141 sara
805 2100 846 2141 a
895 2081 1106 2141 modo
1155 2079 1298 2142 mio
1345 2079 1732 2144 sollicitato
1782 2082 1913 2143 che
1962 2082 2031 2143 la
2080 2100 2156 2143 se
2206 2078 2445 2142 mandi
2491 2079 2725 2143 subito
2773 2100 2904 2161 per

317 2184 364 2247 il
415 2184 693 2247 corrier
740 2184 812 2247 di
861 2184 1126 2249 Cesare
1173 2185 1247 2250 in
1295 2184 1640 2251 Saxonia.
2798 2172 2811 2185 ⁶

1695 2368 1814 2379 Μ

1565 2554 1669 2619 15.

771 2665 1158 2747 Cuiusdam
1215 2668 1522 2769 epistola
1579 2671 1662 2751 de
1718 2672 1931 2751 rebus
1991 2668 2450 2755 Germanicis..

441 2812 720 2882 (Leandri
758 2814 820 2871 et.
857 2814 1098 2873 aliorum
1133 2814 1436 2889 Epistulae.
1475 2848 1538 2859 -·
1581 2818 1748 2877 Aroh.
1785 2818 1972 2879 Vatlo.
2009 2820 2161 2878 Arm.
2198 2820 2272 2879 11.
2309 2834 2455 2894 nupt.
2492 2820 2535 2877 1.
2572 2820 2637 2877 R.
2678 2820 2781 2893 81.)

1301 2936 1412 3002 (22.
1454 2939 1696 3002 Jannarii
1743 2937 1917 3008 1521.)

539 3059 726 3123 Rev.
758 3059 990 3122 Mons.
1041 3059 1181 3123 mio
1233 3061 1905 3128 observandissinm.
1980 3064 2250 3146 Questa
2298 3085 2458 3128 sera
2507 3086 2548 3127 a
2596 3087 2689 3128 un
2722 3068 2901 3128 hora

318 3167 387 3228 di
457 3174 661 3229 notte
723 3167 772 3227 il
837 3185 1019 3248 gran
1067 3168 1370 3230 scudero
1421 3169 1682 3250 partite
1733 3172 1822 3233 de
1872 3173 1987 3253 qul
2037 3171 2109 3234 in
2157 3182 2368 3253 posta
2414 3193 2546 3254 per
2592 3171 2902 3236 Fiandra

317 3284 388 3335 et
452 3273 527 3335 io
591 3273 636 3335 1'
670 3272 764 3335 ho
829 3273 1014 3335 visto
1079 3284 1634 3355 secretamente,
1700 3278 1815 3339 chi
1880 3278 2037 3341 dice
2105 3281 2237 3342 che
2286 3279 2331 3341 1’
2368 3281 2403 3343 ὲ
2454 3282 2719 3342 andato
2769 3301 2901 3361 per

317 3379 554 3444 dinari
621 3379 734 3443 chi
798 3381 957 3444 dice
1006 3402 1048 3444 a
1095 3403 1344 3445 menar
1389 3383 1432 3445 l'
1465 3383 1777 3466 infante,
1846 3407 1962 3449 ma
2011 3388 2075 3449 el
2124 3407 2299 3450 vero
2350 3387 2387 3450 ὲ
2437 3388 2568 3450 che
2618 3387 2661 3449 l'
2697 3388 2733 3451 ὲ
2784 3409 2897 3449 an-

317 3489 491 3550 dato
523 3509 566 3550 a
598 3498 868 3551 metere
901 3489 972 3550 in
1021 3489 1270 3551 ordine
1319 3490 1362 3552 1’
1399 3501 1671 3554 armata
1719 3493 1875 3556 acio
1926 3496 2057 3557 che
2106 3515 2147 3557 a
2198 3505 2448 3576 questa
2494 3496 2899 3576 primavera

316 3594 776 3676 l'imperator
823 3595 1019 3676 possi
1067 3597 1334 3660 andare
1384 3597 1454 3658 in
1490 3597 1790 3682 Spagna
1841 3611 1911 3663 et
1959 3601 2132 3664 forsi
2180 3600 2299 3682 piu
2337 3612 2582 3682 presto
2624 3623 2702 3665 se
2738 3601 2898 3666 sara

315 3701 689 3783 possibile.

535 3807 810 3890 Questa
873 3811 1170 3873 mattina
1233 3811 1286 3872 s'
1339 3813 1374 3874 ὲ
1439 3813 1634 3876 facto
1699 3815 1742 3876 1²
1779 3833 2082 3897 exequle
2149 3817 2239 3877 de
2302 3817 2371 3878 la
2438 3818 2550 3880 bo,
2601 3836 2731 3878 me.
2785 3817 2900 3878 del

323 3915 708 3978 Cardinale
759 3915 828 3978 di
881 3917 1090 3999 Cmy,
1157 3918 1344 3981 dove
1393 3941 1517 3982 era
1565 3923 1632 3983 la
1664 3921 1939 3984 Maesta
1974 3920 2308 3985 Cesarea.
2386 3923 2761 4004 Magontia
2808 3924 2899 3984 ha

324 4025 717 4096 celebrato;
773 4023 846 4084 vi
895 4043 1018 4086 era
1067 4024 1385 4106 Colonia,
1434 4027 1753 4108 Treveri,
1806 4027 2033 4091 Conte
2084 4029 2435 4109 Palatino,
2488 4030 2781 4092 Duccha
2830 4029 2899 4090 di

323 4129 664 4210 saxonia,
714 4132 856 4192 allo
903 4129 1229 4195 incontro
1277 4133 1349 4195 vi
1400 4155 1523 4196 era
1572 4133 2037 4215 Sedunensi5‚
2090 4135 2529 4218 BurgiensiS,
2584 4137 2626 4198 1'
2660 4147 2900 4199 orator

323 4236 758 4318 apostolico,
827 4238 869 4300 l'
904 4249 1147 4301 orator
1209 4240 1794 4304 christianissimo
1861 4255 1931 4305 et
1978 4241 2027 4304 il
2078 4243 2395 4320 Veneto,
2460 4243 2898 4325 incapuzzati

325 4364 451 4406 era
499 4344 876 4423 Chievre5‚
941 4366 1033 4407 un
1099 4346 1437 4410 fanciullo
1501 4348 1779 4430 piccolo
1844 4349 2129 4412 fratello
2182 4351 2297 4412 del
2347 4351 2537 4413 dicto
2589 4351 2801 4434 Croy,
2853 4353 2897 4415 il

323 4469 504 4530 gran
537 4451 831 4530 Mami-0,
884 4455 946 4515 el
999 4473 1178 4534 gran
1229 4457 1554 4530 scudem,
1605 4475 1744 4518 uno
1794 4455 2067 4538 figliolo
2119 4455 2235 4518 del
2284 4477 2466 4540 gran
2506 4457 2777 4521 Mastro
2831 4470 2900 4522 et

328 4557 444 4619 doi
509 4558 670 4620 altri
733 4559 1032 4640 parenti.
1127 4560 1184 4623 Il
1252 4561 1449 4641 prior
1513 4562 1582 4622 di
1632 4561 1857 4625 Santo
1908 4563 2283 4627 Dominico
2334 4566 2399 4626 d'
2430 4566 2761 4648 Augusta
2808 4567 2901 4629 ha

326 4663 514 4726 facto
563 4664 606 4726 l'
639 4665 961 4728 oratione
1012 4677 1082 4729 et
1128 4678 1541 4731 veramente
1589 4690 1720 4751 per
1769 4673 2081 4733 barbaro
2134 4692 2274 4734 non
2326 4693 2402 4734 se
2436 4682 2708 4754 poteva
2740 4691 2897 4752 por-

327 4783 481 4833 tare
527 4773 839 4855 peggiO,
905 4785 975 4836 et
1025 4775 1316 4838 haveria
1367 4775 1544 4838 ditto
1593 4777 1712 4858 piu
1765 4779 1855 4840 de
1908 4780 2144 4860 quello
2192 4781 2322 4861 ha,
2388 4801 2465 4842 se
2512 4800 2655 4841 non
2703 4780 2898 4843 fusse

329 4887 512 4940 stato
577 4881 708 4941 che
772 4892 883 4943 tre
947 4883 1139 4945 volte
1205 4883 1304 4964 gli
1368 4883 1443 4944 fu
1494 4885 1673 4946 ditto
1724 4886 1855 4947 che
1908 4885 1951 4947 'l
1996 4884 2275 4967 finisse,
2340 4888 2605 4969 perche
2655 4889 2701 4951 il
2752 4889 2893 4951 Ma-
