3575 5775
1373 516 1867 593 &esaie-⁶

337 671 476 739 Dei
521 675 634 741 ira
685 676 1071 742 immissum
1143 688 1289 761 est,
1351 682 1496 743 ulla
1560 690 1809 745 nostra
1870 680 2315 767 negligentia
2370 682 2443 746 in
2510 690 2901 748 extremam

339 783 788 849 Christianae
836 786 940 850 rei
999 786 1390 870 perniciem
1450 798 1844 853 excrescat.
1954 788 2113 871 Qua
2173 790 2246 853 in
2310 810 2389 853 re
2452 790 2901 855 considerare

337 891 561 955 debet
623 892 964 974 Maiestas
1031 894 1186 959 Tua
1244 893 1710 959 immortalem
1776 894 2039 976 Deum,
2102 896 2697 977 quemadmodum
2761 899 2901 961 duo

334 998 462 1061 illa
507 1018 774 1081 magna
841 1000 909 1063 in
963 1001 1165 1063 coelo
1228 1000 1600 1065 luminaria
1647 1001 2101 1065 dimetiendis
2156 1002 2407 1067 diebus
2456 1012 2527 1066 et
2574 1006 2901 1087 tempori-

335 1110 471 1169 bus
540 1106 928 1188 praefecit,
999 1108 1102 1171 ita
1170 1118 1240 1171 et
1285 1108 1356 1171 in
1403 1110 1612 1173 terris
1659 1110 2131 1191 gubernando
2182 1109 2583 1175 Christiano
2632 1115 2901 1195 populo

334 1232 516 1295 prae
585 1214 892 1277 coeteris
941 1213 1433 1296 Apostolicam
1492 1224 1563 1278 et
1611 1215 2035 1279 Caesaream
2084 1214 2502 1297 dignitatem
2562 1218 2904 1283 immensa

337 1340 468 1383 sua
511 1320 898 1402 prudentia
943 1320 1434 1403 constituisse,
1495 1322 1686 1384 illam
1708 1369 1726 1403 ,
1791 1331 1867 1385 ut
1928 1332 2201 1386 mentes
2263 1323 2625 1389 hominum
2672 1346 2900 1389 sacra-

337 1426 601 1491 mentis
645 1426 850 1508 fidei,
901 1428 1141 1491 divino
1190 1430 1418 1511 cultu,
1463 1428 1814 1511 bonisque
1862 1429 2181 1493 moribus
2225 1429 2645 1512 illustraret,
2691 1433 2901 1514 hanc,

337 1542 416 1595 ut
464 1554 646 1615 quos
705 1534 828 1597 illa
889 1534 1387 1599 inobedientes
1461 1542 1533 1598 et
1592 1533 1983 1618 iniquitatis
2034 1535 2219 1599 filios
2281 1545 2354 1600 et
2411 1536 2787 1622 presertim
2830 1539 2905 1605 in

334 1640 704 1704 haeretica
764 1642 928 1704 labe
977 1641 1409 1724 obstinatOS,
1478 1651 1729 1725 utpote
1776 1642 2219 1726 perniciosas
2266 1644 2525 1727 stirpes
2566 1646 2905 1710 radicitus

341 1747 783 1811 excidendas
830 1748 1234 1831 indicasset,
1285 1748 1756 1830 gravioribuS,
1808 1769 1891 1811 ac
1940 1748 2154 1813 etiam
2184 1751 2608 1833 capitalibus
2640 1754 2901 1836 suppli-

339 1854 467 1919 ciis
529 1864 914 1919 coerceret.
1027 1855 1118 1919 Et
1189 1856 1515 1938 profecto
1583 1856 1642 1920 si
1717 1856 1875 1938 quis
1920 1877 2069 1920 rem
2118 1878 2397 1922 omnem
2459 1860 2642 1922 hanc
2706 1868 2903 1923 recte

336 1963 781 2045 perpendat,
849 1962 1099 2026 merito
1167 1962 1526 2026 videbitur
1591 1963 2016 2045 Apostolica
2076 1960 2303 2028 Sedes
2364 1965 2497 2028 hac
2563 1966 2634 2028 in
2696 1976 2903 2049 parte

338 2088 469 2132 suo
516 2078 812 2132 munere
859 2067 1258 2151 perfuncta,
1307 2068 1365 2132 si
1413 2070 1697 2152 quidem
1745 2069 1932 2132 idem
1981 2068 2131 2133 Leo
2180 2071 2521 2134 Pontifex
2566 2075 2658 2135 ab
2705 2074 2909 2138 initio¹

337 2176 579 2240 statim
625 2176 832 2239 huius
880 2176 1060 2256 mali,
1112 2196 1323 2258 quam
1357 2177 1476 2240 diu
1518 2178 1588 2241 in
1621 2176 1947 2240 humanis
1985 2178 2154 2259 egit,
2206 2180 2472 2244 nullum
2516 2182 2905 2245 remedium

341 2282 602 2365 omisit,
650 2283 844 2365 quod
891 2280 984 2347 ad
1033 2284 1420 2349 curandum
1465 2284 1652 2346 hunc
1701 2286 2025 2347 morbum
2073 2284 2311 2349 facere
2340 2286 2723 2353 videretur.
2814 2288 2905 2353 Et

339 2411 512 2454 mox
561 2384 847 2453 secutus
894 2390 1261 2454 Adrianus
1297 2388 1559 2454 Sextus
1607 2393 1788 2454 hanc
1840 2394 1934 2454 ob
1982 2412 2266 2456 causam
2316 2394 2663 2458 Nuncium
2709 2397 2901 2479 Apo-

339 2497 669 2561 stolicum
719 2498 811 2559 ad
858 2497 1232 2580 Principes
1279 2499 1726 2579 populosque
1769 2495 2221 2580 Germaniae,
2272 2499 2420 2563 Nos
2463 2522 2637 2565 vero
2690 2502 2906 2567 etiam

340 2604 697 2686 Legatum
745 2606 838 2667 de
883 2605 1107 2667 latere
1157 2604 1489 2667 dilectum
1547 2603 1766 2667 filium
1829 2614 2145 2669 nostrum
2210 2605 2660 2672 Cardinalem
2708 2609 2904 2674 Cam-

339 2711 666 2794 pegium‚
727 2730 998 2773 summa
1044 2709 1438 2793 probitate,
1487 2710 1898 2794 prudentia,
1956 2720 2027 2774 et
2074 2712 2400 2777 doctrina
2450 2713 2697 2796 virum,
2743 2735 2903 2799 pro-

339 2819 533 2881 xime
579 2816 929 2881 misimus:
997 2818 1057 2881 si
1105 2837 1246 2900 qua
1290 2816 1446 2881 fieri
1493 2828 1740 2900 posset
1786 2828 1863 2881 ut
1910 2819 2225 2898 blandis,
2287 2820 2717 2904 mitibusque
2763 2842 2903 2887 me-

341 2926 780 3007 dicamentis‚
830 2945 1014 3007 quae
1060 2945 1236 2990 oves
1281 2927 1415 2990 hac
1462 2925 2061 3009 perniciosissima
2091 2930 2255 2991 labe
2288 2939 2529 2993 essent
2572 2928 2904 3013 infectae,

343 3041 786 3096 sanarentur.
866 3029 1016 3096 Sed
1046 3051 1259 3114 quum
1288 3033 1422 3094 hac
1465 3031 1583 3095 via
1616 3053 1825 3115 quam
1873 3041 2251 3118 tantopere
2299 3036 2899 3120 desiderabamuS,

342 3138 515 3202 nihil
562 3137 1110 3221 profecerimus,
1177 3137 1524 3220 reliquum
1576 3148 1716 3220 est,
1765 3148 1843 3201 ut
1889 3140 2081 3221 quod
2128 3141 2267 3204 iam
2316 3143 2409 3204 ad
2454 3142 2901 3225 Majestatem

344 3246 566 3308 Tuam
612 3243 1056 3327 potissimum
1104 3245 1444 3327 pertinet,
1494 3245 1857 3328 aliquanto
1906 3246 2187 3311 acriora
2230 3249 2747 3314 medicamenta
2783 3252 2901 3314 ad-

344 3352 742 3416 hibeantur.
833 3351 1047 3414 Inviti
1093 3351 1168 3413 id
1215 3351 1500 3434 quidem
1549 3350 1981 3438 (Deusscit)
2052 3355 2179 3416 sed
2238 3365 2317 3418 ut
2374 3356 2588 3439 periti
2648 3357 2904 3422 medici

348 3459 580 3525 facere
629 3463 901 3540 solent,
947 3460 1362 3541 suademus,
1426 3480 1514 3523 ne
1563 3460 1623 3523 si
1671 3459 1933 3524 diutius
1979 3461 2115 3524 hoc
2164 3462 2567 3526 carcinoma
2611 3484 2903 3547 serpere

343 3567 824 3649 permittatur,
873 3575 1097 3630 totum
1145 3566 1500 3630 Dominici
1547 3567 1794 3650 gregis
1841 3588 2099 3652 corpus
2122 3573 2690 3652 'computrescat.
2783 3571 2904 3636 Ad

343 3675 478 3736 hoc
524 3683 594 3736 te
657 3681 802 3737 tam
842 3682 1198 3755 sanctum,
1265 3683 1552 3756 tamque
1607 3675 1969 3738 laudabile
2030 3675 2307 3740 facinus
2366 3679 2903 3762 agrediendum,

347 3799 488 3844 non
533 3782 743 3844 modo
791 3779 1174 3863 Imperiale
1225 3780 1532 3844 officium
1580 3802 1828 3845 verum
1876 3781 2088 3846 etiam
2136 3784 2682 3850 Praecessorum
2750 3795 2905 3850 tuo-

349 3907 500 3950 rum
558 3885 1311 3950 Christianissimorum
1370 3887 1888 3970 Imperatorum
1972 3892 2301 3972 exempla
2378 3912 2521 3956 non
2598 3891 2902 3956 invitare

349 3995 604 4076 solum,
673 3994 802 4058 sed
860 4003 932 4056 et
979 3993 1275 4058 incitare
1339 3995 1638 4059 debent:
1715 3995 1776 4059 si
1832 3996 2117 4078 quidem
2179 3997 2714 4080 Constantinus,
2782 3999 2898 4081 qui

350 4099 610 4180 primus
655 4099 1104 4183 Imperialem
1155 4098 1417 4164 Sedem
1467 4101 1540 4164 in
1589 4101 1956 4166 Orientem
2004 4104 2397 4186 transtulit,
2460 4117 2531 4168 et
2576 4107 2897 4169 Theodo-

353 4205 494 4270 sius
537 4207 960 4270 sanctissimi
1007 4207 1484 4290 Imperatores
1531 4207 1601 4271 in
1653 4209 2099 4290 extirpandis
2147 4210 2427 4294 ariana,
2490 4226 2560 4276 et
2608 4213 2901 4277 nestori·

353 4333 486 4376 ana
513 4313 928 4378 haeresibus
957 4334 1097 4377 non
1129 4315 1356 4378 minus
1384 4313 1622 4378 ferrea
1653 4316 1865 4398 virga
1889 4316 2359 4383 Christianam
2388 4319 2900 4401 rempublicam

351 4419 706 4504 iuverunt,
771 4442 980 4503 quam
1037 4421 1107 4485 in
1160 4421 1490 4485 Consiliis
1551 4424 1644 4485 ob
1697 4424 1889 4489 -hanc
1938 4445 2222 4489 causam
2271 4425 2650 4491 autoritate
2696 4428 2901 4510 hujus

357 4525 809 4608 Apostolicae
879 4525 1092 4591 Sedis
1167 4529 1628 4611 congregatis
1694 4537 1943 4594 contra
2012 4533 2531 4597 haereticorum
2596 4533 2903 4616 impetus

357 4629 626 4697 Sanctis
686 4633 1012 4716 patribus
1078 4655 1206 4698 sua
1265 4633 1629 4716 presentia
1694 4644 1909 4700 antea
1972 4637 2414 4705 adstiterant.
2519 4640 2761 4723 Atque
2825 4651 2902 4704 ut

357 4741 446 4800 ab
494 4737 972 4805 Orientalibus
1019 4741 1111 4804 ad
1161 4739 1496 4806 occiduos
1540 4740 2020 4823 Imperatores
2073 4743 2386 4810 familiae
2456 4757 2622 4811 tuae
2684 4749 2903 4830 longa

359 4845 532 4908 serie
575 4849 992 4912 coniunctos
1037 4849 1444 4931 veniamus,
1494 4847 1789 4912 Carolus
1854 4851 1975 4914 ille
2030 4873 2364 4935 magnus,
2429 4855 2627 4918 cuius
2688 4865 2765 4917 ut
2829 4855 2897 4918 in

409 4971 1160 5025 Balan,noeumenta1.uthenna.
2438 5006 2451 5018 .
2548 4961 2617 5014 22
