<?xml version="1.0" encoding="UTF-8"?>
<!DOCTYPE html PUBLIC "-//W3C//DTD XHTML 1.0 Transitional//EN"
    "http://www.w3.org/TR/xhtml1/DTD/xhtml1-transitional.dtd">
<html xmlns="http://www.w3.org/1999/xhtml" xml:lang="en" lang="en">
 <head>
  <title>
</title>
<meta http-equiv="Content-Type" content="text/html;charset=utf-8" />
  <meta name='ocr-system' content='tesseract 3.04.00' />
  <meta name='ocr-capabilities' content='ocr_page ocr_carea ocr_par ocr_line ocrx_word'/>
</head>
<body>
  <div class='ocr_page' id='page_1' title='image "./monumentareform02vatigoog_0343.png"; bbox 0 0 3575 5775; ppageno 0'>
   <div class='ocr_carea' id='block_1_1' title="bbox 1334 600 1828 656">
    <p class='ocr_par' dir='ltr' id='par_1_1' title="bbox 1334 600 1828 656">
     <span class='ocr_line' id='line_1_1' title="bbox 1334 600 1828 656; baseline 0 -2"><span class='ocrx_word' id='word_1_1' title='bbox 1334 600 1828 656; x_wconf 46' lang='lat' dir='ltr'>0-{3‘2758m</span> 
     </span>
    </p>
   </div>
   <div class='ocr_carea' id='block_1_2' title="bbox 335 744 2869 1791">
    <p class='ocr_par' dir='ltr' id='par_1_2' title="bbox 335 744 2869 1791">
     <span class='ocr_line' id='line_1_2' title="bbox 339 744 2866 826; baseline 0.001 -21"><span class='ocrx_word' id='word_1_2' title='bbox 339 748 527 807; x_wconf 83' lang='lat' dir='ltr'>breve</span> <span class='ocrx_word' id='word_1_3' title='bbox 572 765 725 807; x_wconf 89' lang='lat' dir='ltr'>cum</span> <span class='ocrx_word' id='word_1_4' title='bbox 781 744 1045 814; x_wconf 70' lang='lat' dir='ltr'>faculta</span> <span class='ocrx_word' id='word_1_5' title='bbox 1098 745 1229 806; x_wconf 90' lang='lat' dir='ltr'>che</span> <span class='ocrx_word' id='word_1_6' title='bbox 1278 745 1345 806; x_wconf 94' lang='lat' dir='ltr'>io</span> <span class='ocrx_word' id='word_1_7' title='bbox 1395 745 1443 807; x_wconf 88' lang='lat' dir='ltr'>li</span> <span class='ocrx_word' id='word_1_8' title='bbox 1490 745 1681 826; x_wconf 88' lang='lat' dir='ltr'>possi</span> <span class='ocrx_word' id='word_1_9' title='bbox 1733 748 2108 823; x_wconf 82' lang='lat' dir='ltr'>absolvet,</span> <span class='ocrx_word' id='word_1_10' title='bbox 2159 767 2299 808; x_wconf 87' lang='lat' dir='ltr'>non</span> <span class='ocrx_word' id='word_1_11' title='bbox 2350 749 2682 808; x_wconf 89' lang='lat' dir='ltr'>obstante</span> <span class='ocrx_word' id='word_1_12' title='bbox 2734 748 2866 807; x_wconf 87' lang='lat' dir='ltr'>che</span> 
     </span>
     <span class='ocr_line' id='line_1_3' title="bbox 338 849 2866 934; baseline 0.001 -22"><span class='ocrx_word' id='word_1_13' title='bbox 338 851 407 914; x_wconf 86' lang='lat' dir='ltr'>N.</span> <span class='ocrx_word' id='word_1_14' title='bbox 449 849 512 913; x_wconf 91' lang='lat' dir='ltr'>S.</span> <span class='ocrx_word' id='word_1_15' title='bbox 559 873 635 915; x_wconf 90' lang='lat' dir='ltr'>se</span> <span class='ocrx_word' id='word_1_16' title='bbox 665 852 715 914; x_wconf 92' lang='lat' dir='ltr'>li</span> <span class='ocrx_word' id='word_1_17' title='bbox 747 854 977 914; x_wconf 82' lang='lat' dir='ltr'>havea</span> <span class='ocrx_word' id='word_1_18' title='bbox 1006 851 1355 914; x_wconf 86' lang='lat' dir='ltr'>reservati</span> <span class='ocrx_word' id='word_1_19' title='bbox 1389 872 1430 912; x_wconf 89' lang='lat' dir='ltr'>a</span> <span class='ocrx_word' id='word_1_20' title='bbox 1465 873 1563 916; x_wconf 91' lang='lat' dir='ltr'>se.</span> <span class='ocrx_word' id='word_1_21' title='bbox 1628 853 1725 914; x_wconf 71' lang='lat' dir='ltr'>Se</span> <span class='ocrx_word' id='word_1_22' title='bbox 1759 855 1913 915; x_wconf 88' lang='lat' dir='ltr'>loro</span> <span class='ocrx_word' id='word_1_23' title='bbox 1963 853 2238 915; x_wconf 86' lang='lat' dir='ltr'>fussero</span> <span class='ocrx_word' id='word_1_24' title='bbox 2289 857 2404 934; x_wconf 83' lang='lat' dir='ltr'>qul</span> <span class='ocrx_word' id='word_1_25' title='bbox 2454 852 2770 934; x_wconf 84' lang='lat' dir='ltr'>presenti</span> <span class='ocrx_word' id='word_1_26' title='bbox 2819 853 2866 914; x_wconf 93' lang='lat' dir='ltr'>li</span> 
     </span>
     <span class='ocr_line' id='line_1_4' title="bbox 338 957 2866 1040; baseline 0 -21"><span class='ocrx_word' id='word_1_27' title='bbox 338 957 542 1020; x_wconf 85' lang='lat' dir='ltr'>harrei</span> <span class='ocrx_word' id='word_1_28' title='bbox 586 959 845 1022; x_wconf 89' lang='lat' dir='ltr'>indotti</span> <span class='ocrx_word' id='word_1_29' title='bbox 892 979 936 1022; x_wconf 88' lang='lat' dir='ltr'>a</span> <span class='ocrx_word' id='word_1_30' title='bbox 980 958 1094 1020; x_wconf 82' lang='lat' dir='ltr'>far</span> <span class='ocrx_word' id='word_1_31' title='bbox 1141 959 1632 1040; x_wconf 85' lang='lat' dir='ltr'>procuratorio</span> <span class='ocrx_word' id='word_1_32' title='bbox 1682 960 1773 1020; x_wconf 90' lang='lat' dir='ltr'>ad</span> <span class='ocrx_word' id='word_1_33' title='bbox 1821 961 2207 1040; x_wconf 88' lang='lat' dir='ltr'>petendam</span> <span class='ocrx_word' id='word_1_34' title='bbox 2255 960 2778 1022; x_wconf 83' lang='lat' dir='ltr'>absolutionem</span> <span class='ocrx_word' id='word_1_35' title='bbox 2825 979 2866 1020; x_wconf 87' lang='lat' dir='ltr'>a</span> 
     </span>
     <span class='ocr_line' id='line_1_5' title="bbox 336 1064 2867 1148; baseline 0.001 -23"><span class='ocrx_word' id='word_1_36' title='bbox 336 1064 445 1125; x_wconf 80' lang='lat' dir='ltr'><strong>S¹¹¹⁰</strong></span> <span class='ocrx_word' id='word_1_37' title='bbox 488 1066 679 1139; x_wconf 86' lang='lat' dir='ltr'>Dno;</span> <span class='ocrx_word' id='word_1_38' title='bbox 752 1087 865 1128; x_wconf 90' lang='lat' dir='ltr'>ma</span> <span class='ocrx_word' id='word_1_39' title='bbox 926 1065 1192 1146; x_wconf 78' lang='lat' dir='ltr'>perche</span> <span class='ocrx_word' id='word_1_40' title='bbox 1256 1086 1432 1128; x_wconf 91' lang='lat' dir='ltr'>sono</span> <span class='ocrx_word' id='word_1_41' title='bbox 1496 1065 1787 1127; x_wconf 86' lang='lat' dir='ltr'>distanti</span> <span class='ocrx_word' id='word_1_42' title='bbox 1849 1065 1970 1146; x_wconf 79' lang='lat' dir='ltr'>piu</span> <span class='ocrx_word' id='word_1_43' title='bbox 2029 1068 2118 1129; x_wconf 93' lang='lat' dir='ltr'>de</span> <span class='ocrx_word' id='word_1_44' title='bbox 2168 1067 2318 1128; x_wconf 88' lang='lat' dir='ltr'>XV</span> <span class='ocrx_word' id='word_1_45' title='bbox 2367 1067 2727 1148; x_wconf 88' lang='lat' dir='ltr'>giornate,</span> <span class='ocrx_word' id='word_1_46' title='bbox 2801 1067 2867 1128; x_wconf 91' lang='lat' dir='ltr'>el</span> 
     </span>
     <span class='ocr_line' id='line_1_6' title="bbox 335 1173 2866 1255; baseline 0.001 -22"><span class='ocrx_word' id='word_1_47' title='bbox 335 1174 466 1234; x_wconf 91' lang='lat' dir='ltr'>loro</span> <span class='ocrx_word' id='word_1_48' title='bbox 510 1183 925 1254; x_wconf 80' lang='lat' dir='ltr'>procurator</span> <span class='ocrx_word' id='word_1_49' title='bbox 972 1175 1103 1235; x_wconf 89' lang='lat' dir='ltr'>che</span> <span class='ocrx_word' id='word_1_50' title='bbox 1154 1175 1509 1236; x_wconf 88' lang='lat' dir='ltr'>domanda</span> <span class='ocrx_word' id='word_1_51' title='bbox 1572 1174 1612 1235; x_wconf 87' lang='lat' dir='ltr'>l&#39;</span> <span class='ocrx_word' id='word_1_52' title='bbox 1644 1173 2048 1236; x_wconf 85' lang='lat' dir='ltr'>absolution</span> <span class='ocrx_word' id='word_1_53' title='bbox 2108 1195 2238 1255; x_wconf 88' lang='lat' dir='ltr'>per</span> <span class='ocrx_word' id='word_1_54' title='bbox 2286 1176 2437 1237; x_wconf 90' lang='lat' dir='ltr'>loro</span> <span class='ocrx_word' id='word_1_55' title='bbox 2488 1174 2525 1236; x_wconf 76' lang='grc' dir='ltr'>ὲ</span> <span class='ocrx_word' id='word_1_56' title='bbox 2574 1194 2714 1236; x_wconf 93' lang='lat' dir='ltr'>uno</span> <span class='ocrx_word' id='word_1_57' title='bbox 2763 1193 2866 1236; x_wconf 89' lang='lat' dir='ltr'>se-</span> 
     </span>
     <span class='ocr_line' id='line_1_7' title="bbox 336 1279 2868 1362; baseline 0 -22"><span class='ocrx_word' id='word_1_58' title='bbox 336 1280 606 1342; x_wconf 86' lang='lat' dir='ltr'>cretario</span> <span class='ocrx_word' id='word_1_59' title='bbox 654 1281 745 1344; x_wconf 92' lang='lat' dir='ltr'>de</span> <span class='ocrx_word' id='word_1_60' title='bbox 778 1281 1031 1356; x_wconf 88' lang='lat' dir='ltr'>Cesar;</span> <span class='ocrx_word' id='word_1_61' title='bbox 1082 1301 1158 1344; x_wconf 89' lang='lat' dir='ltr'>se</span> <span class='ocrx_word' id='word_1_62' title='bbox 1208 1280 1266 1343; x_wconf 89' lang='lat' dir='ltr'>si</span> <span class='ocrx_word' id='word_1_63' title='bbox 1314 1290 1603 1362; x_wconf 82' lang='lat' dir='ltr'>potesse</span> <span class='ocrx_word' id='word_1_64' title='bbox 1650 1301 1781 1362; x_wconf 88' lang='lat' dir='ltr'>per</span> <span class='ocrx_word' id='word_1_65' title='bbox 1815 1291 2066 1362; x_wconf 91' lang='lat' dir='ltr'>questa</span> <span class='ocrx_word' id='word_1_66' title='bbox 2101 1280 2216 1342; x_wconf 90' lang='lat' dir='ltr'>via</span> <span class='ocrx_word' id='word_1_67' title='bbox 2254 1280 2343 1342; x_wconf 91' lang='lat' dir='ltr'>de</span> <span class='ocrx_word' id='word_1_68' title='bbox 2377 1300 2592 1361; x_wconf 86' lang='lat' dir='ltr'>sopra</span> <span class='ocrx_word' id='word_1_69' title='bbox 2625 1279 2868 1342; x_wconf 88' lang='lat' dir='ltr'>scritta</span> 
     </span>
     <span class='ocr_line' id='line_1_8' title="bbox 336 1384 2869 1470; baseline 0 -23"><span class='ocrx_word' id='word_1_70' title='bbox 336 1387 688 1449; x_wconf 83' lang='lat' dir='ltr'>absolverli</span> <span class='ocrx_word' id='word_1_71' title='bbox 752 1407 794 1449; x_wconf 95' lang='lat' dir='ltr'>o</span> <span class='ocrx_word' id='word_1_72' title='bbox 858 1408 1061 1451; x_wconf 89' lang='lat' dir='ltr'>como</span> <span class='ocrx_word' id='word_1_73' title='bbox 1112 1387 1322 1450; x_wconf 91' lang='lat' dir='ltr'>melio</span> <span class='ocrx_word' id='word_1_74' title='bbox 1388 1387 1601 1468; x_wconf 72' lang='lat' dir='ltr'>Sapra</span> <span class='ocrx_word' id='word_1_75' title='bbox 1648 1399 1934 1450; x_wconf 90' lang='lat' dir='ltr'>trovare</span> <span class='ocrx_word' id='word_1_76' title='bbox 1999 1389 2063 1450; x_wconf 91' lang='lat' dir='ltr'>el</span> <span class='ocrx_word' id='word_1_77' title='bbox 2112 1387 2302 1450; x_wconf 89' lang='lat' dir='ltr'>Rmo</span> <span class='ocrx_word' id='word_1_78' title='bbox 2353 1385 2616 1470; x_wconf 87' lang='lat' dir='ltr'>Signor</span> <span class='ocrx_word' id='word_1_79' title='bbox 2665 1384 2869 1448; x_wconf 85' lang='lat' dir='ltr'>Santi</span> 
     </span>
     <span class='ocr_line' id='line_1_9' title="bbox 337 1493 2864 1577; baseline 0.002 -28"><span class='ocrx_word' id='word_1_80' title='bbox 337 1493 605 1572; x_wconf 77' lang='lat' dir='ltr'>Quattro</span> <span class='ocrx_word' id='word_1_81' title='bbox 668 1497 973 1557; x_wconf 87' lang='lat' dir='ltr'>sarebbe</span> <span class='ocrx_word' id='word_1_82' title='bbox 1040 1497 1233 1558; x_wconf 90' lang='lat' dir='ltr'>bono</span> <span class='ocrx_word' id='word_1_83' title='bbox 1296 1514 1428 1576; x_wconf 92' lang='lat' dir='ltr'>per</span> <span class='ocrx_word' id='word_1_84' title='bbox 1478 1494 1812 1577; x_wconf 81' lang='lat' dir='ltr'>exempio</span> <span class='ocrx_word' id='word_1_85' title='bbox 1862 1495 1954 1558; x_wconf 90' lang='lat' dir='ltr'>de</span> <span class='ocrx_word' id='word_1_86' title='bbox 2001 1495 2199 1576; x_wconf 89' lang='lat' dir='ltr'>altri,</span> <span class='ocrx_word' id='word_1_87' title='bbox 2272 1503 2343 1556; x_wconf 92' lang='lat' dir='ltr'>et</span> <span class='ocrx_word' id='word_1_88' title='bbox 2388 1494 2650 1577; x_wconf 73' lang='lat' dir='ltr'>perche</span> <span class='ocrx_word' id='word_1_89' title='bbox 2701 1493 2864 1555; x_wconf 91' lang='lat' dir='ltr'>Bili-</span> 
     </span>
     <span class='ocr_line' id='line_1_10' title="bbox 336 1600 2865 1684; baseline 0.001 -24"><span class='ocrx_word' id='word_1_90' title='bbox 336 1602 523 1662; x_wconf 85' lang='lat' dir='ltr'>baldo</span> <span class='ocrx_word' id='word_1_91' title='bbox 587 1602 623 1664; x_wconf 77' lang='grc' dir='ltr'>ὲ</span> <span class='ocrx_word' id='word_1_92' title='bbox 690 1602 965 1683; x_wconf 84' lang='lat' dir='ltr'>grande</span> <span class='ocrx_word' id='word_1_93' title='bbox 1032 1603 1243 1665; x_wconf 90' lang='lat' dir='ltr'>homo</span> <span class='ocrx_word' id='word_1_94' title='bbox 1311 1602 1509 1664; x_wconf 89' lang='lat' dir='ltr'>richo</span> <span class='ocrx_word' id='word_1_95' title='bbox 1577 1603 1667 1664; x_wconf 86' lang='lat' dir='ltr'>de</span> <span class='ocrx_word' id='word_1_96' title='bbox 1734 1603 2011 1684; x_wconf 86' lang='lat' dir='ltr'>grande</span> <span class='ocrx_word' id='word_1_97' title='bbox 2074 1600 2432 1664; x_wconf 73' lang='lat' dir='ltr'>authorita</span> <span class='ocrx_word' id='word_1_98' title='bbox 2494 1601 2565 1662; x_wconf 90' lang='lat' dir='ltr'>in</span> <span class='ocrx_word' id='word_1_99' title='bbox 2632 1602 2865 1682; x_wconf 90' lang='lat' dir='ltr'>quella</span> 
     </span>
     <span class='ocr_line' id='line_1_11' title="bbox 338 1708 2089 1791; baseline 0.001 -21"><span class='ocrx_word' id='word_1_100' title='bbox 338 1717 595 1788; x_wconf 90' lang='lat' dir='ltr'>potente</span> <span class='ocrx_word' id='word_1_101' title='bbox 642 1719 839 1772; x_wconf 88' lang='lat' dir='ltr'>terra</span> <span class='ocrx_word' id='word_1_102' title='bbox 886 1719 955 1771; x_wconf 90' lang='lat' dir='ltr'>et</span> <span class='ocrx_word' id='word_1_103' title='bbox 1002 1711 1094 1771; x_wconf 82' lang='lat' dir='ltr'>ha</span> <span class='ocrx_word' id='word_1_104' title='bbox 1145 1729 1352 1772; x_wconf 92' lang='lat' dir='ltr'>nome</span> <span class='ocrx_word' id='word_1_105' title='bbox 1403 1709 1474 1772; x_wconf 92' lang='lat' dir='ltr'>di</span> <span class='ocrx_word' id='word_1_106' title='bbox 1524 1729 1702 1791; x_wconf 90' lang='lat' dir='ltr'>gran</span> <span class='ocrx_word' id='word_1_107' title='bbox 1756 1708 2089 1772; x_wconf 90' lang='lat' dir='ltr'>litterat0.</span> 
     </span>
    </p>
   </div>
   <div class='ocr_carea' id='block_1_3' title="bbox 337 1832 2872 2772">
    <p class='ocr_par' dir='ltr' id='par_1_3' title="bbox 337 1832 2872 2772">
     <span class='ocr_line' id='line_1_12' title="bbox 487 1832 2866 1916; baseline 0 -22"><span class='ocrx_word' id='word_1_108' title='bbox 487 1833 597 1895; x_wconf 91' lang='lat' dir='ltr'>Un</span> <span class='ocrx_word' id='word_1_109' title='bbox 645 1834 831 1896; x_wconf 89' lang='lat' dir='ltr'>frate</span> <span class='ocrx_word' id='word_1_110' title='bbox 866 1833 1093 1896; x_wconf 89' lang='lat' dir='ltr'>minor</span> <span class='ocrx_word' id='word_1_111' title='bbox 1138 1832 1676 1914; x_wconf 84' lang='lat' dir='ltr'>observatino¹).</span> <span class='ocrx_word' id='word_1_112' title='bbox 1756 1832 1887 1896; x_wconf 86' lang='lat' dir='ltr'>Chi</span> <span class='ocrx_word' id='word_1_113' title='bbox 1920 1833 2179 1895; x_wconf 78' lang='lat' dir='ltr'>mando</span> <span class='ocrx_word' id='word_1_114' title='bbox 2213 1853 2354 1895; x_wconf 86' lang='lat' dir='ltr'>una</span> <span class='ocrx_word' id='word_1_115' title='bbox 2392 1833 2866 1916; x_wconf 89' lang='lat' dir='ltr'>supplication</span> 
     </span>
     <span class='ocr_line' id='line_1_13' title="bbox 337 1940 2871 2022; baseline 0.001 -22"><span class='ocrx_word' id='word_1_116' title='bbox 337 1959 449 2002; x_wconf 90' lang='lat' dir='ltr'>con</span> <span class='ocrx_word' id='word_1_117' title='bbox 491 1940 675 2004; x_wconf 91' lang='lat' dir='ltr'>mille</span> <span class='ocrx_word' id='word_1_118' title='bbox 724 1940 1058 2004; x_wconf 90' lang='lat' dir='ltr'>instantie</span> <span class='ocrx_word' id='word_1_119' title='bbox 1107 1962 1217 2003; x_wconf 90' lang='lat' dir='ltr'>me</span> <span class='ocrx_word' id='word_1_120' title='bbox 1267 1961 1511 2022; x_wconf 88' lang='lat' dir='ltr'>preme</span> <span class='ocrx_word' id='word_1_121' title='bbox 1561 1941 1667 2002; x_wconf 88' lang='lat' dir='ltr'>ch&#39;</span> <span class='ocrx_word' id='word_1_122' title='bbox 1713 1940 1779 2003; x_wconf 94' lang='lat' dir='ltr'>io</span> <span class='ocrx_word' id='word_1_123' title='bbox 1829 1941 1898 2002; x_wconf 94' lang='lat' dir='ltr'>lo</span> <span class='ocrx_word' id='word_1_124' title='bbox 1947 1940 2394 2012; x_wconf 89' lang='lat' dir='ltr'>recomandi;</span> <span class='ocrx_word' id='word_1_125' title='bbox 2447 1942 2512 2002; x_wconf 95' lang='lat' dir='ltr'>el</span> <span class='ocrx_word' id='word_1_126' title='bbox 2544 1941 2707 2021; x_wconf 84' lang='lat' dir='ltr'>qu&#39;al</span> <span class='ocrx_word' id='word_1_127' title='bbox 2739 1961 2871 2022; x_wconf 88' lang='lat' dir='ltr'>per</span> 
     </span>
     <span class='ocr_line' id='line_1_14' title="bbox 338 2046 2867 2128; baseline 0 -20"><span class='ocrx_word' id='word_1_128' title='bbox 338 2067 508 2110; x_wconf 89' lang='lat' dir='ltr'>esser</span> <span class='ocrx_word' id='word_1_129' title='bbox 546 2050 759 2111; x_wconf 89' lang='lat' dir='ltr'>homo</span> <span class='ocrx_word' id='word_1_130' title='bbox 810 2050 1010 2111; x_wconf 89' lang='lat' dir='ltr'>dotto</span> <span class='ocrx_word' id='word_1_131' title='bbox 1060 2050 1150 2111; x_wconf 91' lang='lat' dir='ltr'>de</span> <span class='ocrx_word' id='word_1_132' title='bbox 1199 2046 1577 2126; x_wconf 73' lang='lat' dir='ltr'>au&#39;thorita,</span> <span class='ocrx_word' id='word_1_133' title='bbox 1630 2055 1700 2108; x_wconf 88' lang='lat' dir='ltr'>et</span> <span class='ocrx_word' id='word_1_134' title='bbox 1748 2067 1948 2110; x_wconf 91' lang='lat' dir='ltr'>come</span> <span class='ocrx_word' id='word_1_135' title='bbox 1981 2067 2090 2110; x_wconf 91' lang='lat' dir='ltr'>me</span> <span class='ocrx_word' id='word_1_136' title='bbox 2125 2047 2371 2110; x_wconf 92' lang='lat' dir='ltr'>dubito</span> <span class='ocrx_word' id='word_1_137' title='bbox 2405 2069 2498 2109; x_wconf 91' lang='lat' dir='ltr'>un</span> <span class='ocrx_word' id='word_1_138' title='bbox 2529 2047 2867 2128; x_wconf 86' lang='lat' dir='ltr'>pochetto</span> 
     </span>
     <span class='ocr_line' id='line_1_15' title="bbox 339 2152 2870 2238; baseline 0.001 -25"><span class='ocrx_word' id='word_1_139' title='bbox 339 2153 412 2215; x_wconf 90' lang='lat' dir='ltr'>de</span> <span class='ocrx_word' id='word_1_140' title='bbox 455 2157 517 2216; x_wconf 88' lang='lat' dir='ltr'>la</span> <span class='ocrx_word' id='word_1_141' title='bbox 562 2157 804 2219; x_wconf 89' lang='lat' dir='ltr'>schola</span> <span class='ocrx_word' id='word_1_142' title='bbox 852 2157 943 2219; x_wconf 89' lang='lat' dir='ltr'>de</span> <span class='ocrx_word' id='word_1_143' title='bbox 992 2155 1225 2238; x_wconf 84' lang='lat' dir='ltr'>questi</span> <span class='ocrx_word' id='word_1_144' title='bbox 1276 2165 1407 2217; x_wconf 90' lang='lat' dir='ltr'>ete.</span> <span class='ocrx_word' id='word_1_145' title='bbox 1460 2154 1557 2236; x_wconf 93' lang='lat' dir='ltr'>(ni</span> <span class='ocrx_word' id='word_1_146' title='bbox 1604 2152 1845 2237; x_wconf 82' lang='lat' dir='ltr'>fallor)</span> <span class='ocrx_word' id='word_1_147' title='bbox 1906 2174 2045 2216; x_wconf 91' lang='lat' dir='ltr'>non</span> <span class='ocrx_word' id='word_1_148' title='bbox 2096 2155 2190 2217; x_wconf 93' lang='lat' dir='ltr'>ho</span> <span class='ocrx_word' id='word_1_149' title='bbox 2239 2163 2533 2235; x_wconf 89' lang='lat' dir='ltr'>possuto</span> <span class='ocrx_word' id='word_1_150' title='bbox 2581 2155 2692 2217; x_wconf 86' lang='lat' dir='ltr'>far</span> <span class='ocrx_word' id='word_1_151' title='bbox 2739 2156 2870 2217; x_wconf 91' lang='lat' dir='ltr'>che</span> 
     </span>
     <span class='ocr_line' id='line_1_16' title="bbox 341 2261 2872 2342; baseline 0 -21"><span class='ocrx_word' id='word_1_152' title='bbox 341 2281 457 2323; x_wconf 88' lang='lat' dir='ltr'>non</span> <span class='ocrx_word' id='word_1_153' title='bbox 502 2262 727 2326; x_wconf 88' lang='lat' dir='ltr'>scrive</span> <span class='ocrx_word' id='word_1_154' title='bbox 773 2262 1137 2326; x_wconf 86' lang='lat' dir='ltr'>conforme</span> <span class='ocrx_word' id='word_1_155' title='bbox 1188 2284 1229 2324; x_wconf 87' lang='lat' dir='ltr'>a</span> <span class='ocrx_word' id='word_1_156' title='bbox 1278 2263 1533 2324; x_wconf 90' lang='lat' dir='ltr'>lettere</span> <span class='ocrx_word' id='word_1_157' title='bbox 1582 2262 1669 2323; x_wconf 93' lang='lat' dir='ltr'>de</span> <span class='ocrx_word' id='word_1_158' title='bbox 1702 2261 1899 2323; x_wconf 89' lang='lat' dir='ltr'>molti</span> <span class='ocrx_word' id='word_1_159' title='bbox 1949 2261 2236 2342; x_wconf 87' lang='lat' dir='ltr'>segnori</span> <span class='ocrx_word' id='word_1_160' title='bbox 2269 2261 2513 2323; x_wconf 91' lang='lat' dir='ltr'>scritte</span> <span class='ocrx_word' id='word_1_161' title='bbox 2561 2283 2601 2323; x_wconf 89' lang='lat' dir='ltr'>a</span> <span class='ocrx_word' id='word_1_162' title='bbox 2632 2262 2872 2323; x_wconf 88' lang='lat' dir='ltr'>Roma</span> 
     </span>
     <span class='ocr_line' id='line_1_17' title="bbox 339 2365 2870 2450; baseline 0.001 -23"><span class='ocrx_word' id='word_1_163' title='bbox 339 2365 398 2428; x_wconf 90' lang='lat' dir='ltr'>in</span> <span class='ocrx_word' id='word_1_164' title='bbox 439 2367 633 2432; x_wconf 78' lang='lat' dir='ltr'>favor</span> <span class='ocrx_word' id='word_1_165' title='bbox 681 2370 797 2431; x_wconf 89' lang='lat' dir='ltr'>del</span> <span class='ocrx_word' id='word_1_166' title='bbox 846 2371 1045 2434; x_wconf 90' lang='lat' dir='ltr'>detto</span> <span class='ocrx_word' id='word_1_167' title='bbox 1093 2368 1298 2433; x_wconf 88' lang='lat' dir='ltr'>frate.</span> <span class='ocrx_word' id='word_1_168' title='bbox 1394 2369 1472 2430; x_wconf 93' lang='lat' dir='ltr'>Io</span> <span class='ocrx_word' id='word_1_169' title='bbox 1541 2388 1679 2431; x_wconf 90' lang='lat' dir='ltr'>non</span> <span class='ocrx_word' id='word_1_170' title='bbox 1730 2369 2086 2431; x_wconf 90' lang='lat' dir='ltr'>demando</span> <span class='ocrx_word' id='word_1_171' title='bbox 2136 2389 2212 2430; x_wconf 91' lang='lat' dir='ltr'>se</span> <span class='ocrx_word' id='word_1_172' title='bbox 2261 2389 2401 2431; x_wconf 90' lang='lat' dir='ltr'>non</span> <span class='ocrx_word' id='word_1_173' title='bbox 2453 2369 2689 2450; x_wconf 93' lang='lat' dir='ltr'>quello</span> <span class='ocrx_word' id='word_1_174' title='bbox 2739 2368 2870 2429; x_wconf 88' lang='lat' dir='ltr'>che</span> 
     </span>
     <span class='ocr_line' id='line_1_18' title="bbox 338 2471 2870 2557; baseline 0.001 -24"><span class='ocrx_word' id='word_1_175' title='bbox 338 2471 725 2538; x_wconf 82' lang='lat' dir='ltr'>iustamente</span> <span class='ocrx_word' id='word_1_176' title='bbox 788 2485 859 2540; x_wconf 92' lang='lat' dir='ltr'>et</span> <span class='ocrx_word' id='word_1_177' title='bbox 918 2478 1462 2539; x_wconf 83' lang='lat' dir='ltr'>honestamente</span> <span class='ocrx_word' id='word_1_178' title='bbox 1528 2497 1603 2537; x_wconf 90' lang='lat' dir='ltr'>se</span> <span class='ocrx_word' id='word_1_179' title='bbox 1664 2485 1836 2557; x_wconf 92' lang='lat' dir='ltr'>pote</span> <span class='ocrx_word' id='word_1_180' title='bbox 1907 2475 2258 2537; x_wconf 86' lang='lat' dir='ltr'>conceder</span> <span class='ocrx_word' id='word_1_181' title='bbox 2322 2483 2392 2536; x_wconf 92' lang='lat' dir='ltr'>et</span> <span class='ocrx_word' id='word_1_182' title='bbox 2440 2495 2582 2538; x_wconf 93' lang='lat' dir='ltr'>non</span> <span class='ocrx_word' id='word_1_183' title='bbox 2632 2475 2870 2549; x_wconf 88' lang='lat' dir='ltr'>aliter;</span> 
     </span>
     <span class='ocr_line' id='line_1_19' title="bbox 340 2575 2872 2665; baseline 0.002 -25"><span class='ocrx_word' id='word_1_184' title='bbox 340 2583 533 2643; x_wconf 89' lang='lat' dir='ltr'>solum</span> <span class='ocrx_word' id='word_1_185' title='bbox 582 2583 904 2665; x_wconf 87' lang='lat' dir='ltr'>supplico</span> <span class='ocrx_word' id='word_1_186' title='bbox 972 2586 1101 2645; x_wconf 87' lang='lat' dir='ltr'>che</span> <span class='ocrx_word' id='word_1_187' title='bbox 1165 2603 1241 2644; x_wconf 86' lang='lat' dir='ltr'>se</span> <span class='ocrx_word' id='word_1_188' title='bbox 1290 2602 1367 2644; x_wconf 91' lang='lat' dir='ltr'>se</span> <span class='ocrx_word' id='word_1_189' title='bbox 1433 2582 1480 2644; x_wconf 93' lang='lat' dir='ltr'>li</span> <span class='ocrx_word' id='word_1_190' title='bbox 1532 2582 1864 2663; x_wconf 87' lang='lat' dir='ltr'>niegasse</span> <span class='ocrx_word' id='word_1_191' title='bbox 1913 2580 2094 2644; x_wconf 86' lang='lat' dir='ltr'>faeci</span> <span class='ocrx_word' id='word_1_192' title='bbox 2153 2582 2275 2664; x_wconf 79' lang='lat' dir='ltr'>piu</span> <span class='ocrx_word' id='word_1_193' title='bbox 2324 2575 2766 2646; x_wconf 86' lang='lat' dir='ltr'>dolcemente</span> <span class='ocrx_word' id='word_1_194' title='bbox 2815 2581 2872 2644; x_wconf 93' lang='lat' dir='ltr'>si</span> 
     </span>
     <span class='ocr_line' id='line_1_20' title="bbox 340 2689 2872 2772; baseline 0.001 -24"><span class='ocrx_word' id='word_1_195' title='bbox 340 2695 515 2767; x_wconf 85' lang='lat' dir='ltr'>pote,</span> <span class='ocrx_word' id='word_1_196' title='bbox 559 2691 821 2770; x_wconf 74' lang='lat' dir='ltr'>perche</span> <span class='ocrx_word' id='word_1_197' title='bbox 870 2691 1061 2752; x_wconf 90' lang='lat' dir='ltr'>bono</span> <span class='ocrx_word' id='word_1_198' title='bbox 1112 2690 1170 2769; x_wconf 74' lang='grc' dir='ltr'>ὲ,</span> <span class='ocrx_word' id='word_1_199' title='bbox 1219 2698 1419 2751; x_wconf 91' lang='lat' dir='ltr'>tanto</span> <span class='ocrx_word' id='word_1_200' title='bbox 1469 2690 1601 2751; x_wconf 91' lang='lat' dir='ltr'>che</span> <span class='ocrx_word' id='word_1_201' title='bbox 1651 2709 1727 2751; x_wconf 92' lang='lat' dir='ltr'>se</span> <span class='ocrx_word' id='word_1_202' title='bbox 1784 2690 2126 2771; x_wconf 69' lang='lat' dir='ltr'>eictingue</span> <span class='ocrx_word' id='word_1_203' title='bbox 2175 2710 2394 2753; x_wconf 90' lang='lat' dir='ltr'>ancor</span> <span class='ocrx_word' id='word_1_204' title='bbox 2454 2689 2574 2771; x_wconf 93' lang='lat' dir='ltr'>qui</span> <span class='ocrx_word' id='word_1_205' title='bbox 2621 2700 2872 2772; x_wconf 88' lang='lat' dir='ltr'>questo</span> 
     </span>
    </p>
   </div>
   <div class='ocr_carea' id='block_1_4' title="bbox 340 2795 2874 2985">
    <p class='ocr_par' dir='ltr' id='par_1_4' title="bbox 340 2795 2874 2985">
     <span class='ocr_line' id='line_1_21' title="bbox 340 2795 2874 2878; baseline 0.002 -24"><span class='ocrx_word' id='word_1_206' title='bbox 340 2811 607 2876; x_wconf 86' lang='lat' dir='ltr'>venen0,</span> <span class='ocrx_word' id='word_1_207' title='bbox 654 2795 1028 2860; x_wconf 82' lang='lat' dir='ltr'>intertenir</span> <span class='ocrx_word' id='word_1_208' title='bbox 1074 2797 1147 2858; x_wconf 92' lang='lat' dir='ltr'>id</span> <span class='ocrx_word' id='word_1_209' title='bbox 1197 2816 1422 2877; x_wconf 88' lang='lat' dir='ltr'>genus</span> <span class='ocrx_word' id='word_1_210' title='bbox 1468 2795 1866 2871; x_wconf 80' lang='lat' dir='ltr'>hominum3</span> <span class='ocrx_word' id='word_1_211' title='bbox 1927 2797 2102 2860; x_wconf 85' lang='lat' dir='ltr'>nihil</span> <span class='ocrx_word' id='word_1_212' title='bbox 2147 2805 2385 2859; x_wconf 89' lang='lat' dir='ltr'>tamen</span> <span class='ocrx_word' id='word_1_213' title='bbox 2433 2806 2720 2878; x_wconf 90' lang='lat' dir='ltr'>praeter</span> <span class='ocrx_word' id='word_1_214' title='bbox 2765 2796 2874 2858; x_wconf 89' lang='lat' dir='ltr'>ius</span> 
     </span>
     <span class='ocr_line' id='line_1_22' title="bbox 344 2901 776 2985; baseline 0.016 -26"><span class='ocrx_word' id='word_1_215' title='bbox 344 2909 401 2960; x_wconf 91' lang='lat' dir='ltr'>et</span> <span class='ocrx_word' id='word_1_216' title='bbox 442 2901 539 2966; x_wconf 89' lang='lat' dir='ltr'>fas</span> <span class='ocrx_word' id='word_1_217' title='bbox 586 2914 776 2985; x_wconf 92' lang='lat' dir='ltr'>pet0.</span> 
     </span>
    </p>
   </div>
   <div class='ocr_carea' id='block_1_5' title="bbox 341 3027 2878 4281">
    <p class='ocr_par' dir='ltr' id='par_1_5' title="bbox 341 3027 2878 4281">
     <span class='ocr_line' id='line_1_23' title="bbox 490 3027 2874 3109; baseline 0 -20"><span class='ocrx_word' id='word_1_218' title='bbox 490 3027 570 3090; x_wconf 92' lang='lat' dir='ltr'>El</span> <span class='ocrx_word' id='word_1_219' title='bbox 616 3050 694 3091; x_wconf 89' lang='lat' dir='ltr'>re</span> <span class='ocrx_word' id='word_1_220' title='bbox 744 3030 834 3091; x_wconf 92' lang='lat' dir='ltr'>de</span> <span class='ocrx_word' id='word_1_221' title='bbox 884 3028 1390 3091; x_wconf 86' lang='lat' dir='ltr'>Dannemarck</span> <span class='ocrx_word' id='word_1_222' title='bbox 1441 3028 1477 3091; x_wconf 80' lang='grc' dir='ltr'>ὲ</span> <span class='ocrx_word' id='word_1_223' title='bbox 1527 3030 1687 3109; x_wconf 83' lang='lat' dir='ltr'>qui,</span> <span class='ocrx_word' id='word_1_224' title='bbox 1765 3030 1833 3089; x_wconf 93' lang='lat' dir='ltr'>el</span> <span class='ocrx_word' id='word_1_225' title='bbox 1881 3029 2046 3107; x_wconf 89' lang='lat' dir='ltr'>qual</span> <span class='ocrx_word' id='word_1_226' title='bbox 2094 3028 2354 3109; x_wconf 72' lang='lat' dir='ltr'>perche</span> <span class='ocrx_word' id='word_1_227' title='bbox 2402 3027 2559 3090; x_wconf 86' lang='lat' dir='ltr'>fece</span> <span class='ocrx_word' id='word_1_228' title='bbox 2605 3048 2874 3090; x_wconf 84' lang='lat' dir='ltr'>mazzar</span> 
     </span>
     <span class='ocr_line' id='line_1_24' title="bbox 341 3130 2872 3217; baseline 0.001 -22"><span class='ocrx_word' id='word_1_229' title='bbox 341 3130 381 3191; x_wconf 89' lang='lat' dir='ltr'>li</span> <span class='ocrx_word' id='word_1_230' title='bbox 423 3134 723 3217; x_wconf 79' lang='lat' dir='ltr'>episcopi</span> <span class='ocrx_word' id='word_1_231' title='bbox 787 3143 857 3198; x_wconf 94' lang='lat' dir='ltr'>et</span> <span class='ocrx_word' id='word_1_232' title='bbox 906 3136 963 3197; x_wconf 84' lang='lat' dir='ltr'>si</span> <span class='ocrx_word' id='word_1_233' title='bbox 1027 3136 1185 3198; x_wconf 91' lang='lat' dir='ltr'>dice</span> <span class='ocrx_word' id='word_1_234' title='bbox 1248 3138 1380 3198; x_wconf 92' lang='lat' dir='ltr'>che</span> <span class='ocrx_word' id='word_1_235' title='bbox 1429 3137 1638 3205; x_wconf 88' lang='lat' dir='ltr'>volea</span> <span class='ocrx_word' id='word_1_236' title='bbox 1698 3136 1926 3197; x_wconf 88' lang='lat' dir='ltr'>haver</span> <span class='ocrx_word' id='word_1_237' title='bbox 1974 3135 2241 3196; x_wconf 87' lang='lat' dir='ltr'>Luther</span> <span class='ocrx_word' id='word_1_238' title='bbox 2305 3144 2377 3196; x_wconf 93' lang='lat' dir='ltr'>et</span> <span class='ocrx_word' id='word_1_239' title='bbox 2439 3134 2487 3196; x_wconf 93' lang='lat' dir='ltr'>li</span> <span class='ocrx_word' id='word_1_240' title='bbox 2537 3134 2641 3197; x_wconf 91' lang='lat' dir='ltr'>soi</span> <span class='ocrx_word' id='word_1_241' title='bbox 2691 3155 2872 3197; x_wconf 86' lang='lat' dir='ltr'>corn-</span> 
     </span>
     <span class='ocr_line' id='line_1_25' title="bbox 343 3240 2877 3323; baseline 0.002 -23"><span class='ocrx_word' id='word_1_242' title='bbox 343 3243 551 3323; x_wconf 82' lang='lat' dir='ltr'>pagni,</span> <span class='ocrx_word' id='word_1_243' title='bbox 601 3252 671 3306; x_wconf 91' lang='lat' dir='ltr'>et</span> <span class='ocrx_word' id='word_1_244' title='bbox 718 3263 974 3305; x_wconf 88' lang='lat' dir='ltr'>revera</span> <span class='ocrx_word' id='word_1_245' title='bbox 1022 3244 1087 3305; x_wconf 92' lang='lat' dir='ltr'>el</span> <span class='ocrx_word' id='word_1_246' title='bbox 1132 3263 1258 3305; x_wconf 86' lang='lat' dir='ltr'>suo</span> <span class='ocrx_word' id='word_1_247' title='bbox 1309 3241 1787 3305; x_wconf 86' lang='lat' dir='ltr'>ambasciator</span> <span class='ocrx_word' id='word_1_248' title='bbox 1839 3262 1882 3303; x_wconf 92' lang='lat' dir='ltr'>a</span> <span class='ocrx_word' id='word_1_249' title='bbox 1914 3240 2250 3303; x_wconf 90' lang='lat' dir='ltr'>Wormes</span> <span class='ocrx_word' id='word_1_250' title='bbox 2295 3243 2504 3322; x_wconf 81' lang='lat' dir='ltr'>porto</span> <span class='ocrx_word' id='word_1_251' title='bbox 2538 3262 2702 3305; x_wconf 94' lang='lat' dir='ltr'>seco</span> <span class='ocrx_word' id='word_1_252' title='bbox 2736 3263 2877 3304; x_wconf 87' lang='lat' dir='ltr'>una</span> 
     </span>
     <span class='ocr_line' id='line_1_26' title="bbox 344 3348 2876 3430; baseline 0.003 -26"><span class='ocrx_word' id='word_1_253' title='bbox 344 3364 531 3427; x_wconf 85' lang='lat' dir='ltr'>capsa</span> <span class='ocrx_word' id='word_1_254' title='bbox 588 3352 677 3412; x_wconf 91' lang='lat' dir='ltr'>de</span> <span class='ocrx_word' id='word_1_255' title='bbox 726 3348 888 3412; x_wconf 90' lang='lat' dir='ltr'>libri</span> <span class='ocrx_word' id='word_1_256' title='bbox 938 3349 1328 3429; x_wconf 89' lang='lat' dir='ltr'>lutherani,</span> <span class='ocrx_word' id='word_1_257' title='bbox 1400 3350 1470 3410; x_wconf 92' lang='lat' dir='ltr'>di</span> <span class='ocrx_word' id='word_1_258' title='bbox 1522 3348 1710 3430; x_wconf 90' lang='lat' dir='ltr'>quali</span> <span class='ocrx_word' id='word_1_259' title='bbox 1760 3369 1972 3430; x_wconf 87' lang='lat' dir='ltr'>spero</span> <span class='ocrx_word' id='word_1_260' title='bbox 2043 3349 2202 3412; x_wconf 88' lang='lat' dir='ltr'>farli</span> <span class='ocrx_word' id='word_1_261' title='bbox 2251 3348 2471 3412; x_wconf 90' lang='lat' dir='ltr'>sentir</span> <span class='ocrx_word' id='word_1_262' title='bbox 2518 3349 2608 3412; x_wconf 92' lang='lat' dir='ltr'>de</span> <span class='ocrx_word' id='word_1_263' title='bbox 2654 3352 2876 3412; x_wconf 85' lang='lat' dir='ltr'>breve</span> 
     </span>
     <span class='ocr_line' id='line_1_27' title="bbox 346 3436 2874 3538; baseline 0.003 -27"><span class='ocrx_word' id='word_1_264' title='bbox 346 3450 385 3512; x_wconf 92' lang='lat' dir='ltr'>il</span> <span class='ocrx_word' id='word_1_265' title='bbox 424 3453 599 3518; x_wconf 84' lang='lat' dir='ltr'>fumo</span> <span class='ocrx_word' id='word_1_266' title='bbox 660 3458 731 3519; x_wconf 92' lang='lat' dir='ltr'>al</span> <span class='ocrx_word' id='word_1_267' title='bbox 778 3478 954 3519; x_wconf 89' lang='lat' dir='ltr'>naso</span> <span class='ocrx_word' id='word_1_268' title='bbox 1022 3459 1111 3519; x_wconf 90' lang='lat' dir='ltr'>de</span> <span class='ocrx_word' id='word_1_269' title='bbox 1159 3459 1355 3519; x_wconf 92' lang='lat' dir='ltr'>bona</span> <span class='ocrx_word' id='word_1_270' title='bbox 1400 3464 1631 3536; x_wconf 89' lang='lat' dir='ltr'>sorte,</span> <span class='ocrx_word' id='word_1_271' title='bbox 1703 3465 1774 3518; x_wconf 94' lang='lat' dir='ltr'>et</span> <span class='ocrx_word' id='word_1_272' title='bbox 1823 3454 1944 3538; x_wconf 74' lang='lat' dir='ltr'>gia</span> <span class='ocrx_word' id='word_1_273' title='bbox 1993 3456 2324 3519; x_wconf 87' lang='lat' dir='ltr'>habiamo</span> <span class='ocrx_word' id='word_1_274' title='bbox 2389 3436 2668 3537; x_wconf 84' lang='lat' dir='ltr'>parlato</span> <span class='ocrx_word' id='word_1_275' title='bbox 2719 3477 2874 3518; x_wconf 91' lang='lat' dir='ltr'>cum</span> 
     </span>
     <span class='ocr_line' id='line_1_28' title="bbox 348 3556 2876 3646; baseline 0.003 -26"><span class='ocrx_word' id='word_1_276' title='bbox 348 3556 535 3624; x_wconf 84' lang='lat' dir='ltr'>Cesar</span> <span class='ocrx_word' id='word_1_277' title='bbox 578 3564 731 3643; x_wconf 90' lang='lat' dir='ltr'>che,</span> <span class='ocrx_word' id='word_1_278' title='bbox 781 3565 1097 3626; x_wconf 89' lang='lat' dir='ltr'>secundo</span> <span class='ocrx_word' id='word_1_279' title='bbox 1146 3564 1209 3626; x_wconf 95' lang='lat' dir='ltr'>ci</span> <span class='ocrx_word' id='word_1_280' title='bbox 1258 3584 1622 3646; x_wconf 87' lang='lat' dir='ltr'>promesse</span> <span class='ocrx_word' id='word_1_281' title='bbox 1671 3584 1713 3625; x_wconf 90' lang='lat' dir='ltr'>a</span> <span class='ocrx_word' id='word_1_282' title='bbox 1764 3563 2129 3641; x_wconf 81' lang='lat' dir='ltr'>WormeS‚</span> <span class='ocrx_word' id='word_1_283' title='bbox 2178 3565 2248 3625; x_wconf 94' lang='lat' dir='ltr'>lo</span> <span class='ocrx_word' id='word_1_284' title='bbox 2298 3563 2595 3627; x_wconf 73' lang='lat' dir='ltr'>redurra</span> <span class='ocrx_word' id='word_1_285' title='bbox 2643 3585 2684 3626; x_wconf 90' lang='lat' dir='ltr'>a</span> <span class='ocrx_word' id='word_1_286' title='bbox 2733 3567 2876 3627; x_wconf 93' lang='lat' dir='ltr'>bon</span> 
     </span>
     <span class='ocr_line' id='line_1_29' title="bbox 348 3668 2877 3753; baseline 0.004 -28"><span class='ocrx_word' id='word_1_287' title='bbox 348 3685 531 3732; x_wconf 90' lang='lat' dir='ltr'>esser.</span> <span class='ocrx_word' id='word_1_288' title='bbox 604 3668 701 3734; x_wconf 89' lang='lat' dir='ltr'>Se</span> <span class='ocrx_word' id='word_1_289' title='bbox 753 3670 812 3733; x_wconf 91' lang='lat' dir='ltr'>si</span> <span class='ocrx_word' id='word_1_290' title='bbox 858 3670 1160 3733; x_wconf 75' lang='lat' dir='ltr'>trattera</span> <span class='ocrx_word' id='word_1_291' title='bbox 1203 3668 1379 3733; x_wconf 86' lang='lat' dir='ltr'>costi</span> <span class='ocrx_word' id='word_1_292' title='bbox 1429 3671 1518 3733; x_wconf 90' lang='lat' dir='ltr'>de</span> <span class='ocrx_word' id='word_1_293' title='bbox 1567 3672 1637 3731; x_wconf 89' lang='lat' dir='ltr'>la</span> <span class='ocrx_word' id='word_1_294' title='bbox 1670 3691 1798 3733; x_wconf 84' lang='lat' dir='ltr'>sua</span> <span class='ocrx_word' id='word_1_295' title='bbox 1842 3669 2314 3749; x_wconf 88' lang='lat' dir='ltr'>absolutione,</span> <span class='ocrx_word' id='word_1_296' title='bbox 2364 3672 2687 3753; x_wconf 89' lang='lat' dir='ltr'>supplico</span> <span class='ocrx_word' id='word_1_297' title='bbox 2723 3672 2877 3752; x_wconf 89' lang='lat' dir='ltr'>che,</span> 
     </span>
     <span class='ocr_line' id='line_1_30' title="bbox 348 3775 2876 3860; baseline 0.004 -29"><span class='ocrx_word' id='word_1_298' title='bbox 348 3785 593 3841; x_wconf 83' lang='lat' dir='ltr'>servata</span> <span class='ocrx_word' id='word_1_299' title='bbox 643 3778 950 3859; x_wconf 88' lang='lat' dir='ltr'>quadam</span> <span class='ocrx_word' id='word_1_300' title='bbox 1000 3777 1250 3839; x_wconf 89' lang='lat' dir='ltr'>summi</span> <span class='ocrx_word' id='word_1_301' title='bbox 1297 3777 1466 3839; x_wconf 88' lang='lat' dir='ltr'>iuris</span> <span class='ocrx_word' id='word_1_302' title='bbox 1516 3775 1952 3857; x_wconf 85' lang='lat' dir='ltr'>remissione,</span> <span class='ocrx_word' id='word_1_303' title='bbox 2001 3797 2078 3838; x_wconf 91' lang='lat' dir='ltr'>se</span> <span class='ocrx_word' id='word_1_304' title='bbox 2127 3776 2365 3838; x_wconf 87' lang='lat' dir='ltr'>chiudi</span> <span class='ocrx_word' id='word_1_305' title='bbox 2413 3797 2507 3839; x_wconf 92' lang='lat' dir='ltr'>un</span> <span class='ocrx_word' id='word_1_306' title='bbox 2555 3798 2779 3860; x_wconf 91' lang='lat' dir='ltr'>pocco</span> <span class='ocrx_word' id='word_1_307' title='bbox 2828 3778 2876 3840; x_wconf 91' lang='lat' dir='ltr'>li</span> 
     </span>
     <span class='ocr_line' id='line_1_31' title="bbox 351 3880 2878 3966; baseline 0.004 -28"><span class='ocrx_word' id='word_1_308' title='bbox 351 3880 515 3959; x_wconf 89' lang='lat' dir='ltr'>ochi,</span> <span class='ocrx_word' id='word_1_309' title='bbox 578 3884 847 3966; x_wconf 76' lang='lat' dir='ltr'>perche</span> <span class='ocrx_word' id='word_1_310' title='bbox 910 3886 1095 3946; x_wconf 90' lang='lat' dir='ltr'>oltra</span> <span class='ocrx_word' id='word_1_311' title='bbox 1142 3886 1273 3945; x_wconf 92' lang='lat' dir='ltr'>che</span> <span class='ocrx_word' id='word_1_312' title='bbox 1324 3884 1359 3945; x_wconf 74' lang='grc' dir='ltr'>ὲ</span> <span class='ocrx_word' id='word_1_313' title='bbox 1408 3882 1526 3945; x_wconf 91' lang='lat' dir='ltr'>Re</span> <span class='ocrx_word' id='word_1_314' title='bbox 1577 3892 1647 3944; x_wconf 90' lang='lat' dir='ltr'>et</span> <span class='ocrx_word' id='word_1_315' title='bbox 1696 3892 2006 3965; x_wconf 86' lang='lat' dir='ltr'>cognato</span> <span class='ocrx_word' id='word_1_316' title='bbox 2057 3883 2129 3946; x_wconf 92' lang='lat' dir='ltr'>di</span> <span class='ocrx_word' id='word_1_317' title='bbox 2178 3882 2397 3946; x_wconf 82' lang='lat' dir='ltr'>Cesar</span> <span class='ocrx_word' id='word_1_318' title='bbox 2459 3893 2533 3947; x_wconf 93' lang='lat' dir='ltr'>et</span> <span class='ocrx_word' id='word_1_319' title='bbox 2578 3892 2786 3965; x_wconf 87' lang='lat' dir='ltr'>grato</span> <span class='ocrx_word' id='word_1_320' title='bbox 2836 3906 2878 3947; x_wconf 92' lang='lat' dir='ltr'>a</span> 
     </span>
     <span class='ocr_line' id='line_1_32' title="bbox 351 3980 2876 4073; baseline 0.004 -29"><span class='ocrx_word' id='word_1_321' title='bbox 351 3980 475 4050; x_wconf 86' lang='lat' dir='ltr'>Sua</span> <span class='ocrx_word' id='word_1_322' title='bbox 494 3989 759 4054; x_wconf 70' lang='lat' dir='ltr'>Maesta</span> <span class='ocrx_word' id='word_1_323' title='bbox 794 4000 865 4053; x_wconf 91' lang='lat' dir='ltr'>et</span> <span class='ocrx_word' id='word_1_324' title='bbox 898 3993 933 4053; x_wconf 78' lang='lat' dir='ltr'>e</span> <span class='ocrx_word' id='word_1_325' title='bbox 966 3994 1177 4053; x_wconf 88' lang='lat' dir='ltr'>homo</span> <span class='ocrx_word' id='word_1_326' title='bbox 1205 3990 1542 4069; x_wconf 88' lang='lat' dir='ltr'>terribile,</span> <span class='ocrx_word' id='word_1_327' title='bbox 1582 3990 1794 4052; x_wconf 91' lang='lat' dir='ltr'>etiam</span> <span class='ocrx_word' id='word_1_328' title='bbox 1826 3990 1920 4051; x_wconf 90' lang='lat' dir='ltr'>ha</span> <span class='ocrx_word' id='word_1_329' title='bbox 1945 4011 2164 4071; x_wconf 86' lang='lat' dir='ltr'>paese</span> <span class='ocrx_word' id='word_1_330' title='bbox 2195 3991 2596 4073; x_wconf 88' lang='lat' dir='ltr'>pericoloso</span> <span class='ocrx_word' id='word_1_331' title='bbox 2631 3993 2722 4053; x_wconf 91' lang='lat' dir='ltr'>ad</span> <span class='ocrx_word' id='word_1_332' title='bbox 2762 3991 2876 4053; x_wconf 92' lang='lat' dir='ltr'>de-</span> 
     </span>
     <span class='ocr_line' id='line_1_33' title="bbox 350 4086 2874 4177; baseline 0.004 -28"><span class='ocrx_word' id='word_1_333' title='bbox 350 4086 687 4160; x_wconf 87' lang='lat' dir='ltr'>ficiendum</span> <span class='ocrx_word' id='word_1_334' title='bbox 739 4098 830 4160; x_wconf 89' lang='lat' dir='ltr'>ab</span> <span class='ocrx_word' id='word_1_335' title='bbox 880 4093 1291 4159; x_wconf 88' lang='lat' dir='ltr'>obedientia</span> <span class='ocrx_word' id='word_1_336' title='bbox 1338 4096 1703 4159; x_wconf 89' lang='lat' dir='ltr'>Ecclesiae</span> <span class='ocrx_word' id='word_1_337' title='bbox 1752 4106 1824 4159; x_wconf 93' lang='lat' dir='ltr'>et</span> <span class='ocrx_word' id='word_1_338' title='bbox 1871 4118 1914 4159; x_wconf 88' lang='lat' dir='ltr'>a</span> <span class='ocrx_word' id='word_1_339' title='bbox 1958 4095 2135 4177; x_wconf 91' lang='lat' dir='ltr'>fide,</span> <span class='ocrx_word' id='word_1_340' title='bbox 2200 4099 2330 4159; x_wconf 90' lang='lat' dir='ltr'>che</span> <span class='ocrx_word' id='word_1_341' title='bbox 2380 4118 2519 4160; x_wconf 92' lang='lat' dir='ltr'>non</span> <span class='ocrx_word' id='word_1_342' title='bbox 2569 4098 2874 4159; x_wconf 88' lang='lat' dir='ltr'>sarebbe</span> 
     </span>
     <span class='ocr_line' id='line_1_34' title="bbox 351 4196 922 4281; baseline 0.011 -18"><span class='ocrx_word' id='word_1_343' title='bbox 351 4196 407 4257; x_wconf 81' lang='lat' dir='ltr'>la</span> <span class='ocrx_word' id='word_1_344' title='bbox 445 4202 657 4281; x_wconf 86' lang='lat' dir='ltr'>prima</span> <span class='ocrx_word' id='word_1_345' title='bbox 704 4204 922 4269; x_wconf 87' lang='lat' dir='ltr'>volta.</span> 
     </span>
    </p>
   </div>
   <div class='ocr_carea' id='block_1_6' title="bbox 352 4325 2883 4518">
    <p class='ocr_par' dir='ltr' id='par_1_6' title="bbox 352 4325 2883 4518">
     <span class='ocr_line' id='line_1_35' title="bbox 499 4325 2883 4411; baseline 0.001 -23"><span class='ocrx_word' id='word_1_346' title='bbox 499 4325 595 4391; x_wconf 91' lang='lat' dir='ltr'>Lo</span> <span class='ocrx_word' id='word_1_347' title='bbox 646 4328 991 4411; x_wconf 90' lang='lat' dir='ltr'>episcopo</span> <span class='ocrx_word' id='word_1_348' title='bbox 1041 4328 1112 4391; x_wconf 88' lang='lat' dir='ltr'>di</span> <span class='ocrx_word' id='word_1_349' title='bbox 1162 4326 1385 4407; x_wconf 88' lang='lat' dir='ltr'>Liege</span> <span class='ocrx_word' id='word_1_350' title='bbox 1432 4326 1506 4389; x_wconf 86' lang='lat' dir='ltr'>fa</span> <span class='ocrx_word' id='word_1_351' title='bbox 1555 4346 1719 4389; x_wconf 89' lang='lat' dir='ltr'>cose</span> <span class='ocrx_word' id='word_1_352' title='bbox 1768 4327 2044 4407; x_wconf 86' lang='lat' dir='ltr'>grande</span> <span class='ocrx_word' id='word_1_353' title='bbox 2100 4347 2229 4408; x_wconf 90' lang='lat' dir='ltr'>per</span> <span class='ocrx_word' id='word_1_354' title='bbox 2280 4326 2495 4390; x_wconf 88' lang='lat' dir='ltr'>Cesar</span> <span class='ocrx_word' id='word_1_355' title='bbox 2545 4329 2632 4389; x_wconf 92' lang='lat' dir='ltr'>de</span> <span class='ocrx_word' id='word_1_356' title='bbox 2682 4328 2883 4410; x_wconf 84' lang='lat' dir='ltr'>genti</span> 
     </span>
     <span class='ocr_line' id='line_1_36' title="bbox 352 4432 2882 4518; baseline 0.002 -25"><span class='ocrx_word' id='word_1_357' title='bbox 352 4437 409 4489; x_wconf 82' lang='lat' dir='ltr'>et</span> <span class='ocrx_word' id='word_1_358' title='bbox 448 4432 527 4495; x_wconf 87' lang='lat' dir='ltr'>de</span> <span class='ocrx_word' id='word_1_359' title='bbox 574 4436 844 4517; x_wconf 84' lang='lat' dir='ltr'>danari,</span> <span class='ocrx_word' id='word_1_360' title='bbox 899 4437 1123 4518; x_wconf 82' lang='lat' dir='ltr'>perho</span> <span class='ocrx_word' id='word_1_361' title='bbox 1174 4433 1248 4498; x_wconf 87' lang='lat' dir='ltr'>S.</span> <span class='ocrx_word' id='word_1_362' title='bbox 1296 4434 1393 4498; x_wconf 91' lang='lat' dir='ltr'>M.</span> <span class='ocrx_word' id='word_1_363' title='bbox 1445 4435 1514 4496; x_wconf 94' lang='grc'>10</span> <span class='ocrx_word' id='word_1_364' title='bbox 1563 4433 2039 4497; x_wconf 88' lang='lat' dir='ltr'>raccomanda</span> <span class='ocrx_word' id='word_1_365' title='bbox 2087 4434 2175 4496; x_wconf 91' lang='lat' dir='ltr'>de</span> <span class='ocrx_word' id='word_1_366' title='bbox 2225 4444 2414 4497; x_wconf 90' lang='lat' dir='ltr'>sorte</span> <span class='ocrx_word' id='word_1_367' title='bbox 2473 4433 2530 4495; x_wconf 93' lang='lat' dir='ltr'>si</span> <span class='ocrx_word' id='word_1_368' title='bbox 2580 4454 2786 4497; x_wconf 86' lang='lat' dir='ltr'>cerea</span> <span class='ocrx_word' id='word_1_369' title='bbox 2833 4436 2882 4497; x_wconf 92' lang='lat' dir='ltr'>il</span> 
     </span>
    </p>
   </div>
   <div class='ocr_carea' id='block_1_7' title="bbox 360 4586 737 4605">
    <p class='ocr_par' dir='ltr' id='par_1_7' title="bbox 360 4586 737 4605">
     <span class='ocr_line' id='line_1_37' title="bbox 360 4586 737 4605; baseline 0 1170"><span class='ocrx_word' id='word_1_370' title='bbox 360 4586 737 4605; x_wconf 95' lang='lat' dir='ltr'> </span> 
     </span>
    </p>
   </div>
   <div class='ocr_carea' id='block_1_8' title="bbox 411 4674 2884 4969">
    <p class='ocr_par' dir='ltr' id='par_1_8' title="bbox 411 4674 2884 4969">
     <span class='ocr_line' id='line_1_38' title="bbox 411 4674 2883 4740; baseline 0.001 -19"><span class='ocrx_word' id='word_1_371' title='bbox 411 4674 448 4729; x_wconf 85' lang='lat'>¹)</span> <span class='ocrx_word' id='word_1_372' title='bbox 481 4675 653 4727; x_wconf 84' lang='lat' dir='ltr'>Frater</span> <span class='ocrx_word' id='word_1_373' title='bbox 688 4676 933 4739; x_wconf 84' lang='lat' dir='ltr'>Angelus</span> <span class='ocrx_word' id='word_1_374' title='bbox 982 4678 1048 4726; x_wconf 90' lang='lat' dir='ltr'>de</span> <span class='ocrx_word' id='word_1_375' title='bbox 1096 4675 1392 4725; x_wconf 84' lang='lat' dir='ltr'>Mechlinia</span> <span class='ocrx_word' id='word_1_376' title='bbox 1439 4680 1499 4723; x_wconf 87' lang='lat' dir='ltr'>ut</span> <span class='ocrx_word' id='word_1_377' title='bbox 1536 4682 1755 4740; x_wconf 82' lang='lat' dir='ltr'>apparet</span> <span class='ocrx_word' id='word_1_378' title='bbox 1806 4691 1868 4723; x_wconf 87' lang='lat' dir='ltr'>ex</span> <span class='ocrx_word' id='word_1_379' title='bbox 1906 4677 2074 4723; x_wconf 86' lang='lat' dir='ltr'>Breve</span> <span class='ocrx_word' id='word_1_380' title='bbox 2113 4675 2310 4723; x_wconf 89' lang='lat' dir='ltr'>Leonis</span> <span class='ocrx_word' id='word_1_381' title='bbox 2346 4676 2422 4723; x_wconf 89' lang='lat' dir='ltr'>X.</span> <span class='ocrx_word' id='word_1_382' title='bbox 2473 4676 2580 4728; x_wconf 81' lang='lat' dir='ltr'>dat.</span> <span class='ocrx_word' id='word_1_383' title='bbox 2629 4676 2699 4725; x_wconf 81' lang='lat' dir='ltr'>ad</span> <span class='ocrx_word' id='word_1_384' title='bbox 2748 4691 2883 4735; x_wconf 86' lang='lat' dir='ltr'>eum,</span> 
     </span>
     <span class='ocr_line' id='line_1_39' title="bbox 477 4754 2884 4822; baseline 0.001 -20"><span class='ocrx_word' id='word_1_385' title='bbox 477 4755 553 4804; x_wconf 88' lang='lat' dir='ltr'>die</span> <span class='ocrx_word' id='word_1_386' title='bbox 590 4758 771 4807; x_wconf 83' lang='lat' dir='ltr'>ultima</span> <span class='ocrx_word' id='word_1_387' title='bbox 810 4756 945 4822; x_wconf 88' lang='lat' dir='ltr'>Julii</span> <span class='ocrx_word' id='word_1_388' title='bbox 991 4766 1141 4819; x_wconf 86' lang='lat'><strong>1521.</strong></span> <span class='ocrx_word' id='word_1_389' title='bbox 1216 4756 1326 4804; x_wconf 89' lang='lat' dir='ltr'>Hic</span> <span class='ocrx_word' id='word_1_390' title='bbox 1364 4756 1419 4804; x_wconf 91' lang='lat' dir='ltr'>in</span> <span class='ocrx_word' id='word_1_391' title='bbox 1458 4756 1646 4804; x_wconf 89' lang='lat' dir='ltr'>codice</span> <span class='ocrx_word' id='word_1_392' title='bbox 1686 4756 1876 4804; x_wconf 85' lang='lat' dir='ltr'>desunt</span> <span class='ocrx_word' id='word_1_393' title='bbox 1915 4754 2093 4817; x_wconf 85' lang='lat' dir='ltr'>aliqua</span> <span class='ocrx_word' id='word_1_394' title='bbox 2132 4770 2266 4818; x_wconf 85' lang='lat' dir='ltr'>quae</span> <span class='ocrx_word' id='word_1_395' title='bbox 2303 4754 2580 4804; x_wconf 81' lang='lat' dir='ltr'>Aleander</span> <span class='ocrx_word' id='word_1_396' title='bbox 2617 4756 2884 4818; x_wconf 87' lang='lat' dir='ltr'>corrigens</span> 
     </span>
     <span class='ocr_line' id='line_1_40' title="bbox 480 4834 2884 4903; baseline 0 -20"><span class='ocrx_word' id='word_1_397' title='bbox 480 4839 872 4903; x_wconf 85' lang='lat' dir='ltr'>manuscriptum</span> <span class='ocrx_word' id='word_1_398' title='bbox 910 4837 1151 4885; x_wconf 77' lang='lat' dir='ltr'>voluerat</span> <span class='ocrx_word' id='word_1_399' title='bbox 1188 4836 1505 4897; x_wconf 82' lang='lat' dir='ltr'>adiungere,</span> <span class='ocrx_word' id='word_1_400' title='bbox 1555 4842 1614 4884; x_wconf 89' lang='lat' dir='ltr'>ut</span> <span class='ocrx_word' id='word_1_401' title='bbox 1648 4836 1858 4884; x_wconf 83' lang='lat' dir='ltr'>videtur</span> <span class='ocrx_word' id='word_1_402' title='bbox 1894 4850 1958 4884; x_wconf 84' lang='lat' dir='ltr'>ex</span> <span class='ocrx_word' id='word_1_403' title='bbox 1994 4835 2146 4897; x_wconf 88' lang='lat' dir='ltr'>signo</span> <span class='ocrx_word' id='word_1_404' title='bbox 2185 4842 2306 4899; x_wconf 87' lang='lat' dir='ltr'>post</span> <span class='ocrx_word' id='word_1_405' title='bbox 2343 4834 2474 4884; x_wconf 84' lang='lat' dir='ltr'>haee</span> <span class='ocrx_word' id='word_1_406' title='bbox 2512 4837 2674 4885; x_wconf 78' lang='lat' dir='ltr'>verba</span> <span class='ocrx_word' id='word_1_407' title='bbox 2723 4837 2884 4896; x_wconf 80' lang='lat' dir='ltr'>facte,</span> 
     </span>
     <span class='ocr_line' id='line_1_41' title="bbox 479 4916 1405 4969; baseline 0 -4"><span class='ocrx_word' id='word_1_408' title='bbox 479 4918 559 4966; x_wconf 87' lang='lat' dir='ltr'>sed</span> <span class='ocrx_word' id='word_1_409' title='bbox 596 4919 865 4969; x_wconf 82' lang='lat' dir='ltr'>oblivione</span> <span class='ocrx_word' id='word_1_410' title='bbox 905 4934 1013 4967; x_wconf 87' lang='lat' dir='ltr'>non</span> <span class='ocrx_word' id='word_1_411' title='bbox 1051 4924 1173 4967; x_wconf 87' lang='lat' dir='ltr'>sunt</span> <span class='ocrx_word' id='word_1_412' title='bbox 1208 4916 1405 4965; x_wconf 77' lang='lat' dir='ltr'>addita.</span> 
     </span>
    </p>
   </div>
   <div class='ocr_carea' id='block_1_9' title="bbox 2461 5002 2556 5056">
    <p class='ocr_par' dir='ltr' id='par_1_9' title="bbox 2461 5002 2556 5056">
     <span class='ocr_line' id='line_1_42' title="bbox 2461 5002 2556 5056; baseline 0 0"><span class='ocrx_word' id='word_1_413' title='bbox 2461 5002 2556 5056; x_wconf 77' lang='lat'>18*</span> 
     </span>
    </p>
   </div>
  </div>
 </body>
</html>
