3575 5775
1682 642 2177 704 0-43502&

641 798 870 859 banus
918 794 988 857 in
1038 793 1408 876 Leiphaim
1448 793 1838 877 ‘suscitator
1885 794 2090 855 huius
2139 795 2305 857 mali
2338 795 2652 874 Joannes
2683 794 2995 877 Jacobus
3043 815 3212 879 cap·

643 913 755 965 tus
804 923 962 965 curn
1008 912 1281 984 septem
1316 902 1471 965 aliis
1503 902 1689 964 intra
1720 901 2088 984 Leipheim
2123 911 2198 964 et
2225 900 2626 986 Gintzburg
2657 906 3045 967 decollatus
3079 920 3216 968 est.

820 1011 1257 1073 Duodecima
1312 1007 1581 1092 Aprilis
1633 1009 1812 1091 Liga
1859 1009 2110 1071 volens
2157 1009 2508 1078 invadere,
2546 1011 2848 1075 rusticos
2895 1012 2964 1073 in
3012 1012 3212 1074 Balt-

638 1115 862 1197 zinglf
876 1138 999 1179 eos
1023 1117 1095 1180 in
1119 1116 1363 1198 fugam
1385 1116 1756 1194 convertit,
1784 1136 1963 1199 quos
1989 1105 2214 1198 prope
2237 1116 2624 1180 Wurtzach
2646 1122 3214 1199 comprehensos

650 1244 859 1303 15000
930 1224 1191 1286 occidit
1253 1235 1323 1285 et
1371 1222 1667 1285 totidem
1747 1223 1818 1285 in
1881 1223 2150 1305 oppido
2212 1223 2308 1284 ad
2384 1224 2688 1305 gratiam
2763 1234 2834 1289 et
2902 1246 3214 1308 poenam

638 1330 950 1412 suscepit
998 1330 1342 1411 captivos,
1450 1350 1524 1408 14
1573 1330 1864 1412 Aprilis,

817 1437 1361 1519 Decimaquinta
1413 1436 1681 1519 Aprilis
1742 1455 2168 1520 progressus
2231 1436 2590 1500 exercitus
2638 1437 2730 1499 ad
2778 1436 3210 1520 Wingarten

637 1546 929 1607 volebat
976 1553 1343 1626 potentem
1391 1544 1583 1605 illum
1634 1564 1935 1607 cuneum
1981 1542 2353 1625 invadere,
2405 1544 2526 1606 ubi
2575 1554 2780 1607 erant
2837 1564 3066 1625 13‚000
3101 1564 3214 1606 ru-

634 1650 966 1713 sticorum
986 1650 1487 1713 selectissimos
1513 1646 1665 1734 (sic)
1704 1660 1774 1712 et
1815 1650 1953 1713 iam
1981 1652 2073 1713 ad
2101 1670 2561 1732 congressum
2585 1651 2914 1733 utrinque
2943 1650 3202 1733 parati.

646 1760 720 1819 16
790 1758 1064 1840 Aprilis
1126 1759 1532 1820 interventu
1590 1766 1825 1821 autem
1887 1768 2176 1821 senatus
2232 1758 2758 1840 uberlingensis
2807 1768 2878 1821 et
2925 1779 3210 1821 ravens-

636 1865 1017 1947 purgensis
1070 1886 1149 1927 ac
1201 1864 1479 1928 comitis
1528 1864 1858 1946 Hugonis
1907 1866 1998 1927 de
2057 1864 2406 1928 Montfort
2468 1886 2585 1929 res
2643 1876 2752 1928 est
2813 1865 3212 1947 composita

632 1982 776 2035 tam
822 1972 1007 2034 inter
1056 1972 1360 2054 Algoios
1390 1992 1601 2054 quarn
1638 1972 1906 2035 vicinos
1942 1972 2148 2054 lacui,
2182 1973 2431 2037 literae
2460 1971 2888 2036 concordiae
2924 1982 3213 2035 erectae

632 2089 704 2143 et
752 2079 1104 2161 sigillatae
1158 2100 1234 2141 22
1289 2078 1589 2161 Aprilis,

811 2186 1089 2251 Octava
1150 2186 1421 2269 Aprilis
1480 2188 1920 2249 rebellarunt
1989 2186 2232 2249 rustici
2292 2185 2364 2249 in
2431 2188 2618 2250 valle
2677 2185 3072 2269 Winsperg
3135 2196 3212 2250 et

630 2295 886 2357 comite
918 2295 1283 2358 Ludovico
1310 2294 1773 2357 Helfenricho
1811 2296 1899 2358 de
1929 2294 2378 2358 Helfenstein
2427 2295 2573 2358 illic
2609 2342 2626 2359 .
2653 2341 2668 2357 .
2699 2345 2713 2360 .
2748 2294 2990 2357 rustici
3042 2316 3206 2357 eum

630 2402 761 2481 per
809 2401 1051 2463 dolum
1099 2402 1514 2464 occiderunt
1561 2421 1719 2463 cum
1769 2398 2036 2463 XXIII
2085 2401 2445 2464 nobilibus
2504 2404 2578 2463 16
2614 2400 2904 2482 Aprilis
2999 2402 3202 2464 Tunc

634 2507 899 2588 ubique
929 2508 1371 2570 rebellarunt
1401 2507 1684 2571 Rustici
1712 2508 2294 2590 Wirtembergae
2319 2529 2450 2589 per
2480 2508 2882 2591 vigintiduo
2918 2509 3206 2591 oppida.

814 2614 1298 2677 Decimanona
1381 2614 1673 2696 Aprilis,
1823 2615 2226 2677 Ludovicus
2325 2616 2491 2677 Dux
2579 2614 2934 2679 Bavariae
3006 2614 3209 2677 cuius

630 2720 941 2784 consiliis
1007 2724 1350 2784 nolebant
1428 2722 1716 2803 Algoici
1784 2722 2146 2785 Collimitii
2208 2722 2621 2804 acquiscere
2683 2731 2760 2784 ut
2831 2723 3214 2785 obedirent

631 2828 988 2911 Episcopo
1038 2828 1479 2912 Augustensi
1530 2838 1601 2893 et
1650 2829 2010 2894 nobilibus
2057 2829 2356 2892 Domnis
2417 2850 2659 2894 eorum
2719 2829 2912 2893 unde
2981 2829 3210 2893 exivit

634 2937 850 3018 Algei
901 2957 1057 3000 cum
1106 2937 1537 3020 octingentis
1602 2938 1957 3019 equitibus
2030 2947 2101 3000 et
2163 2959 2338 3016 4000
2395 2938 2760 3020 peditibus
2823 2948 2893 3000 et
2960 2937 3211 3020 abegit

633 3064 896 3126 pecora
946 3047 1184 3126 multa,
1236 3045 1492 3127 quibus
1542 3045 1972 3108 minantibus
2019 3044 2484 3127 irruptionem
2533 3045 2606 3106 in
2655 3045 3038 3108 Bavariam
3091 3045 3206 3106 tri·

634 3151 907 3234 gesima
944 3153 1212 3235 Aprilis
1273 3152 1525 3215 iterum
1576 3153 1827 3216 exiens
1874 3152 2189 3216 incendit
2239 3155 2608 3216 castellum
2654 3152 2977 3214 Bucheln
3049 3171 3210 3214 cum

636 3268 870 3321 castro
922 3269 995 3320 et
1043 3261 1350 3342 quinque
1399 3260 1556 3323 aliis
1588 3259 1775 3322 villis
1808 3261 2106 3342 magnis
2203 3260 2411 3322 Nona
2453 3259 2628 3322 Maii
2685 3263 2803 3344 1⁴16
2851 3259 3212 3323 interfecit

637 3387 737 3428 ex·
776 3365 1055 3428 rusticis
1105 3376 1177 3429 et
1222 3368 1465 3448 plures
1514 3367 1766 3448 coepit.
1868 3387 1942 3445 23
1997 3367 2169 3428 Maii
2215 3367 2454 3430 factae
2502 3375 2666 3430 sunt
2711 3366 3062 3432 induciae.

816 3471 1503 3552 Vigesimasecunda
1558 3474 1996 3536 rebellarunt
2058 3473 2302 3536 rustici
2368 3472 2729 3555 Episcopo
2793 3472 3210 3536 Eistettensi

637 3576 710 3638 in
760 3576 1223 3660 Obermessig
1272 3588 1343 3641 et
1390 3590 1925 3661 occupaverunt
1973 3580 2313 3661 oppidum
2361 3579 2688 3661 Greding
2748 3599 2906 3642 cum
2971 3593 3212 3643 castro

638 3685 963 3767 Messing
1012 3694 1082 3748 et
1130 3698 1619 3749 convenerunt
1652 3688 1741 3750 ad
1777 3707 1984 3766 5ooo;
2035 3687 2501 3750 sollicitarunt
2551 3685 2814 3768 passim
2863 3687 3042 3750 alios
3089 3707 3210 3770 pa·

640 3812 774 3874 gos
823 3794 1151 3856 nolentes
1200 3793 1531 3856 seditioni
1582 3794 2011 3868 consentire;
2063 3796 2480 3877 supervenit
2541 3793 2770 3876 prima
2828 3793 3000 3856 Maii
3061 3793 3210 3856 Fri-

642 3899 923 3962 dericus
973 3898 1227 3963 Comes
1276 3901 1643 3964 Palatinus
1706 3921 1864 3964 curn
1931 3901 2339 3984 quingentis
2390 3901 2746 3983 equitibus
2795 3910 2866 3963 et
2915 3921 2958 3962 a
3004 3901 3212 3964 Duce

642 4007 1028 4071 Wilhelmo
1093 4007 1413 4070 Baccaro
1474 4008 1934 4072 mittebantur
2001 4009 2120 4071 180
2200 4007 2473 4089 equites
2553 4017 2624 4070 et
2707 4027 2836 4086 300
2908 4008 3214 4070 Bohemi

643 4113 1148 4177 bombardarii.
1243 4114 1528 4178 Rustici
1572 4115 1826 4178 timore
1873 4115 2195 4197 percussi
2243 4114 2499 4197 dilapsi
2536 4125 2719 4177 sunt.
2813 4113 3000 4178 XIII
3031 4135 3213 4197 ergo

646 4221 1017 4284 decollatis
1066 4231 1135 4283 et
1182 4221 1453 4304 aliquot
1500 4222 1747 4304 captis,
1797 4222 1968 4304 pagi
2017 4243 2262 4286 omnes
2333 4243 2408 4284 se
2459 4222 2692 4284 denuo
2741 4221 3217 4284 subdiderunt

646 4327 1005 4410 episcop0‚
1054 4329 1283 4391 tribus
1331 4350 1424 4392 ex
1471 4329 1610 4392 illis
1659 4329 1887 4413 captis
1936 4339 2187 4411 postea
2235 4328 2656 4411 Ingolstadii
2705 4329 3042 4392 decollati
3091 4331 3216 4411 qui

645 4436 917 4498 litteras
965 4437 1395 4500 hortatorias
1451 4436 1821 4500 seditionis
1893 4459 1934 4499 a
1980 4437 2301 4500 Rusticis
2349 4437 2420 4499 in
2470 4436 2678 4499 villas
2727 4435 2926 4499 ducis
2971 4445 3214 4518 porta—

648 4551 902 4605 verant
948 4544 1207 4606 mulcta
1254 4555 1622 4606 reservata
1669 4543 2051 4627 Episcopo.

830 4649 1452 4732 vigesimaquarta
1472 4651 1712 4714 Martii
1739 4651 2024 4714 Rustici
2043 4651 2115 4713 in
2141 4651 2412 4713 Rhetia
2445 4650 2635 4714 circa
2653 4648 3072 4731 Norlingarn
3105 4669 3214 4712 re-

648 4758 1005 4820 bellarunt
1037 4756 1427 4820 Comitibus
1457 4769 1529 4820 et
1562 4757 1911 4820 Praelatis
1941 4778 2025 4820 ac
2058 4757 2456 4838 Nobilibus,
2489 4758 2616 4820 sed
2657 4755 2883 4819 caesis
2931 4755 3218 4820 rusticis

648 4885 881 4947 prope
916 4863 1198 4927 Ulmam
1239 4885 1396 4927 cum
1428 4865 1528 4928 eis
1562 4865 2016 4928 nunciaretur
2045 4865 2395 4928 adventus
2423 4865 2614 4945 ligae
2644 4864 2736 4928 ad
2783 4862 3077 4946 propria
3105 4883 3217 4926 re·

650 4973 955 5054 dierunt,
1007 4973 1261 5055 quibus
1308 4971 1892 5036 nimiumconfisi
1941 4983 2102 5035 sunt
2153 4971 2420 5034 domini
2469 4991 2713 5034 eorum
2773 4971 3218 5036 dimittentes
