3575 5775
1316 583 1807 644 0-<3247[>-⁶

296 739 374 800 ad
423 736 680 802 seriem
727 735 852 801 rei.
965 734 1126 800 Non
1189 737 1520 800 obstante
1581 735 1706 797 tali
1769 756 1954 798 nove
2018 738 2107 798 de
2171 735 2441 799 Luther
2499 757 2674 800 sono
2726 731 2845 818 qui

297 845 600 908 huomini
653 845 870 927 degni
906 843 976 905 di
1025 843 1191 906 fede
1241 843 1372 906 che
1421 841 1677 904 dicono
1729 859 1797 904 et
1847 844 2105 905 voleno
2152 843 2265 905 far
2311 863 2665 906 scomesse
2715 844 2847 906 che

301 953 554 1014 Luther
603 955 638 1015 ὁ
688 953 756 1014 in
809 953 877 1014 la
924 950 1235 1014 fortezza
1283 950 1356 1012 di
1405 947 1845 1030 Sichinghen
1898 951 2031 1012 che
2064 949 2103 1012 ὲ
2136 969 2177 1011 a
2208 949 2494 1032 meggia
2520 950 2849 1031 giornata

302 1060 364 1120 di
407 1066 558 1140 qul:
611 1072 680 1121 et
731 1061 820 1120 de
868 1057 988 1140 gia
1037 1060 1322 1138 quando
1354 1057 1621 1120 Luther
1653 1058 1995 1120 remando
2030 1057 2072 1117 1’
2104 1060 2401 1121 heraldo
2431 1058 2507 1120 fu
2539 1059 2849 1139 giudicio

304 1165 458 1228 delli
507 1165 870 1228 Cesariani
923 1177 992 1226 et
1041 1165 1415 1246 presertim
1478 1165 1594 1226 del
1643 1164 2013 1227 confessor
2062 1165 2195 1227 che
2242 1163 2435 1227 fusse
2484 1175 2851 1246 composte

306 1274 365 1333 di
409 1271 848 1354 Sichinghen
901 1282 970 1334 et
1019 1273 1150 1334 che
1200 1273 1268 1334 el
1315 1273 1598 1334 venisse
1647 1293 1689 1333 a
1723 1274 2141 1336 retrovarIO.
2237 1272 2360 1334 Ma
2408 1282 2659 1352 questo
2710 1294 2851 1336 non

305 1401 402 1442 me
467 1399 597 1463 par
661 1379 1038 1442 verisimile
1101 1380 1362 1462 perche
1430 1388 1626 1441 certo
1693 1379 1729 1442 ὲ
1799 1380 1931 1441 che
1996 1378 2054 1440 si
2118 1379 2276 1441 dice
2334 1379 2593 1442 Martin
2657 1400 2855 1443 esser

307 1497 479 1549 stato
529 1508 740 1569 preso
790 1508 832 1550 a
881 1487 1082 1568 quasi
1132 1487 1332 1549 diece
1381 1487 1710 1566 giornate
1761 1486 1833 1547 di
1882 1487 2037 1567 qui,
2088 1488 2218 1548 che
2268 1486 2649 1549 Francisco
2711 1507 2849 1549 non

308 1595 687 1656 l’harebbe
735 1595 1001 1656 lassato
1052 1595 1276 1655 andar
1324 1594 1380 1654 si
1431 1594 1646 1673 longi.

1527 2057 1631 2120 96.

833 2181 1347 2294 Aloander
1423 2180 2303 2266 VioecancellariO.

991 2322 1097 2392 (Ex
1133 2321 1410 2394 originum
1449 2321 1569 2380 cod.
1608 2321 1788 2380 Vatia.
1832 2321 1963 2382 ³913
2000 2323 2089 2380 101.
2126 2325 2197 2395 5.)

1332 2433 1438 2498 (25.
1481 2434 1612 2482 Maii
1655 2433 1829 2496 1521.)

481 2563 720 2625 Rev¹¹¹⁶
769 2571 840 2622 et
887 2559 1046 2623 111Ιῐιθ
1093 2559 1254 2620 Dne
1303 2577 1445 2620 ecc,
1546 2557 1790 2620 Ancor
1838 2561 1971 2622 che
2021 2581 2160 2623 non
2212 2561 2271 2623 si
2318 2563 2500 2644 sapii
2548 2575 2742 2626 certo
2794 2573 2867 2627 et

315 2670 378 2732 io
442 2690 576 2732 non
628 2666 827 2731 credi
895 2667 1054 2728 chel
1117 2683 1356 2727 correr
1427 2665 1614 2744 parti
1676 2666 1936 2747 hoggi,
2008 2674 2160 2729 tuta
2208 2671 2403 2731 volta
2474 2671 2738 2750 perche
2801 2676 2866 2734 el

317 2785 568 2838 mastro
627 2776 720 2836 de
768 2783 976 2855 posta
1037 2772 1191 2834 dice
1255 2772 1386 2832 che
1436 2790 1647 2854 spera
1711 2773 1765 2834 si
1817 2773 2057 2854 spacci
2121 2775 2290 2856 ogni
2342 2778 2551 2838 modo
2616 2789 2866 2859 questa

318 2896 532 2963 notte,
583 2904 720 2947 non
771 2884 863 2945 ho
913 2882 1156 2943 voluto
1205 2880 1733 2943 adventurarmi
1784 2883 1917 2943 che
1954 2879 1996 2943 ’1
2044 2882 2353 2945 corriere
2401 2892 2866 2965 parta'senza

319 2994 443 3053 mie
490 2994 762 3069 lettere,
811 3010 942 3070 per
989 2991 1054 3050 le
1106 2988 1295 3069 quali
1343 2986 1665 3069 significo
1715 3009 1757 3049 a
1790 2988 1875 3050 V.
1912 2986 1983 3051 S.
2019 2988 2210 3051 Rma
2257 2990 2639 3053 bonissime
2683 3013 2864 3055 nove

321 3100 403 3161 de
447 3102 514 3161 la
562 3118 730 3160 cosa
777 3106 1038 3161 nostra.
1135 3095 1284 3158 Che
1345 3116 1522 3157 sono
1573 3098 1704 3157 che
1767 3095 1990 3175 hoggi
2042 3095 2292 3175 Cesar,
2364 3098 2483 3178 poi
2533 3102 2868 3162 conclusa

320 3208 383 3268 la
428 3208 614 3269 dieta
661 3217 732 3269 et
780 3203 1221 3286 rengratiato
1270 3202 1317 3264 li
1365 3202 1671 3284 principi
1720 3211 1790 3265 et
1837 3200 2146 3265 vicissim
2192 3204 2581 3284 regratiato
2631 3206 2727 3268 lui
2777 3208 2869 3268 da

320 3315 500 3393 loro,
570 3310 958 3375 retornossi
1027 3312 1090 3372 al
1165 3311 1415 3391 palazo
1466 3330 1590 3371 suo
1642 3321 2209 3390 accompagnato
2270 3311 2359 3373 de
2406 3320 2513 3373 tre
2586 3314 2866 3376 elettori

325 3420 772 3483 ecclesiastici
836 3428 907 3482 et
955 3420 1018 3480 el
1087 3426 1337 3499 quarto
1387 3417 1867 3498 Brandeburg
1931 3426 2001 3479 et
2050 3418 2281 3479 alcuni
2346 3419 2503 3480 altri
2567 3420 2868 3501 principi

325 3548 448 3590 con
510 3528 558 3590 li
605 3527 868 3590 oratori
933 3527 1021 3586 de
1080 3525 1180 3605 gli
1232 3522 1352 3586 doi
1401 3525 1690 3586 electori
1757 3535 1828 3586 et
1876 3525 2036 3587 altri
2083 3525 2387 3607 principi
2449 3527 2569 3607 gia
2630 3529 2872 3610 partiti

325 3634 588 3716 (reliqui
651 3636 794 3695 duo
843 3640 1293 3695 recesserunt
1342 3628 1539 3692 Saxo
1607 3640 1677 3691 et
1726 3631 2120 3711 Palatinus)
2184 3634 2369 3695 dove
2420 3634 2536 3695 noi
2585 3655 2871 3715 presen-

327 3752 506 3803 tamo
567 3743 630 3805 el
687 3744 909 3803 breve
972 3739 1088 3801 del
1138 3737 1268 3801 8¹³⁰
1317 3759 1360 3800 a
1408 3736 1557 3799 Sua
1602 3737 1879 3799 Maesta
1945 3748 2013 3801 et
2075 3740 2195 3820 poi
2260 3743 2495 3821 quello
2545 3744 2752 3822 letto,
2826 3743 2871 3804 li

327 3848 468 3911 suoi
502 3849 614 3911 alli
665 3846 980 3917 elettori;
1034 3854 1124 3923 et,
1174 3845 1430 3908 seclusi
1479 3844 1594 3907 noi
1645 3845 1827 3925 altri,
1878 3846 1951 3905 fu
2002 3847 2176 3908 letto
2226 3847 2292 3909 in
2326 3849 2687 3929 presentia
2720 3851 2872 3911 loro

327 3954 369 4014 il
415 3958 744 4019 mandato
794 3963 1043 4016 contro
1091 3952 1400 4015 Martino
1451 3952 1746 4033 Luther‚
1801 3952 1846 4012 li
1896 3952 2046 4013 suoi
2098 3953 2257 4015 libri
2306 3964 2379 4017 et
2426 3956 2775 4036 complici,
2827 3956 2872 4017 li

326 4060 534 4124 libelli
582 4060 873 4140 famosi,
939 4070 1008 4122 et
1056 4059 1129 4121 fu
1181 4061 1582 4140 approbato
1647 4059 1736 4120 da
1785 4059 1947 4119 tutti
1996 4061 2305 4123 unanimi
2356 4082 2533 4124 voce
2597 4074 2668 4125 et
2714 4084 2873 4125 con-

329 4188 530 4231 sensu
589 4173 720 4232 che
789 4168 846 4230 si
898 4166 1280 4249 expedisse
1343 4174 1417 4227 et
1477 4164 1713 4227 mandi
1775 4165 1869 4225 ad
1936 4168 2310 4229 execution
2376 4189 2587 4231 senza
2648 4178 2877 4233 mutar

329 4295 458 4337 una
506 4276 810 4357 parona:
884 4274 975 4337 de
1024 4272 1135 4335 chi
1185 4272 1322 4335 Dio
1387 4270 1469 4333 sii
1519 4272 1810 4334 laudato
1880 4284 1951 4335 et
1998 4275 2436 4356 rengratiato
2503 4295 2637 4357 pur
2687 4278 2875 4339 mille

331 4384 548 4461 volte,
612 4383 876 4464 perche
924 4382 1054 4443 tuti
1119 4381 1168 4441 li
1214 4378 1510 4441 remedii
1556 4379 1842 4441 humani
1893 4383 2024 4442 che
2074 4381 2127 4443 si
2179 4394 2491 4463 poteano
2556 4382 2665 4445 far
2715 4404 2873 4447 con·

333 4490 582 4553 sistono
641 4491 710 4553 in
762 4500 1050 4571 questo,
1119 4488 1168 4549 il
1234 4488 1362 4548 che
1427 4506 1638 4566 spero
1704 4488 1835 4549 che
1902 4490 1971 4548 la
2018 4488 2259 4550 divina
2322 4488 2553 4569 gratia
2616 4512 2878 4554 ancora

335 4598 728 4661 secundera.
810 4596 945 4659 Noi
993 4596 1479 4657 attenderemo
1529 4595 1620 4655 ad
1670 4594 1974 4675 expedit·
2022 4596 2217 4657 detto
2269 4597 2601 4659 mandato
2652 4608 2723 4661 et
2756 4599 2877 4680 poi

337 4722 456 4781 per
501 4704 826 4787 exempio
875 4702 944 4766 di
993 4710 1176 4764 tutto
1237 4700 1285 4763 il
1335 4701 1596 4762 mundo
1646 4702 1962 4763 secundo
2027 4703 2094 4763 le
2143 4723 2343 4765 sacre
2393 4706 2591 4785 leggi
2639 4705 2877 4769 divine

339 4818 402 4869 et
443 4810 738 4874 humane
786 4811 898 4873 far
944 4808 1265 4872 brusciar
1310 4807 1360 4870 li
1406 4806 1568 4869 libri
1619 4806 1736 4889 qui
1783 4808 1853 4871 in
1897 4807 2109 4887 dieta,
2157 4810 2280 4890 poi
2312 4831 2441 4892 per
2474 4819 2655 4875 tutto
2694 4814 2876 4875 dove

339 4918 700 4981 andaremo
765 4918 825 4979 si
887 4918 1302 4999 publicherzi
1367 4917 1565 4977 detto
1633 4914 1854 4977 editto
1919 4925 1988 4976 et
2035 4915 2289 4980 farassi
2353 4917 2463 4981 far
2522 4922 2591 4981 la
2638 4921 2878 4983 debita
