3575 5775
1733 537 2229 614 6432408»θ

701 685 1258 770 terrogationem
1279 736 1297 768 ‚
1373 697 1610 750 tamen
1689 689 1797 751 sel
1872 689 2067 750 fusse
2115 697 2302 752 stato
2351 687 2669 770 maligno
2742 688 2807 751 ci
2870 700 3085 772 potea
3130 691 3246 754 dar

699 795 977 876 grande
1024 794 1529 876 impedimento
1579 804 1650 858 et
1697 794 2021 858 disturbo
2071 796 2211 860 alle
2258 815 2427 858 cose
2476 804 2737 859 nostre.

879 902 989 964 De
1039 901 1086 963 li
1134 911 1344 965 cento
1391 900 1623 964 fiorini
1670 902 2001 965 habiamo
2051 901 2201 965 dati
2238 903 2392 966 solo
2425 901 2809 983 cinquanta
2838 923 2883 965 a
2914 900 3250 984 Spieghel

700 1017 773 1071 et
817 1009 1233 1083 bastaranli;
1284 1030 1332 1071 x
1381 1011 1450 1072 al
1498 1010 1772 1072 decano
1822 1011 1912 1093 de
1945 1009 2341 1077 Francford
2390 1010 2520 1072 che
2570 1009 2607 1072 ὲ
2655 1029 2928 1092 povero
2962 1029 3092 1092 per
3132 1030 3251 1073 sue

701 1135 945 1197 spese,
1014 1118 1144 1179 che
1211 1115 1256 1178 'l
1311 1135 1546 1180 venne
1594 1115 1715 1198 qui
1763 1114 1976 1180 etiam
2023 1133 2168 1180 non
2216 1126 2530 1199 rogatus,
2626 1116 2712 1180 El
2760 1115 3004 1199 signor
3052 1115 3251 1180 Cara-

699 1225 853 1286 zolo
901 1222 950 1285 li
996 1225 1090 1286 ha
1138 1224 1306 1287 dato
1355 1245 1496 1286 una
1544 1224 1882 1306 dispensa
1930 1225 2024 1288 od
2074 1225 2214 1289 duo
2262 1223 2507 1306 gratis,
2602 1224 2817 1288 Certo
2852 1227 2985 1288 che
3033 1225 3077 1288 ’l
3123 1245 3253 1288 me-

699 1331 836 1394 rita
881 1329 1051 1413 ogni
1099 1333 1306 1396 bene.
1399 1331 1484 1394 El
1533 1343 1723 1395 resto
1775 1333 1907 1395 che
1955 1353 2134 1396 sono
2182 1340 2531 1414 quaranta
2576 1330 2809 1394 fiorini
2856 1352 2934 1394 se
2983 1331 3253 1415 dispen-

699 1457 1006 1500 seranno
1056 1440 1124 1500 al
1171 1441 1496 1521 besogno
1545 1448 1618 1502 et
1664 1439 1700 1502 ὲ
1743 1439 1872 1502 util
1908 1459 2077 1502 cosa
2108 1438 2370 1522 pigliar
2399 1448 2737 1520 questoro
2771 1458 2928 1502 cum
2959 1440 3255 1521 qualche

700 1547 913 1608 dono·

877 1651 1170 1733 Repeto
1219 1661 1579 1734 postremo
1629 1653 1762 1716 che
1806 1673 1883 1715 se
1916 1651 2155 1716 mandi
2188 1661 2441 1734 questa
2472 1651 2683 1715 Bolla
2710 1664 2962 1716 contra
2994 1653 3259 1716 Luther

700 1767 772 1822 et
819 1761 1128 1822 sax-ebbe
1177 1761 1365 1822 bono
1413 1759 1596 1822 fat-la
1643 1759 1879 1824 subito
1926 1759 2293 1844 imprimet
2340 1768 2412 1822 et
2440 1762 2815 1842 sparget-la
2862 1779 2994 1842 per
3040 1769 3255 1832 tutto;

697 1886 776 1928 se
823 1865 1004 1930 sacci
1052 1865 1142 1928 de
1191 1867 1360 1930 data
1407 1866 1497 1929 de
1530 1866 1574 1929 l'
1609 1869 1791 1930 altra
1824 1866 2037 1930 tertio
2070 1887 2297 1930 nonas
2326 1866 2667 1947 Januarii,
2716 1875 2787 1930 et
2832 1885 2964 1948 per
2992 1866 3036 1930 l'
3064 1886 3260 1929 amor

696 1972 788 2036 de
835 1971 974 2036 Dio
1023 1974 1154 2036 che
1203 1975 1271 2036 la
1317 1993 1396 2038 se
1443 1975 1683 2057 spacci
1731 1996 1863 2058 per
1911 1977 1977 2038 el
2026 1975 2144 2058 pict
2196 1984 2481 2057 prestO,
2548 1974 2980 2038 nominando
3030 1976 3259 2037 solum

698 2079 968 2143 Luther
1014 2089 1086 2143 et
1131 2081 1236 2143 soi
1285 2081 1658 2144 adherenti
1703 2083 1774 2145 in
1825 2103 2134 2165 genere:
2202 2081 2427 2164 quest'
2504 2083 2687 2145 altra
2758 2080 2882 2165 poi
2944 2083 3059 2144 nel
3124 2080 3261 2144 mio

698 2185 924 2268 partir
970 2188 1060 2250 de
1109 2185 1494 2252 Germania
1540 2190 1610 2254 la
1658 2189 2052 2274 publicato.

1926 2619 2034 2686 95.

1267 2736 1744 2817 Aloander
1814 2735 2681 2817 vicecancellario.

1550 2884 1835 2958 (Ructat.
1881 2883 2133 2945 German.
2176 2883 2238 2943 Ξ..
2274 2883 2407 2957 1¹74.)

1737 3008 1843 3071 (24.
1884 3007 2014 3055 Maii
2060 3006 2229 3068 1521.)

877 3150 1020 3213 Per
1069 3151 1134 3213 el
1183 3150 1512 3232 proximo
1559 3147 1801 3213 scrissi
1850 3169 2050 3213 come
2098 3168 2229 3232 per
2276 3146 2866 3210 comandamento
2914 3164 3269 3227 expresso

698 3254 771 3318 di
822 3254 1045 3319 Cesar
1091 3254 1160 3317 io
1209 3258 1440 3319 havea
1488 3266 1859 3338 composto
1908 3263 2161 3338 questo
2209 3255 2599 3317 benedetto
2648 3254 2984 3318 mandato
3028 3262 3101 3315 et
3134 3272 3271 3335 per

699 3361 998 3425 deffetto
1045 3362 1137 3425 de
1187 3363 1646 3427 abbreviator
1695 3361 1808 3426 chi
1875 3384 2165 3447 sapesse
2223 3382 2267 3425 o
2326 3364 2607 3425 volesse
2666 3360 2737 3424 in
2806 3370 3057 3442 questo
3120 3362 3267 3423 ben

697 3468 960 3547 servir,
1009 3468 1102 3531 mi
1151 3488 1276 3533 era
1321 3469 1630 3533 sforzato
1676 3470 1789 3533 far
1838 3471 1903 3533 al
1951 3491 2114 3534 men
2179 3471 2319 3533 mal
2365 3470 2498 3533 che
2544 3469 2613 3532 io
2662 3488 2904 3551 sapea‚
2952 3466 3024 3528 di
3070 3477 3272 3531 sorte

699 3577 831 3639 che
879 3576 951 3639 in
1000 3576 1246 3659 primis
1292 3577 1336 3640 l’
1370 3578 1600 3641 honor
1661 3580 1779 3641 del
1837 3576 1967 3641 Sm⁰
2033 3577 2227 3641 fusse
2296 3583 2721 3639 conservato
2788 3582 2859 3637 et
2924 3582 3270 3655 questoro

697 3682 978 3747 fussero
1027 3684 1366 3748 contenti.
1461 3684 1699 3769 Dopoi
1745 3684 1825 3749 fu
1858 3686 2153 3749 traslato
2202 3683 2436 3747 subito
2468 3682 2541 3746 in
2577 3682 2927 3745 Alemano
2977 3689 3051 3745 et
3098 3700 3267 3744 con·

698 3792 895 3854 cluso
944 3811 1078 3854 con
1129 3792 1194 3854 el
1255 3792 1661 3856 cancellieri
1683 3842 1702 3873 ,
1775 3793 1908 3855 che
1956 3812 2033 3855 se
2080 3792 2514 3854 scrivessero
2573 3787 2905 3853 ambedoi
2951 3786 3021 3849 in
3070 3790 3273 3852 bona

696 3897 903 3963 litera
960 3898 1118 3962 anci
1189 3900 1322 3963 che
1388 3900 1510 3983 gia
1569 3909 1857 3982 potemo
1926 3899 2110 3962 farlo
2173 3896 2577 3982 imprimere
2645 3893 2911 3978 perche
2976 3914 3120 3957 non
3188 3914 3271 3957 se

695 4007 1014 4070 hat-ebbe
1062 4028 1106 4069 a
1151 4017 1383 4075 mutar
1429 4009 1686 4070 alcuna
1717 4027 1925 4079 cosa;
1974 4027 2069 4069 ex
2117 4006 2373 4087 quibus
2417 4002 2659 4067 verbis
2701 4003 3265 4066 conducessemo

697 4116 768 4177 lo
835 4113 1264 4197 impressore
1321 4124 1394 4179 et
1447 4114 1669 4179 datali
1730 4133 2033 4197 caparra
2090 4112 2324 4176 fiorini
2373 4110 2451 4174 X
2513 4111 2732 4174 d'oro.
2849 4110 3271 4173 Tuttavolta

699 4222 1072 4285 domenica
1147 4232 1437 4305 passata
1504 4224 1600 4306 po
1675 4242 1940 4306 pranso
2019 4241 2151 4285 con
2227 4222 2293 4282 el
2355 4217 2735 4281 cancellier
2795 4217 3104 4280 andamo
3168 4217 3271 4279 ad

700 4326 920 4391 Cesar
967 4349 1097 4411 per
1142 4330 1304 4394 farli
1350 4340 1608 4395 metter
1652 4332 1724 4393 la
1752 4348 1961 4392 mano
2010 4348 2210 4391 come
2240 4328 2439 4389 detto
2474 4324 2873 4388 cancellieri
2922 4324 3014 4387 de
3061 4332 3270 4387 certo

699 4434 765 4497 ci
813 4436 1045 4499 havea
1091 4457 1458 4518 promesso
1509 4446 1580 4501 et
1626 4445 2009 4520 apportato
2058 4434 2177 4518 gia
2233 4434 2305 4496 la
2350 4452 2590 4516 penna
2622 4452 2751 4514 per
2776 4429 3269 4511 sottoscriver,

701 4562 840 4605 non
890 4562 970 4605 so
1019 4545 1255 4607 donde
1303 4547 1733 4627 procedesse
1783 4544 1914 4605 che
1963 4542 2183 4606 Cesar
2220 4540 2411 4603 disse
2442 4541 2645 4603 voler
2674 4540 2834 4601 chel
2864 4538 2926 4601 si
2955 4536 3269 4601 vedesse

698 4648 927 4733 primo
989 4649 1282 4714 insieme
1338 4672 1471 4716 con
1534 4651 1583 4714 li
1645 4646 1831 4714 Stati
1893 4650 1985 4712 de
2047 4649 2091 4712 l’
2136 4646 2445 4732 Imperio
2513 4648 2643 4710 che
2706 4644 2747 4709 ὲ
2804 4665 2974 4709 cosa
3038 4646 3267 4709 molto

700 4756 1138 4840 periculosa,
1203 4760 1336 4823 che
1401 4760 1556 4823 loro
1619 4780 1661 4822 o
1719 4778 1849 4821 ver
1912 4777 2053 4820 non
2114 4753 2378 4820 lassino
2449 4774 2702 4837 passar
2761 4754 2878 4817 del
2934 4760 3122 4815 tutto
3192 4754 3267 4815 el

700 4866 1054 4949 mandate,
1105 4886 1149 4929 o
1196 4868 1266 4930 lo
1314 4867 1582 4933 mutino
1627 4866 1700 4930 in
1757 4867 1826 4929 le
1873 4885 2059 4951 pene
2129 4863 2249 4929 del
2312 4864 2550 4929 banno
2616 4858 3005 4946 imperiale.
3117 4856 3265 4927 Dio
