3575 5775
1405 596 1896 654 ο-<ἱ331’7ξ>-<>

548 741 893 806 Civitates
940 763 1226 826 quoque
1270 736 1432 806 huic
1482 744 1776 825 negotio
1806 744 2089 808 minime
2121 747 2399 827 desunt,
2450 726 2640 828 quod
2675 768 2750 810 se
2799 747 2932 811 hac

348 850 808 931 potissimum
857 850 976 914 via
1037 869 1080 913 a
1127 850 1382 913 ceteris
1432 871 1714 933 quoque
1763 871 2011 933 regum
2059 873 2139 914 ac
2194 838 2710 935 Imperatorum
2772 875 2932 917 one·

349 956 562 1019 ribus
611 967 953 1019 excutere
1001 967 1332 1041 sperant;
1397 979 1613 1041 super
1671 960 1808 1021 hoc
1872 979 2242 1023 commune
2292 962 2360 1024 in
2412 962 2935 1027 ecclesiasticos

352 1063 608 1127 odium
657 1074 786 1129 est.
882 1061 1064 1126 Sunt
1112 1076 1184 1127 et
1232 1066 1371 1128 alia
1419 1086 1601 1147 quae
1665 1086 1948 1129 causam
2009 1068 2193 1130 hanc
2253 1077 2445 1131 certe
2513 1090 2653 1131 non
2722 1072 2933 1133 modo

349 1168 709 1234 adiuvant
743 1172 867 1234 sed
906 1180 977 1234 et
1003 1173 1466 1235 vehementer
1497 1172 1797 1253 irritant,
1832 1173 2083 1255 quibus
2117 1174 2439 1237 omnibus
2474 1196 2615 1239 una
2645 1177 2935 1240 tandem

351 1296 588 1359 opera
645 1277 1145 1341 succrescendi
1192 1280 1328 1342 erit
1388 1290 1459 1343 et
1522 1279 1807 1342 minime
1886 1279 2338 1361 quiescendi,
2404 1302 2653 1345 verum
2723 1304 2933 1365 quam

349 1383 670 1465 primum
719 1394 888 1447 nato
935 1384 1074 1448 iam
1122 1386 1387 1449 dudum
1434 1386 1765 1450 incendio
1817 1407 1898 1451 ac
1958 1388 2128 1450 alito
2188 1388 2659 1470 obviandum,
2716 1390 2932 1473 idque

348 1512 504 1555 non
541 1492 679 1555 nisi
711 1494 1081 1556 commodo
1112 1494 1428 1556 remedio
1465 1514 1546 1557 ac
1577 1496 1866 1557 valente
1899 1495 2347 1577 restinguere
2376 1517 2465 1558 ne
2499 1496 2669 1560 item
2699 1509 2929 1579 poste·

347 1596 553 1661 riora
637 1598 824 1661 illius
903 1598 1159 1662 fierent
1218 1601 1468 1682 peiora
1534 1601 1911 1683 prioribus
2025 1600 2259 1683 Super
2322 1623 2461 1684 quo
2528 1604 2695 1685 quid
2762 1605 2930 1667 mihi

351 1708 770 1769 conducere
817 1706 1067 1787 visum,
1116 1728 1259 1771 non
1310 1710 1439 1769 abs
1487 1727 1564 1770 re
1612 1708 1768 1770 iore
1816 1708 2065 1790 putavi
2112 1709 2194 1772 T.
2245 1706 2317 1772 S.
2370 1730 2839 1775 commonere.

543 1813 910 1895 Principio
958 1833 1112 1876 cum
1163 1814 1357 1878 nulla
1403 1813 1537 1877 nisi
1585 1815 1811 1877 Verbi
1861 1836 2077 1878 causa
2124 1825 2413 1897 agatur,
2486 1818 2657 1879 nihil
2720 1818 2931 1882 etiarn

351 1921 498 1983 nisi
555 1924 856 1984 verbum
926 1921 1016 1984 sit
1063 1920 1201 1984 Dei
1264 1923 1456 2004 apud
1517 1943 1647 1984 nos
1703 1922 2066 1985 audiatur:
2138 1923 2661 2004 respiciendum
2721 1946 2932 2008 super

350 2026 856 2110 spiritualibus
901 2027 1116 2091 armis
1165 2036 1273 2091 est
1319 2038 1390 2091 et
1436 2028 1849 2111 potentibus
1900 2050 1985 2091 ex
2038 2030 2196 2092 Deo
2261 2033 2603 2092 adversus
2653 2053 2931 2097 ornnem

351 2134 864 2215 munitionem,
942 2135 1198 2217 quibus
1267 2155 1410 2197 non
1495 2138 1717 2198 solum
1801 2136 2171 2218 impiorum
2244 2137 2537 2199 consilia
2609 2140 2930 2203 demoliri

353 2252 688 2323 oportet,
751 2243 876 2304 sed
940 2252 1010 2304 et
1067 2242 1293 2305 omnis
1357 2242 1638 2304 illorum
1687 2243 2032 2305 celsitudo
2082 2244 2546 2325 deprimenda
2595 2256 2701 2308 est
2752 2268 2931 2329 quae

351 2370 434 2412 se
489 2348 780 2413 extollit
827 2351 1172 2413 adversus
1221 2349 1697 2432 cognitionem
1749 2351 1923 2433 Dei,
1996 2372 2127 2433 per
2175 2372 2355 2432 quae
2406 2352 2615 2415 etiam
2668 2354 2933 2435 cogita-

351 2458 598 2520 tiones
647 2460 1024 2519 multorum
1074 2456 1547 2539 captivandae
1598 2468 1758 2520 sunt
1820 2468 1898 2519 ut
1947 2460 2286 2521 obediant
2336 2459 2635 2523 Christo.
2734 2462 2933 2525 Haec

351 2575 602 2627 autem
652 2584 848 2626 arma
894 2563 1035 2627 Dei
1083 2574 1246 2626 sunt
1292 2565 1623 2627 baltheus
1672 2564 2029 2645 veritatis,
2096 2568 2355 2629 thorax
2403 2568 2747 2648 iustitiae,
2797 2572 2932 2632 cal—

351 2690 532 2733 ceus
583 2670 978 2753 evangelii,
1045 2680 1318 2733 scutum
1364 2670 1565 2753 fidei,
1638 2672 1851 2753 galea
1900 2672 2147 2735 salutis
2199 2682 2268 2735 et
2315 2674 2597 2754 gladius
2646 2676 2934 2757 spiritus

351 2779 478 2859 qui
532 2788 648 2841 est
694 2777 1014 2841 Verbum
1063 2777 1220 2841 Dei.
1317 2777 1524 2859 Quod
1574 2778 1632 2841 si
1680 2781 1795 2841 vel
1846 2779 2080 2842 carnis
2127 2780 2455 2862 impietas
2496 2792 2616 2843 aut
2664 2783 2932 2845 diaboli

350 2884 548 2949 forte
579 2889 890 2949 assultus
936 2884 1046 2948 his
1094 2888 1352 2949 cedere
1401 2870 1831 2967 non⁰vellet,
1880 2897 2047 2950 tunc
2080 2888 2151 2949 in
2202 2900 2534 2970 promptu
2584 2891 2674 2952 sit
2725 2891 2931 2952 nobis

353 2993 704 3073 vindicta,
769 2994 1113 3055 adversus
1177 3013 1453 3056 omnem
1513 2993 2086 3057 inobedientiam.
2202 2994 2400 3057 Haec
2465 2977 2627 3058 ideo
2693 2995 2793 3060 Sa
2851 2997 2929 3061 T.

351 3119 820 3163 commonere
867 3099 1081 3163 velim
1131 3101 1320 3182 quod
1371 3121 1510 3163 non
1558 3102 1895 3162 suadeam
1946 3100 2309 3183 quippiam
2358 3121 2489 3183 per
2538 3103 2930 3183 potentiam

354 3207 522 3290 agi,
597 3206 717 3287 qui
782 3207 839 3268 si
891 3206 988 3268 ita
1038 3208 1439 3269 conducere
1488 3206 1770 3270 videtur
1820 3207 2031 3269 etiam
2082 3217 2338 3288 sponte
2386 3207 2652 3290 aliquid
2705 3210 2794 3270 de
2844 3231 2929 3272 eo

350 3314 763 3392 remittere,
842 3326 1155 3376 ceterum
1213 3333 1493 3377 causam
1554 3314 1815 3376 virtute
1878 3297 2102 3376 Verbi
2168 3333 2257 3376 ex
2322 3335 2493 3376 vero
2554 3317 2927 3397 agendam,

354 3420 808 3484 dissimulato
882 3420 1163 3484 interim
1223 3421 1567 3503 quidquid
1644 3421 1872 3502 ipsam
1948 3441 2379 3502 exasperare
2444 3425 2702 3504 possit3
2768 3445 2929 3487 nam

353 3528 456 3590 sic
539 3527 889 3608 captivari
958 3538 1131 3609 puto
1188 3529 1533 3590 abductas
1600 3527 2072 3590 conscientias
2089 3576 2107 3609 ,
2170 3529 2229 3590 si
2308 3529 2568 3592 Christi
2646 3552 2929 3595 causam

353 3634 476 3716 agi
529 3632 831 3696 viderint
888 3655 1030 3696 non
1080 3644 1416 3712 nostram,
1466 3645 1537 3697 et
1568 3634 2041 3717 proculdubio
2084 3647 2395 3698 nostram
2447 3638 2649 3700 nobis
2700 3660 2926 3702 mane-

351 3743 460 3806 bit
515 3740 845 3822 gloriam,
906 3743 1116 3804 modo
1189 3741 1451 3804 Christi
1534 3741 1807 3822 gloriae
1871 3761 2171 3823 syncere
2244 3744 2669 3809 studeamus
2774 3747 2929 3808 Res

354 3868 540 3930 ergo
592 3849 812 3909 verbo
864 3849 1146 3929 agenda
1193 3859 1305 3911 est
1351 3858 1422 3910 et
1471 3849 1793 3928 veritate,
1842 3848 2223 3930 tyrannide
2273 3851 2495 3930 nulla,
2547 3853 2739 3914 nulla
2786 3853 2925 3915 vio-

353 3955 618 4034 lentia,
667 3954 800 4016 nisi
873 3955 1096 4016 sicubi
1147 3956 1349 4019 verbi
1396 3975 1528 4037 per
1574 3975 1752 4036 quos
1799 3955 2065 4018 veritas
2111 3955 2326 4018 fuerit
2373 3967 2648 4038 spreta;
2712 3968 2785 4021 at
2831 3959 2927 4021 in-

351 4062 565 4126 terim
612 4063 990 4124 multorum
1039 4063 1506 4124 abductorum
1554 4062 1850 4123 fratrum
1897 4064 2231 4125 habenda
2302 4076 2409 4126 est
2456 4064 2637 4127 ratio
2686 4075 2762 4126 ut
2824 4087 2925 4128 re-

351 4169 734 4232 dimantur.
853 4168 1208 4231 Utendum
1287 4189 1460 4250 ergo
1525 4170 1614 4231 de
1686 4169 1855 4232 viris
1925 4170 2399 4233 theodidactis
2478 4181 2547 4232 et
2625 4171 2923 4251 adflatiS,

352 4277 617 4358 quibus
665 4275 939 4338 scilicet
1002 4290 1072 4338 et
1126 4276 1354 4339 Verbi
1420 4275 1750 4338 iudicium
1828 4284 1934 4339 est
1998 4287 2069 4338 et
2136 4277 2423 4357 spiritus
2480 4279 2763 4354 unctio;
2830 4281 2928 4343 hii

353 4383 544 4446 enim
595 4391 869 4446 tantum
916 4383 1385 4465 spiritualium
1435 4404 1789 4447 armorum
1821 4384 2054 4466 periti,
2105 4385 2417 4465 gladium
2471 4385 2759 4468 spiritus
2809 4388 2926 4470 qui

355 4500 462 4553 est
527 4490 826 4552 verbum
890 4489 1028 4552 Dei
1098 4499 1399 4572 utraque
1471 4511 1678 4554 manu
1749 4511 2040 4554 versare
2115 4503 2457 4572 possunt:
2528 4493 2601 4556 in
2672 4496 2925 4577 quibus

355 4604 555 4660 certa
602 4596 836 4678 prima
883 4608 1048 4678 post
1094 4598 1323 4660 Deum
1375 4617 1540 4679 spes
1591 4607 1716 4664 est.
1812 4598 2092 4661 Deinde
2136 4612 2528 4662 conventus
2576 4600 2695 4664 ille
2729 4603 2925 4665 Prin-

355 4703 592 4784 cipum
654 4703 1193 4784 Nurembergae
1249 4704 1532 4768 minime
1607 4706 2114 4786 negligendus,
2180 4708 2305 4768 sed
2375 4707 2756 4772 mittendus
2817 4709 2928 4772 vir

355 4809 600 4892 gravis
649 4820 724 4872 et
770 4811 1127 4892 erudituS‚
1192 4832 1456 4893 gnarus
1505 4812 1706 4874 verbi
1757 4822 1829 4875 et
1876 4814 1987 4875 cui
2035 4834 2177 4876 non
2230 4814 2413 4876 desit
2459 4836 2741 4899 quoque
2792 4817 2916 4898 spi·

354 4918 531 4980 ritus
579 4915 930 4982 iudicium.
1029 4919 1203 4981 Post
1252 4919 1546 4982 Carolus
1593 4939 1678 4982 ac
1726 4920 1944 4984 ceteri
1994 4941 2207 5003 reges
2266 4933 2335 4984 et
2376 4922 2735 5006 principes
2784 4945 2925 4986 non
