3575 5775
1350 608 1846 671 ο-θΒΒῖΕέ-(δ

329 768 632 827 rectores
682 769 753 824 et
799 760 999 841 prior
1045 768 1116 821 et
1163 758 1467 841 quilibet
1527 780 1770 824 eorum
1838 780 2153 823 seorsum
2220 756 2611 825 examinari
2670 758 2854 825 debe

330 878 476 929 rent
547 876 766 949 atque
846 866 1314 948 interrogari;
1404 866 1577 948 ipsis
1660 886 1941 948 quoque
2013 866 2410 931 rectoribus
2492 875 2568 933 et
2638 869 2879 959 priore

328 975 564 1038 mediis
598 995 842 1039 eorum
874 972 1481 1039 intercedentibus
1523 973 1934 1037 iuramentis
1982 992 2196 1055 super
2226 975 2539 1038 materiis
2588 976 2876 1058 eisdem,

327 1101 550 1145 coram
599 1082 822 1145 nobis
853 1080 1142 1162 publice
1188 1100 1272 1145 ac
1320 1080 1722 1145 successive
1779 1081 2242 1162 interrogatis
2291 1090 2362 1145 et
2431 1082 2875 1164 examinatiS,

327 1208 702 1270 eorumque
746 1188 952 1251 dictis
1003 1200 1074 1250 et
1124 1186 1690 1271 depositionibus
1754 1207 1887 1269 per
1952 1188 2313 1269 publicum
2373 1188 2740 1253 Notarium
2802 1190 2874 1253 in

326 1296 594 1378 scriptis
643 1294 983 1376 redactis,
1044 1305 1117 1358 et
1161 1314 1294 1376 per
1338 1293 1490 1357 fisci
1539 1303 2079 1377 procuratorem
2127 1294 2516 1376 prefatum,
2583 1295 2873 1378 inquan-

325 1413 458 1466 tum
520 1424 652 1486 pro
699 1423 778 1465 se
839 1400 1080 1464 facere
1128 1401 1544 1465 viderentur
1612 1401 1971 1482 repetitis,
2044 1402 2403 1466 concessis
2467 1402 2677 1466 etiarn
2742 1424 2877 1486 per

325 1530 441 1574 nos
486 1508 1056 1593 competentibus
1104 1506 1423 1572 terminis
1489 1516 1562 1571 et
1621 1508 2080 1572 dilationibus
2140 1517 2286 1572 tum
2348 1510 2744 1573 rectoribus
2801 1521 2874 1574 et

323 1616 530 1697 priori
578 1637 656 1679 se
701 1614 1084 1698 purgandi,
1133 1635 1216 1678 ac
1264 1613 1420 1678 fisci
1464 1614 1913 1697 procuratori
1957 1614 2257 1697 prefatis
2304 1616 2665 1679 hincinde
2713 1638 2869 1699 par-

321 1722 516 1804 tibus,
563 1725 750 1788 ultro
798 1722 1118 1803 citroque
1167 1721 1570 1785 deducendi
1618 1729 1690 1784 et
1735 1721 2041 1804 agendi,
2089 1732 2303 1803 prout
2350 1724 2669 1803 quamvis
2715 1744 2871 1806 par-

321 1828 480 1892 tium
524 1829 1004 1911 predictarum
1052 1829 1454 1913 respective
1503 1832 1986 1893 concernebat
2032 1849 2117 1892 ac
2144 1829 2315 1895 iuris
2346 1830 2523 1893 ordo
2573 1830 2869 1914 exigere

321 1936 718 2011 videbatur:
790 1937 862 1999 in
913 1936 1158 1999 ultimo
1207 1956 1381 1999 vero
1433 1937 1892 1999 terminorum
1942 1937 2423 2019 predictorum
2474 1939 2869 2019 comparuit

318 2042 732 2117 iudicialiter
799 2062 1034 2106 coram
1101 2041 1338 2124 nobis,
1412 2042 1734 2125 prefatus
1804 2042 1957 2105 fisci
2026 2044 2251 2106 nostri
2320 2056 2737 2126 procurator
2798 2055 2871 2108 et

321 2170 398 2212 eo
429 2150 727 2230 nomine,
779 2159 850 2213 et
899 2149 1106 2212 dictis
1154 2150 1550 2213 rectoribus
1599 2160 1670 2213 et
1717 2150 1979 2233 priore,
2028 2172 2119 2213 ex
2163 2153 2467 2214 adverso
2516 2152 2865 2234 principa-

323 2258 428 2337 lis,
495 2256 758 2319 ibidem
807 2256 1017 2319 etiarn
1067 2256 1522 2338 presentibus
1580 2266 1651 2319 et
1707 2257 2161 2322 audientibus
2176 2306 2195 2337 ,
2252 2258 2343 2319 ad
2393 2258 2731 2323 ulteriora
2796 2269 2869 2323 et

320 2364 492 2428 dicte
539 2384 752 2427 cause
797 2360 1082 2425 finalem
1133 2362 1566 2427 decisionem
1615 2365 1911 2447 procedi
1958 2385 2090 2447 per
2136 2386 2268 2429 nos
2312 2365 2663 2431 instanter
2708 2386 2865 2448 pos-

323 2471 574 2535 tulavit.
685 2470 836 2533 Nos
901 2482 1069 2533 tunc
1139 2470 1573 2553 Wygandus
1641 2470 2043 2553 Episcopus
2113 2472 2437 2554 prefatus
2507 2482 2578 2536 et
2646 2474 2863 2537 iudex

321 2579 720 2655 ordinariuS,
771 2576 942 2640 visis
988 2576 1313 2657 primitus
1376 2586 1449 2641 et
1509 2577 1771 2641 auditis
1834 2578 2022 2643 dicte
2095 2599 2307 2643 cause
2357 2580 2535 2642 actis
2584 2590 2655 2643 et
2704 2602 2864 2644 con·

319 2684 764 2764 sessionibuS,
815 2693 1028 2765 atque
1075 2684 1460 2767 diligenter
1508 2685 1981 2748 consideratis
2039 2685 2225 2747 illius
2282 2686 2554 2749 iuribus
2617 2698 2689 2749 et
2736 2687 2861 2750 cir-

318 2792 733 2856 cumstantiis
779 2791 1162 2872 universiS,
1212 2792 1544 2874 quodque
1594 2792 1855 2874 prefati
1904 2802 2223 2855 rectores
2271 2802 2342 2855 et
2398 2794 2597 2875 prior
2644 2797 2853 2858 exad-

321 2921 509 2964 verso
557 2900 1022 2982 principaleS,
1069 2900 1141 2963 in
1193 2911 1262 2964 et
1310 2900 1498 2964 circa
1544 2900 1892 2982 premissa
1938 2899 2421 2980 multipliciter
2468 2903 2863 2966 erraverint

319 3017 382 3070 et
423 3008 630 3090 impie
675 3006 980 3070 fecerint
1027 3027 1111 3070 ac
1159 3011 1252 3070 ab
1295 3017 1542 3070 sancta
1592 3005 1961 3070 Catholica
1990 3006 2314 3070 Ecclesia
2362 3007 2859 3072 inobedienter

319 3113 729 3178 desciverint
779 3113 1094 3195 sibiipsis
1139 3116 1374 3196 legem
1447 3127 1516 3178 et
1583 3116 1869 3178 modum
1939 3116 2248 3197 superbe
2313 3115 2856 3198 prescribenteS,

318 3223 474 3285 ritus
557 3231 627 3285 et
695 3241 1156 3284 ceremoneas
1225 3241 1467 3284 sacras
1550 3223 2015 3302 abrogantes,
2098 3221 2657 3304 dogmatizantes
2720 3243 2857 3304 que

319 3330 640 3392 adversus
715 3327 1094 3391 canonicas
1173 3337 1244 3392 et
1319 3328 1843 3392 ecclesiasticas
1920 3328 2362 3409 sanctiones,
2447 3349 2531 3392 ac
2610 3342 2859 3394 contra

321 3433 722 3499 Sanctorum
770 3435 1283 3516 Apostolorum
1331 3436 1654 3498 ordinem
1721 3446 1793 3497 et
1849 3435 2135 3498 modum
2182 3435 2391 3498 nobis
2440 3439 2849 3520 exemplari·

319 3553 414 3606 ter
455 3543 804 3620 relictum,
870 3562 1009 3624 quo
1085 3540 1434 3606 communi
1514 3542 1819 3606 concilio
1895 3562 2036 3604 non
2112 3551 2346 3605 autem
2418 3544 2855 3625 privatorum

321 3650 716 3714 auctoritate
796 3669 911 3712 res
979 3649 1326 3712 ecclesiae
1384 3648 1776 3712 diffinirent
1848 3649 2485 3730 constituerentve,
2559 3659 2630 3714 et
2699 3653 2855 3735 pari

319 3756 509 3819 modo
553 3755 873 3838 gentium
923 3755 1318 3838 Apostolus
1367 3757 1571 3820 divus
1619 3757 1885 3818 Paulus
1934 3776 2025 3818 ne
2072 3755 2141 3818 in
2185 3776 2484 3820 vacuum
2518 3759 2854 3822 cucurris-

321 3872 434 3942 set,
479 3883 672 3926 suum
722 3862 1171 3944 evangelium
1222 3884 1378 3926 curn
1427 3863 1694 3926 eisdem
1743 3863 2114 3944 Apostolis
2148 3863 2545 3943 contulerit,
2596 3885 2679 3927 ac
2723 3865 2851 3928 dis-

320 3969 558 4033 cedens
625 3989 805 4052 pace
879 3967 1101 4050 facta,
1180 3969 1512 4032 fidelibus
1580 3969 1990 4051 preceperit
2066 3970 2422 4033 custodire
2511 3980 2853 4053 precepta

321 4073 808 4156 Apostolorum
855 4085 927 4137 et
974 4076 1371 4159 seniorum,
1426 4079 1677 4158 procul
1727 4077 1944 4139 dubio
1994 4075 2383 4139 Ecclesiam
2432 4078 2855 4140 audiendam

321 4180 382 4242 in
425 4181 518 4246 eis
561 4182 903 4262 referenS,
953 4193 1166 4246 antea
1215 4207 1256 4248 a
1303 4183 1473 4263 Jesu
1523 4183 1805 4246 Christo
1854 4181 2233 4245 Salvatore
2292 4192 2538 4246 nostro
2587 4183 2854 4248 institu-

323 4293 466 4368 tam,
510 4299 578 4352 et
627 4299 705 4352 ut
753 4291 1117 4353 audiretur
1166 4292 1766 4366 commendatam,
1833 4311 1915 4352 ac
1974 4309 2331 4371 nunquam
2393 4291 2855 4372 defecturam,

324 4393 496 4458 cuius
537 4395 802 4459 virtute
852 4408 922 4459 et
971 4397 1193 4460 nostri
1242 4417 1526 4479 quoque
1574 4396 1957 4477 pastoralis
2005 4393 2211 4458 offitii
2273 4396 2547 4476 existit,
2596 4398 2854 4461 anima·

323 4519 456 4562 rum
497 4503 740 4584 saluti,
805 4514 878 4566 et
945 4505 1301 4568 scandalis
1351 4524 1441 4567 ne
1490 4503 1857 4584 eveniant,
1919 4513 2043 4565 aut
2099 4511 2176 4565 ut
2222 4505 2515 4567 suborta
2563 4507 2853 4587 compri-

323 4617 570 4673 mantur
615 4610 998 4673 salubriter
1046 4611 1464 4692 providere,
1527 4619 1738 4691 prout
1801 4609 2012 4673 etiam
2080 4611 2519 4674 concedente
2568 4612 2857 4676 domino

326 4713 736 4781 confidenter
760 4717 1172 4781 tribuemus.
1224 4719 1472 4800 Itaque
1509 4736 1666 4780 cum
1700 4717 1893 4779 dicto
1920 4726 2163 4779 nostro
2197 4715 2348 4780 fisci
2373 4733 2858 4801 procuratore,

324 4824 762 4886 concludente
812 4833 884 4886 et
931 4845 1168 4888 secum
1200 4823 1530 4889 concludi
1554 4832 1847 4905 petente
1887 4823 1957 4886 in
2004 4843 2219 4886 causa
2265 4825 2548 4906 prefata
2592 4828 2859 4907 pariter

324 4929 800 5011 conclusimus,
863 4931 1073 4996 dictis
1123 4931 1336 4996 etiam
1383 4930 1741 5013 prioribus
1791 4939 1865 4992 et
1911 4931 2169 4994 rectori
2220 4933 2619 4996 exadverso
2670 4934 2853 5014 prin-

2428 5037 2539 5092 25*
