3575 5775
1726 541 2220 602 0—432968m

692 689 797 758 Sa
848 695 945 756 116
989 691 1177 756 visto
1224 691 1603 756 volentieri
1652 692 1692 754 l'
1730 712 1872 755 uno
1922 699 1995 754 et
2041 691 2086 754 1’
2121 694 2304 756 altro
2354 701 2426 756 et
2471 691 2654 758 fatto
2703 713 2990 757 carezze
3039 703 3110 757 et
3139 695 3251 757 de-

686 801 1153 865 monstration
1199 799 1477 883 grande
1525 821 1570 862 a
1614 798 1727 862 fra
1773 799 2032 879 Joanni
2081 808 2154 862 et
2198 801 2292 862 ha
2337 799 2724 882 parlatogli
2771 802 2990 864 molto
3037 800 3251 865 dime-

686 909 1103 973 sticamente
1152 927 1367 989 sopra
1413 907 1480 968 16
1530 927 1695 969 cose
1746 906 1819 968 di
1865 904 2176 968 Martino
2227 914 2300 969 et
2355 908 2538 970 altre
2601 916 2673 970 et
2729 907 2852 988 poi
2913 909 3008 970 ha
3071 908 3252 972 fatto

688 1014 1095 1099 provederli
1144 1033 1275 1097 per
1322 1016 1389 1076 le
1438 1035 1647 1096 spese
1704 1022 1777 1076 et
1823 1021 2007 1076 tutto
2055 1021 2128 1076 et
2174 1033 2387 1094 spero
2445 1013 2798 1078 ritornera
2865 1025 3112 1096 presto
3183 1025 3255 1078 et

688 1120 1237 1186 contentissimo.

866 1208 925 1293 E
971 1237 1157 1292 stato
1204 1226 1607 1292 testimonio
1655 1225 2215 1308 locupletissimo
2263 1227 2455 1292 della
2500 1227 2766 1292 fatiche
2825 1237 2897 1291 et
2943 1227 3130 1292 vit-tii
3182 1228 3250 1292 di

686 1337 772 1400 N.
821 1334 894 1400 S.
943 1344 1016 1399 et
1060 1334 1291 1400 meriti
1338 1335 1563 1398 vostri
1610 1355 1653 1397 a
1700 1331 1773 1398 S.
1825 1331 1955 1415 Sul,
2003 1335 2074 1396 la
2107 1337 2274 1417 qual
2303 1337 2397 1398 ho
2430 1335 2616 1400 visto
2650 1337 3004 1419 pigliarne
3043 1358 3250 1418 gran-

686 1443 975 1508 dissimo
1040 1444 1345 1526 piacere.
1439 1489 1455 1506 .
1508 1491 1523 1506 .
1601 1441 1714 1503 Da
1786 1441 2028 1504 Roma
2090 1441 2212 1504 alli
2273 1441 2494 1505 XVII
2560 1443 2624 1505 d'
2671 1443 2976 1508 Ottobre
3064 1465 3252 1523 1521.

686 1549 962 1638 (tenuta
1006 1550 1150 1614 fino
1198 1549 1319 1614 alli
1370 1546 1503 1633 22).

1754 1761 2169 1772 mm

1893 2010 2043 2075 128.

1315 2126 2101 2209 Vioeoanoellarius
2167 2127 2607 2212 Aloandm.

1548 2274 1838 2348 (nuntiat.
1877 2274 2130 2334 seman.
2167 2275 2230 2334 1..
2269 2275 2377 2346 οε.)

1660 2391 1767 2462 (27.
1809 2395 2060 2444 Octobris
2105 2395 2277 2462 1521.)

862 2539 1189 2603 Havemo
1237 2557 1378 2600 una
1424 2545 1669 2600 vostra
1716 2537 1787 2600 di
1819 2537 2005 2600 XIII
2053 2537 2173 2601 del
2217 2535 2571 2624 passato¹)
2619 2540 2730 2602 col
2773 2539 2956 2602 libro
2989 2540 3260 2623 impiis-

684 2647 860 2710 simo
927 2647 1137 2727 quale
1203 2663 1336 2726 per
1398 2645 1468 2706 la
1516 2642 1914 2706 coniettura
1980 2645 2111 2707 che
2177 2665 2268 2709 ne
2326 2645 2632 2709 scrivete
2699 2656 2773 2710 et
2837 2647 2998 2710 altri
3048 2669 3264 2732 argu-

681 2752 902 2817 menti
950 2754 1083 2816 che
1131 2751 1315 2815 omai
1361 2751 1485 2833 piu
1532 2753 1728 2814 volte
1776 2753 1871 2813 ha
1920 2752 2334 2815 dimostrato
2385 2751 2457 2814 di
2505 2773 2584 2815 se
2623 2761 2873 2833 stesso,
2924 2763 2996 2816 et
3042 2755 3158 2817 fra
3210 2756 3262 2818 li

683 2861 845 2926 altri
894 2861 1025 2925 che
1074 2880 1294 2924 erano
1340 2858 1411 2922 in
1446 2859 1683 2941 quella
1714 2858 1986 2942 polizza
2017 2859 2355 2925 mandata
2400 2860 2518 2923 dal
2551 2858 2816 2924 Nuntio
2847 2859 2920 2923 di
2950 2857 3264 2945 Spagna

683 2969 806 3032 alli
850 2967 1074 3031 nostri
1124 2968 1196 3029 in
1228 2967 1489 3047 Roma,
1538 2967 1670 3029 che
1716 2965 1787 3028 vi
1838 2988 1913 3029 se
1964 2987 2052 3028 ne
2103 2966 2333 3029 drizzo
2377 2967 2606 3048 copia,
2655 2968 3014 3033 crediamo
3047 2990 3264 3035 corne

682 3074 802 3139 voi
860 3076 991 3138 che
1040 3073 1145 3138 sia
1191 3093 1320 3136 sua
1365 3072 1617 3136 farina.
1716 3070 2088 3155 Speriamo
2135 3073 2206 3135 in
2252 3072 2394 3135 Dio
2442 3074 2573 3136 che
2621 3074 2692 3136 in
2743 3074 2988 3137 ultima
3033 3084 3108 3137 et
3159 3077 3262 3139 lui

685 3192 756 3246 et
800 3182 850 3245 li
900 3180 1063 3244 altri
1110 3178 1316 3243 simili
1364 3200 1441 3244 se
1490 3198 2026 3262 accorgeranno
2076 3180 2265 3242 della
2311 3180 2466 3243 loro
2517 3179 2885 3262 malignita
2942 3188 3015 3244 et
3061 3184 3262 3245 tardi

684 3310 759 3352 se
807 3286 1255 3371 pentirannO.
1349 3286 1491 3349 Voi
1538 3286 1892 3369 seguitate
1941 3306 2074 3349 con
2107 3286 2490 3369 prudentia
2521 3286 2756 3350 studio
2804 3296 2875 3350 et
2902 3287 3264 3369 patientia

684 3404 755 3459 et
800 3404 1003 3459 usate
1068 3394 1116 3456 li
1164 3393 1441 3457 rimedii
1509 3402 1580 3457 et
1627 3394 1975 3457 medicine
2025 3395 2338 3457 secondo
2388 3395 2454 3457 el
2501 3396 2788 3475 morbo,
2861 3403 2934 3456 et
2981 3405 3264 3475 quanto

683 3502 805 3586 pin
868 3501 927 3565 si
974 3502 1117 3582 puo
1185 3522 1297 3563 ma
1344 3520 1479 3563 con
1527 3500 2070 3564 mansuetudine
2133 3501 2371 3564 cerchi
2418 3501 2685 3564 redurli
2755 3510 2826 3565 et
2871 3521 3260 3583 reparare;

684 3619 834 3672 sete
878 3607 949 3671 in
989 3607 1195 3689 fatto,
1244 3617 1315 3671 et
1346 3606 1609 3689 meglio
1659 3609 1790 3671 6116
1819 3608 1985 3670 tutti
2033 3616 2412 3671 conoscete
2454 3618 2721 3690 quanto
2758 3608 2817 3671 si
2850 3627 3262 3693 convenga.

683 3716 788 3779 La
835 3714 1197 3799 presentia
1242 3725 1486 3778 vostra
1534 3713 1575 3777 ὲ
1621 3734 1757 3797 pur
1805 3716 2032 3777 anche
2082 3712 2267 3777 cossi
2312 3714 2755 3789 necessaria;
2805 3716 2981 3798 pero
3015 3736 3163 3779 non
3221 3717 3264 3780 ὲ

684 3825 911 3887 anche
960 3823 1051 3886 da
1098 3824 1367 3886 lassare
1414 3824 1481 3885 le
1530 3842 1697 3885 cose
1746 3826 1892 3885 cosi
1943 3822 2033 3884 ne
2078 3831 2512 3885 tornarvene
2559 3843 2603 3885 a
2649 3820 2735 3887 N.
2771 3820 2837 3886 S.
2889 3831 2960 3885 et
3007 3842 3052 3885 a
3097 3824 3262 3901 noi;

682 3940 957 3994 attenta
1020 3932 1091 3993 la
1155 3928 1612 4011 importantia
1677 3930 1867 3992 della
1931 3928 2242 4011 impresa
2306 3929 2437 3991 che
2502 3930 2762 3992 havete
2810 3938 2963 3993 sete
3025 3932 3262 3995 molto

683 4038 806 4121 piii
856 4058 1022 4100 caro
1070 4036 1138 4099 16
1186 4056 1319 4120 per
1367 4036 1647 4117 adeSSO,
1694 4034 1755 4099 si
1801 4039 1939 4099 ben
1984 4044 2249 4118 quanto
2297 4036 2413 4099 all’
2440 4035 2676 4099 animo
2711 4046 2956 4100 nostro
2989 4035 3064 4099 vi
3091 4056 3262 4101 vor·

684 4166 878 4209 remo
928 4162 1210 4227 sempre
1259 4162 1626 4225 appresso,

863 4252 1005 4315 Per
1051 4249 1100 4313 il
1149 4249 1409 4313 Cocleo
1458 4249 1680 4313 siamo
1728 4268 1862 4331 per
1907 4248 2018 4313 far
2065 4248 2237 4332 ogni
2285 4268 2474 4330 cosa,
2525 4258 2598 4312 et
2645 4259 2839 4312 certo
2887 4248 2972 4313 N.
3024 4246 3098 4313 S.
3155 4252 3266 4334 gli

682 4360 777 4421 116
823 4378 1054 4421 messo
1103 4356 1350 4420 affetto
1399 4357 1676 4439 grande
1726 4364 1798 4419 et
1843 4356 1959 4419 noi
2007 4358 2225 4419 molto
2253 4357 2324 4418 lo
2359 4376 2670 4431 amam03
2721 4354 2991 4419 faremo
3023 4356 3262 4421 inten-

684 4465 855 4528 dere
904 4466 997 4528 da
1043 4484 1311 4527 messer
1339 4462 1641 4527 Andrea
1690 4473 1760 4526 et
1809 4464 1929 4526 dal
1963 4462 2486 4544 Questemberg
2532 4463 2722 4544 quali
2771 4466 3086 4526 secondo
3133 4466 3266 4529 noi

684 4592 861 4635 sono
910 4570 1074 4635 stati
1122 4568 1520 4654 negligenti
1567 4570 1640 4633 in
1690 4580 1945 4652 questa
1991 4590 2159 4633 cosa
2207 4577 2280 4632 et
2325 4589 2468 4633 non
2501 4570 2560 4632 si
2598 4569 2870 4633 lassera
2916 4571 3050 4633 che
3091 4568 3264 4637 fare

744 4799 785 4872 ι)
824 4804 963 4853 Vere
1032 4802 1163 4853 haec
1220 4802 1447 4868 epistola
1516 4802 1786 4866 respondit
1854 4800 2110 4865 epistolae
2175 4800 2331 4849 datae
2401 4800 2489 4850 die
2545 4800 2924 4851 Decimatertia
2981 4800 3263 4854 Octobris

830 4884 1127 4935 Dicendum
1166 4900 1292 4948 ergo
1331 4884 1507 4949 potius
1544 4885 1631 4931 del
1656 4888 1916 4945 presente.
