3575 5775
1688 602 2181 665 643388ῧώ

655 754 1004 842 cipalibus
1049 756 1422 821 terminum
1471 765 1544 820 et
1589 758 1821 820 locum
1870 757 1961 817 ad
2025 754 2453 817 audiendum
2514 773 2647 837 per
2714 771 2845 819 nos
2910 751 3210 819 diffiniti·

654 888 818 930 vam
863 866 935 930 in
984 865 1266 946 scriptis
1314 862 1486 927 ferri
1535 875 1609 927 et
1655 861 2144 945 pronunctiari
2193 861 2636 942 sententiam,
2687 882 2829 946 quo
2877 864 2994 926 die
3040 865 3215 926 hora

658 984 730 1039 et
783 977 942 1037 loco
1007 972 1459 1055 presentibus
1526 970 2066 1051 assignavimus,
2206 968 2298 1032 Et
2367 990 2459 1033 ne
2529 970 2903 1034 clementie
2978 982 3215 1033 nostre

657 1081 922 1163 aliquid
971 1080 1040 1142 in
1091 1089 1234 1144 tam
1283 1078 1488 1161 gravi
1521 1076 1814 1159 negotio
1868 1077 2119 1139 deesse
2148 1077 2535 1157 videretur,
2584 1078 2873 1140 eosdem
2903 1086 3216 1139 rectores

659 1198 730 1251 et
776 1187 1085 1270 priorem
1135 1195 1433 1269 paterne
1499 1196 1666 1247 tunc
1734 1204 2018 1267 quoque
2082 1184 2639 1248 commonuimus
2704 1194 2777 1247 et
2842 1204 2963 1249 seu
3037 1206 3217 1247 com·

657 1294 928 1359 moneri
977 1293 1314 1373 fecimus„
1389 1313 1527 1375 quo
1586 1295 1678 1355 ab
1729 1293 2049 1357 erroneis
2096 1312 2337 1356 corum
2388 1292 2842 1374 dogmatibus
2889 1303 2962 1355 et
3009 1293 3221 1355 sectis

658 1402 1075 1466 scismaticis
1122 1403 1256 1463 hac
1303 1409 1729 1481 tempestate
1775 1401 1970 1465 haud
2026 1417 2379 1481 quaquam
2448 1398 2759 1463 inventis
2816 1408 2889 1462 et
2934 1399 3220 1483 excogi-

655 1509 864 1590 tatis,
925 1510 1051 1571 sed
1121 1507 1390 1588 antiqui
1447 1506 1633 1569 illius
1681 1506 2034 1588 serpentis
2083 1504 2443 1569 afflatibus
2490 1504 2928 1568 resuscitatis
2940 1553 2958 1586 ,
3007 1516 3219 1587 atque

660 1620 752 1681 ab
797 1614 1183 1680 universali
1229 1613 1554 1677 Ecclesia
1599 1614 1738 1676 iam
1787 1614 2051 1675 dudum
2102 1612 2451 1675 damnatis
2500 1622 2572 1674 et
2627 1613 3031 1693 reprobatis
3080 1613 3221 1694 qui-

659 1726 793 1787 bus
837 1722 974 1805 ipsi
1020 1721 1319 1785 involuti
1363 1740 1520 1785 esse
1553 1721 2234 1803 cognoscesbantur,
2280 1718 2808 1801 resipiscerent,
2856 1728 2930 1783 et
2976 1721 3067 1783 ad
3102 1740 3225 1782 cor

662 1840 732 1894 et
781 1839 1024 1891 sancte
1079 1826 1330 1891 Matris
1380 1826 1702 1891 Ecclesia
1747 1827 2092 1889 unitatem
2150 1827 2384 1889 redire
2428 1828 2730 1906 vellent,
2802 1846 2926 1889 eos
2970 1827 3045 1891 in
3093 1826 3223 1889 vis-

662 1936 942 1999 ceribus
992 1934 1352 1998 charitatis
1399 1932 1907 2015 Benignissime
1954 1930 2331 2013 recepturi.
2412 1932 2583 1994 Cum
2610 1935 2871 1997 ‘autem
2908 1944 3227 1996 rectores

663 2052 735 2107 et
781 2043 975 2125 prior
1023 2043 1424 2105 exadverso
1472 2039 1907 2122 principales
1955 2039 2258 2121 predicti
2322 2038 2550 2121 magis
2610 2038 2941 2102 indurato
3007 2040 3227 2103 corde

661 2150 734 2213 in
799 2170 1042 2213 eorum
1106 2146 1464 2212 erroribus
1521 2156 1592 2210 et
1653 2146 1933 2213 delictis
1974 2144 2410 2229 persistent,
2485 2144 2637 2208 Nos
2699 2164 2844 2210 non
2904 2150 3229 2210 valentes

665 2278 906 2321 eorum
955 2256 1511 2319 inobedientiam
1561 2264 1633 2317 et
1678 2254 2192 2333 temeritatem,
2260 2273 2344 2315 ac
2391 2252 2507 2333 pie
2556 2253 2790 2333 plebis
2838 2252 3227 2317 animarum

662 2365 980 2446 pericula
1029 2362 1289 2425 diutius
1351 2363 1623 2440 celare,
1695 2360 2074 2441 prehabita
2120 2358 2338 2441 igitur
2398 2359 2469 2420 in
2518 2358 2818 2441 singulis
2845 2360 3231 2441 premissiS,

665 2490 824 2532 cum
869 2468 1316 2550 peritissimis
1364 2468 1536 2533 viris
1597 2466 1807 2531 nobis
1869 2469 1962 2529 ob
2012 2466 2083 2527 id
2151 2464 2489 2531 adhibitis
2545 2476 2819 2529 matura
2882 2468 3227 2531 delibera-

665 2578 889 2656 tione,
955 2598 1037 2639 ac
1113 2576 1420 2658 cognitis
1493 2574 1893 2638 huiusmodi
1959 2595 2173 2639 cause
2228 2573 2537 2653 meritis,
2610 2572 2877 2636 suffulti
2944 2594 3231 2657 quoque

666 2695 812 2748 tum
863 2684 1283 2766 Apostolica
1331 2684 1536 2746 nobis
1585 2682 1655 2745 in
1718 2685 1853 2745 hac
1916 2692 2120 2763 parte
2170 2702 2547 2755 concessa,
2610 2694 2685 2745 et
2741 2690 2981 2744 nostra
3046 2682 3231 2746 ordi·

666 2790 887 2869 naria,
936 2789 1300 2871 Imperiali
1347 2810 1629 2872 quoque
1703 2789 2275 2869 auctoritatibuS,
2349 2800 2419 2851 et
2490 2788 3023 2871 Omnipotentis
3096 2789 3236 2852 Dei

667 2899 885 2962 nostri
929 2898 1096 2961 freti
1127 2882 1463 2980 presidio,
1513 2909 1829 2960 nostram
1876 2897 1949 2960 in
1997 2897 2281 2979 scriptis
2329 2895 2613 2959 tulimus
2662 2907 2735 2958 et
2780 2897 3233 2978 pronunctia-

667 3005 894 3070 vimus
960 3005 1400 3068 Sententiam
1463 3003 1915 3068 diffinitivam
1978 3004 2051 3066 in
2111 3005 2296 3066 hunc
2364 3002 2484 3084 qui
2552 3001 2867 3084 sequitur
2926 3005 3236 3068 modum.

670 3112 928 3176 Christi
977 3111 1386 3178 Servatoris
1432 3111 1657 3174 nostri
1704 3112 1989 3175 nomine
2037 3111 2371 3174 invocato
2420 3129 2553 3191 pro
2600 3108 2938 3172 tribunali
2987 3111 3236 3173 seden-

667 3229 814 3300 teS,
865 3231 936 3283 et
983 3222 1210 3283 solum
1277 3221 1504 3282 Deum
1573 3240 1702 3301 pre
1761 3219 1991 3283 oculis
2036 3220 2421 3298 habentes,
2477 3237 2611 3298 per
2662 3217 2849 3279 hanc
2920 3226 3239 3281 nostram

670 3325 1118 3390 diffinitivam
1149 3327 1593 3404 sententiam,
1646 3347 1856 3409 quam
1890 3327 1979 3388 de
2013 3327 2402 3407 peritorum
2450 3323 2749 3387 consilio
2800 3334 2871 3386 et
2916 3345 3243 3404 assensu,

668 3433 740 3495 in
787 3433 922 3496 hiis
969 3433 1252 3514 scriptis
1299 3433 1625 3514 ferimus,
1685 3433 2302 3515 pronunctiamuS,
2352 3431 2833 3510 decernimuS,
2881 3439 2953 3492 et
3000 3431 3238 3494 decla-

673 3559 929 3621 ramuS,
977 3539 1048 3602 in
1099 3559 1246 3604 cau·
1275 3559 1316 3601 a
1347 3549 1418 3602 et
1452 3540 1705 3620 causiS,
1755 3561 1895 3622 que
1928 3561 2169 3602 coram
2202 3539 2411 3602 nobis
2444 3537 2839 3619 Wygando
2874 3534 3241 3620 Episcopo

675 3654 746 3709 et
789 3645 1021 3709 iudice
1069 3647 1386 3728 prefato,
1454 3667 1584 3728 per
1639 3647 1825 3710 viam
1889 3645 2398 3729 inquisitionis,
2448 3653 2711 3727 agente
2756 3643 3245 3708 Procuratore

671 3751 826 3815 fisci
886 3755 1112 3816 nostri
1177 3775 1266 3816 ex
1340 3775 1510 3834 una,
1561 3762 1632 3817 et
1679 3753 2073 3836 Georgium
2123 3754 2404 3832 Pesler,
2470 3751 2716 3837 Sancti
2767 3747 3105 3833 Sebaldi,
3158 3771 3245 3815 ac

673 3859 1061 3924 Hectorem
1111 3861 1446 3941 Poemer,
1498 3861 1727 3924 sancti
1775 3859 2175 3940 Laurentii,
2234 3859 2747 3943 parochialium
2795 3857 3245 3923 Ecclesiasti-

674 3987 914 4032 carum
973 3967 1168 4049 opidi
1215 3967 1835 4050 Nurenbergensis
1883 3978 2201 4031 rectores
2212 4015 2230 4046 ,
2303 3967 2717 4049 Prepositos
2766 3977 3245 4048 nuncupatos,

672 4095 758 4137 ac
785 4074 1275 4156 Volfgangum
1309 4073 1726 4155 Volprecht‚
1776 4072 2189 4136 monasterii
2237 4073 2533 4136 fratrum
2582 4061 2853 4134 ordinis
2898 4071 3247 4138 Eremita·

671 4201 826 4243 rum
875 4179 1119 4244 Sancti
1171 4181 1576 4262 Augustini,
1625 4181 1941 4244 eiusdem
1992 4179 2208 4262 opidi,
2260 4192 2502 4243 nostre
2553 4179 2877 4260 diocesis,
2924 4180 3244 4262 priorem

673 4298 1049 4370 pretensos
1097 4287 1585 4368 adversariOS,
1637 4289 2039 4350 exadverso
2089 4286 2527 4370 principales
2588 4285 3074 4367 supradictos,
3152 4289 3247 4351 de

676 4403 748 4456 et
795 4413 1029 4475 super,
1079 4396 1468 4458 eorundem
1517 4396 1919 4458 exadverso
1967 4393 2465 4476 principalium
2526 4401 2598 4454 et
2665 4411 2907 4454 eorum
2954 4392 3245 4456 cuiusli-

674 4503 820 4580 bet,
866 4509 1200 4581 pretensa
1249 4500 1642 4564 variatione
1691 4509 1763 4564 et
1810 4502 2216 4582 novatione,
2265 4519 2349 4563 ac
2396 4499 2467 4562 in
2500 4499 2738 4562 multis
2782 4497 3247 4580 obmissione,

674 4627 1034 4671 sacrorum
1055 4607 1334 4688 rituum,
1361 4629 1446 4671 ac
1467 4606 2089 4672 Sacramentorum
2117 4606 2778 4671 Ecclesiasticorum
2808 4605 2878 4668 in
2897 4602 3247 4670 Sanctam

673 4711 1066 4776 Ecclesiam
1097 4715 1470 4796 prefatam,
1507 4724 1721 4797 atque
1749 4725 2083 4797 nostram,
2117 4713 2466 4778 scismatis
2496 4733 2778 4794 quoque
2804 4711 3247 4796 criminibuS,

675 4819 972 4902 aliisque
1022 4821 1482 4902 excessibuS,
1541 4831 1614 4884 et
1660 4822 1984 4902 delictis,
2050 4842 2182 4904 per
2228 4821 2551 4903 prefatos
2598 4822 3003 4883 exadverso
3046 4819 3247 4902 prin—

673 4927 944 5010 cipales
966 4975 986 5009 ,
1053 4937 1126 4990 et
1172 4927 1560 5010 quemlibet
1607 4949 1890 5012 eorum,
1961 4928 2364 5014 respective
2412 4927 2787 4992 temerarie
2852 4937 2925 4990 et
2969 4925 3245 5014 illicite,
