3575 5775
1652 535 1770 591 ⁶43
1848 531 1955 590 150
2032 529 2149 590 8>-0

1846 894 1951 958 60.

886 1010 1289 1091 Publinatio
1344 1012 1602 1091 Bullae
1660 1015 1909 1091 eontra
1962 1011 2357 1090 Lutherum
2390 1010 2612 1091 facta
2664 1010 2920 1092 Leodii.

1447 1159 1613 1230 (Aeta
1649 1157 2080 1217 wormatiensis
2114 1157 2211 1217 fol.
2248 1158 2357 1228 58.)

1627 1277 1703 1344 (8.
1739 1278 1947 1342 Aprilis
1992 1275 2166 1340 1521.)

794 1421 1165 1486 Universis
1213 1430 1285 1485 et
1313 1420 1611 1502 singulis
1659 1442 1787 1505 per
1818 1420 2171 1502 Dominia,
2222 1432 2450 1484 terras
2499 1431 2572 1484 et
2602 1421 3001 1486 universam
3034 1422 3183 1486 dio·

615 1528 832 1591 cesim
879 1538 1194 1591 nostram
1243 1527 1648 1591 constitutis
1677 1525 1997 1592 Salutem
2039 1527 2109 1590 in
2144 1529 2307 1592 Dno
2348 1528 2873 1611 sempiternam.
2950 1529 3185 1610 Quum

617 1633 1120 1699 Sanctissimus
1166 1633 1514 1698 Dominus
1561 1635 1821 1699 Noster
1870 1636 1957 1700 D.
1994 1635 2141 1698 Leo
2192 1635 2433 1699 divina
2478 1634 2931 1718 providentia
2978 1637 3185 1720 Papa

616 1743 929 1806 decimus
955 1741 1424 1824 apostolicum
1451 1743 1686 1806 Breve
1711 1743 1803 1805 ad
1828 1742 1978 1805 Nos
2004 1742 2272 1806 miserit
2297 1753 2367 1806 et
2394 1763 2523 1826 per
2547 1743 2818 1807 Rever.
2846 1745 2922 1808 P.
2943 1745 3180 1808 Dnum

618 1849 1129 1932 Hieronymum
1196 1849 1633 1913 Aleandrum
1697 1869 1899 1912 suum
1966 1859 2039 1912 et
2102 1847 2313 1912 Sedis
2360 1849 2824 1932 Apostolicae
2888 1849 2959 1912 in
3008 1849 3183 1913 Uni-

614 1977 822 2021 versa
872 1955 1254 2020 Germania
1302 1955 1630 2019 nuncium
1693 1964 1766 2018 et
1815 1964 2169 2020 oratorem
2218 1955 2485 2038 exponi
2530 1956 2784 2020 fecerit
2830 1967 3184 2039 quatenus

616 2062 720 2126 S·-
773 2085 922 2145 sua,
969 2063 1215 2126 habita
1261 2071 1537 2126 matura
1584 2062 2101 2126 deliberatione
2151 2063 2239 2126 de
2289 2083 2637 2126 consensu
2684 2063 3011 2127 Revernm
3038 2065 3179 2126 Do-

615 2171 962 2236 minorum
1011 2167 1491 2233 Cardinalium
1553 2170 1645 2231 ad
1693 2170 1831 2231 hoc
1878 2189 2395 2250 saepenumero
2458 2180 3057 2253 congregatorum
3108 2183 3183 2235 et

611 2279 986 2341 multorum
1033 2276 1104 2339 in
1155 2275 1408 2339 litteris
1456 2275 1956 2340 excellentium
2004 2275 2315 2340 virorum
2375 2275 2669 2340 consilio
2694 2323 2711 2357 ,
2775 2277 3042 2360 scripta
3108 2289 3181 2342 et

611 2385 832 2448 libros
867 2384 1246 2446 cuiusdam
1293 2383 1534 2446 fratris
1575 2382 1867 2446 Martini
1900 2383 2167 2447 Luther
2216 2381 2480 2448 ordinis
2510 2383 2977 2448 Eremitarum
3010 2385 3181 2448 Divi

614 2490 995 2572 Augustini
1044 2491 1366 2555 diversos
1403 2491 1741 2554 articulos
1789 2491 2189 2573 respective
2221 2491 2575 2556 hereticos
2605 2511 2947 2556 erroneos
2978 2512 3177 2555 scan-

611 2599 898 2661 dalosos
945 2598 1015 2661 in
1063 2619 1140 2660 se
1191 2597 1676 2678 continenteS,
1723 2606 2060 2679 tanquam
2107 2598 2392 2662 inutiles
2438 2598 2876 2681 perniciosos
2937 2611 3007 2662 et
3056 2601 3177 2663 mi·

610 2705 798 2768 nime
857 2705 927 2767 in
977 2703 1301 2768 Ecclesia
1349 2703 1485 2766 Dei
1549 2705 1961 2768 tolerandos
2022 2725 2106 2768 ac
2153 2716 2538 2787 propterea
2594 2706 3181 2770 condemnandos

611 2811 1001 2887 censuerit,
1064 2831 1150 2874 ac
1197 2813 1287 2874 de
1335 2810 1532 2874 facto
1595 2811 2180 2874 condemnaverit
2238 2822 2309 2874 et
2355 2813 2561 2876 huius
2610 2812 3007 2876 sententiae
3055 2813 3173 2876 de-

611 2920 786 2984 creti
835 2929 906 2983 et
953 2918 1422 2982 ordinationis
1469 2918 1890 3000 originalem
1938 2919 2204 2983 bullam
2244 2920 2627 2984 videndam
2676 2930 2747 2983 et
2795 2921 3177 3004 legendam

610 3036 682 3089 et
743 3026 966 3109 ipsius
1029 3028 1287 3090 multas
1335 3025 1778 3089 authenticas
1826 3026 2073 3107 copias
2136 3028 2507 3090 habendas
2519 3075 2538 3109 ,
2611 3047 2887 3091 necnon
2958 3028 3173 3091 aliam

609 3134 887 3196 Bullam
959 3151 1173 3214 super
1243 3133 1581 3196 librorum
1653 3132 2119 3215 impressione
2186 3132 2258 3195 in
2331 3136 2673 3198 moderno
2744 3137 3177 3201 lateranensi

611 3240 914 3303 concilio
961 3240 1222 3303 editam
1272 3260 1403 3322 per
1449 3240 1754 3303 eundem
1804 3240 2161 3304 dominum
2210 3240 2541 3303 nuncium
2590 3242 2681 3303 ad
2731 3261 2859 3303 nos
2908 3240 3179 3305 miserit

609 3356 683 3409 et
727 3354 1027 3428 paterna
1075 3345 1424 3411 charitate
1472 3348 1795 3409 hortatus
1844 3345 2058 3410 fuerit
2114 3367 2198 3409 ac
2246 3346 2316 3409 in
2364 3347 2625 3411 virtute
2674 3357 2961 3411 sanctae
3010 3350 3173 3413 obe·

610 3450 921 3516 dientiae
984 3452 1436 3534 requisiverit
1494 3462 1571 3515 ut
1633 3472 1816 3533 quae
1864 3451 1935 3515 in
1996 3453 2383 3534 praedictis
2446 3454 2659 3518 bullis
2721 3455 3176 3519 continentur

609 3568 853 3622 nostra
899 3558 1271 3641 diligentia
1318 3568 1389 3623 et
1437 3559 1668 3622 studio
1720 3560 1788 3621 in
1822 3559 2156 3623 Diocoesi
2204 3570 2276 3625 et
2306 3560 2652 3623 Dominiis
2699 3562 2961 3624 nostris
3010 3583 3172 3625 exe-

607 3666 894 3747 quenda
924 3684 1365 3738 curaremus;
1401 3666 1551 3729 Nos
1584 3666 1702 3749 qui
1733 3664 2195 3731 Sanctissimo
2222 3666 2529 3731 Domino
2561 3678 2804 3731 nostro
2836 3666 3169 3733 Sanctae·

609 3792 749 3855 que
800 3770 972 3835 Sedi
1005 3772 1471 3855 Apostolicae
1520 3773 1985 3837 iuramentum
2032 3773 2394 3838 fidelitatis
2440 3775 2874 3855 prestitimus
2922 3786 2993 3839 et
3038 3796 3173 3858 pro

606 3882 800 3963 cujus
863 3880 1282 3944 defensione
1345 3880 1582 3943 omnia
1640 3889 1884 3944 nostra
1932 3885 2124 3945 bona
2185 3900 2551 3963 exponere
2611 3882 3171 3965 sanguinemque

601 3986 966 4069 proprium
1000 3986 1366 4050 effundere
1401 4008 1593 4051 more
1628 3989 2215 4069 predecessorum
2248 3996 2646 4052 nostrorum
2668 3988 3169 4053 Leodiensium

605 4093 1118 4176 Episcoporum
1167 4114 1448 4175 semper
1494 4093 1754 4158 fuimus
1819 4103 1892 4157 et
1946 4114 2185 4157 sumus
2231 4095 2494 4176 parati,
2565 4095 2773 4159 vobis
2818 4094 3173 4159 universis

602 4211 672 4264 et
721 4210 1033 4264 vestrum
1084 4200 1380 4282 singulis
1426 4201 1851 4265 auctoritate
1900 4201 2324 4284 Apostolica
2379 4210 2451 4265 et
2498 4212 2739 4265 nostra
2787 4200 2857 4265 in
2904 4201 3169 4267 virtute

603 4306 911 4371 Sanctae
961 4306 1416 4371 obedientiae
1479 4316 1550 4371 et
1609 4310 1741 4371 sub
1806 4306 2243 4388 gravissimis
2288 4308 2540 4391 poenis
2604 4319 2676 4371 et
2723 4309 3038 4374 censuris
3095 4310 3165 4373 in

601 4416 917 4478 eiusdem
951 4416 1162 4478 bullis
1197 4415 1610 4498 apostolicis
1641 4412 2015 4493 contentis,
2064 4414 2559 4498 praecipimus,
2640 4414 2961 4479 Subditis
2990 4436 3166 4480 vero

597 4522 858 4587 nostris
918 4531 1204 4605 praeter
1252 4542 1706 4585 censurarum
1768 4521 2296 4602 praedictarum
2356 4521 2886 4607 innodationem
2954 4523 3167 4587 etiam

599 4632 732 4693 sub
779 4628 1247 4712 gravissimae
1280 4628 1793 4710 indignationis
1839 4637 2129 4692 nostrae
2178 4638 2250 4692 et
2282 4628 2439 4693 aliis
2488 4629 2881 4693 arbitrariis
2912 4629 3169 4711 poenis

594 4757 890 4819 quarum
940 4736 1149 4799 tertia
1211 4757 1379 4819 pars
1428 4735 1768 4800 Camerae
1819 4736 2257 4818 apostolicae
2306 4736 2517 4799 tertia
2578 4734 2750 4799 fisco
2798 4750 3043 4798 nostro
3094 4746 3167 4797 et

594 4842 805 4907 tertia
853 4842 1344 4907 denunciatori
1394 4845 1774 4923 debeatur,
1840 4844 2255 4905 mandamus
2304 4851 2376 4905 et
2420 4841 2820 4905 inhibemus
2868 4862 2957 4905 ne
3006 4841 3165 4925 quis
