3575 5775
1812 584 2303 640 Qlaeffl

779 727 870 790 de
930 728 1050 810 piu
1099 729 1429 812 privilegi
1492 738 1562 792 et
1609 731 2131 796 consuetudini.
2220 733 2433 796 Della
2492 734 2862 814 prebenda
2923 754 3137 815 super
3197 755 3327 816 qua

778 833 914 896 iam
949 836 1364 918 composuit,
1408 839 1536 898 dar
1568 839 1805 899 buone
1838 840 2085 918 parole
2114 837 2259 900 fino
2308 840 2461 905 ana.
2480 840 2870 904 resolution
2904 840 3096 903 della
3123 841 3325 904 dieta.

954 943 1342 1006 Praeterea
1387 945 1622 1024 quelle
1675 943 1909 1026 gratie
1960 945 2090 1006 che
2136 945 2206 1006 io
2256 945 2665 1026 demandai,
2732 967 2863 1029 per
2911 949 2977 1010 el
3022 955 3323 1010 maestro

776 1048 892 1109 del
958 1050 1269 1112 oratorio
1339 1050 1408 1111 di
1475 1050 1695 1114 Cesar
1758 1071 1899 1113 uno
1966 1051 2535 1133 protonotariato
2600 1053 2673 1114 in
2742 1053 2971 1134 bulla,
3038 1075 3181 1118 una
3238 1055 3325 1116 di·

775 1176 1036 1237 spensa
1096 1177 1225 1238 per
1289 1177 1380 1219 un
1427 1157 1574 1220 filio
1637 1157 1708 1220 di
1773 1179 1863 1220 un
1911 1159 2181 1240 portier
2242 1158 2312 1220 di
2362 1159 2583 1222 Cesar
2642 1169 2714 1222 et
2759 1170 2956 1224 certa
3002 1161 3331 1242 dispensa

775 1282 905 1343 per
951 1265 1017 1325 el
1067 1264 1306 1326 dottor
1339 1266 1686 1328 Brucardi
1730 1266 1998 1328 ordinis
2046 1265 2616 1348 praedicatorum
2664 1267 2797 1330 che
2843 1267 2918 1330 fa
2950 1268 3069 1349 qui
3097 1270 3329 1330 buono

776 1369 1014 1433 ufficio
1063 1379 1316 1434 contra
1348 1371 1636 1453 Luther,
1686 1372 2011 1455 supplico
2059 1372 2181 1454 piu
2230 1382 2473 1453 presto
2522 1373 2579 1435 si
2626 1375 2751 1454 pol
2798 1373 2856 1436 si
2904 1375 3259 1438 mandinO.

954 1478 1294 1560 Besogna
1341 1478 2181 1543 necessariissimamente
2230 1481 2361 1543 che
2402 1502 2480 1544 se
2527 1480 2711 1544 faeci
2744 1501 2879 1544 una
2908 1482 3117 1544 Bulla
3150 1483 3333 1545 della

776 1587 1368 1648 condemnatione
1418 1587 1488 1648 di
1533 1587 1845 1649 Martino
1892 1597 2059 1669 post
2107 1590 2379 1669 lapsum
2428 1587 2707 1651 termini
2752 1587 2821 1650 in
2869 1587 3095 1670 prima
3142 1591 3335 1651 bulla

775 1693 1127 1773 contenti,
1195 1703 1266 1756 et
1314 1692 1382 1756 in
1430 1694 1754 1756 omnibus
1802 1694 1983 1756 farla
2032 1714 2231 1756 come
2298 1705 2410 1757 sta
2457 1697 2695 1776 quella
2758 1697 2829 1757 la
2875 1698 3089 1777 quale
3150 1695 3215 1757 ci
3262 1695 3331 1756 fu

776 1803 1111 1862 mandata
1170 1801 1290 1863 alli
1352 1803 1420 1862 di
1470 1801 1774 1883 passati,
1847 1822 1961 1864 ma
2009 1822 2149 1864 non
2214 1804 2540 1884 besogna
2599 1801 2921 1865 nominat
2980 1802 3146 1864 altri
3208 1804 3335 1864 che

777 1907 1084 1970 Martino
1135 1907 1403 1970 Luther
1452 1929 1591 1971 non
1639 1907 1945 1971 facendo
1994 1909 2309 1972 mention
2358 1910 2450 1972 de
2497 1909 2790 1988 Hutten,
2842 1909 2927 1973 ne
2978 1909 3049 1970 di
3100 1909 3283 1972 altri.

956 2015 1232 2077 Perche
1299 2015 1418 2096 qui
1469 2026 1807 2096 questoro
1855 2037 2305 2079 mormorano
2368 2019 2501 2080 che
2550 2037 2689 2080 non
2740 2016 2799 2079 si
2847 2038 2929 2079 sa
2974 2018 3109 2080 che
3158 2016 3337 2078 Mar-

773 2121 919 2183 tino
969 2121 1051 2184 sii
1113 2131 1224 2184 sta
1271 2122 1683 2186 dechiarato
1731 2132 1897 2205 post
1944 2123 2224 2186 termini
2278 2125 2592 2206 lapsum,
2660 2133 2733 2186 et
2776 2133 3078 2186 trovano
3130 2143 3335 2186 excu-

774 2228 1048 2292 satione
1095 2250 1226 2311 per
1272 2240 1481 2311 poter
1529 2229 2088 2313 favoreggiarlo‚
2139 2241 2210 2293 et
2260 2251 2403 2293 non
2451 2231 2488 2294 ὲ
2534 2251 2668 2313 per
2708 2231 2947 2294 niente
2976 2240 3221 2314 tempo
3266 2231 3337 2292 di

773 2335 1098 2416 publicar
1162 2347 1414 2418 questa
1461 2338 1582 2419 gia
1629 2340 1965 2401 mandata
2025 2340 2287 2420 perche
2348 2339 2439 2402 ne
2484 2339 2915 2402 venirebber
2974 2339 3067 2400 ad
3118 2359 3337 2400 amaz—

773 2463 970 2506 zarse
1031 2444 1240 2506 etiam
1289 2444 1362 2508 in
1409 2444 1684 2528 gremio
1741 2445 2067 2509 Caesaris
2083 2495 2100 2526 ‚
2176 2467 2317 2509 non
2366 2448 2591 2510 solum
2641 2447 2949 2524 Hutten,
3010 2465 3128 2508 ma
3175 2445 3341 2507 tutti

772 2550 1003 2630 questi
1052 2552 1308 2632 nobili,
1371 2553 1634 2633 perche
1684 2553 2039 2616 ancorche
2085 2553 2183 2617 lui
2233 2574 2373 2616 non
2431 2552 2617 2617 sacci
2665 2553 2871 2616 stima
2918 2553 3009 2614 de
3058 2571 3340 2615 excom-

770 2657 1228 2722 municationi
1292 2669 1630 2742 quantum
1693 2662 1787 2723 ad
1849 2661 2190 2741 animam,
2260 2673 2495 2723 tamen
2561 2681 2688 2742 per
2752 2661 2822 2723 la
2868 2659 3160 2722 infamia
3224 2659 3341 2721 del

770 2765 1032 2827 mundo
1099 2765 1397 2830 fat-ebbe
1459 2787 1624 2830 cose
1691 2769 1783 2829 da
1831 2769 2068 2849 pacci:
2140 2771 2315 2850 pero
2379 2768 2705 2850 supplico
2772 2769 2905 2829 che
2952 2776 3199 2848 presto
3272 2776 3342 2828 et

771 2871 1053 2936 omnino
1103 2873 1162 2937 si
1212 2875 1447 2938 mandi
1498 2877 1598 2938 tal
1643 2877 1842 2939 bulla
1890 2896 2091 2939 come
2141 2875 2494 2939 demando
2542 2873 2877 2938 accioche
2940 2877 3009 2938 la
3056 2872 3115 2936 si
3166 2876 3340 2955 pub-

768 2979 986 3042 blichi
1034 2979 1104 3043 in
1154 2981 1367 3045 Dieta
1429 2991 1502 3045 et
1547 2984 1596 3045 il
1643 2986 1912 3065 populo
1961 2982 2155 3047 habii
2203 2982 2324 3066 piu
2372 2992 2667 3046 terrore.
2758 2982 2839 3045 Io
2888 2984 2980 3043 ho
3028 2982 3173 3044 ben
3228 2982 3340 3043 de·

769 3086 1148 3150 terminato
1214 3090 1330 3151 nel
1396 3089 1622 3171 partit·
1689 3090 1759 3151 di
1810 3088 2193 3153 Germania
2257 3089 2369 3151 far
2431 3089 2756 3171 publicar
2823 3096 3073 3169 questa
3140 3088 3345 3150 bulla

771 3193 982 3256 etiam
1033 3206 1282 3258 contra
1315 3197 1586 3260 Hutten
1637 3206 1707 3259 et
1753 3218 1866 3261 me
1908 3197 2165 3260 retirar
2212 3197 2279 3259 al
2314 3217 2567 3259 securo
2616 3206 2689 3259 et
2735 3196 2919 3259 farla
2952 3194 3347 3277 imprimer‚

769 3320 882 3361 ma
934 3302 1022 3363 de
1070 3300 1255 3365 farla
1301 3312 1575 3366 mentre
1623 3305 1756 3365 che
1816 3302 1934 3385 qui
1982 3304 2233 3367 stiamo
2284 3324 2423 3367 non
2472 3303 2642 3366 volii
2690 3304 2829 3367 Dio
2877 3304 3146 3387 perche
3202 3324 3340 3367 non

767 3406 1209 3489 giovarebbe
1257 3410 1398 3471 alla
1447 3432 1662 3473 causa
1716 3419 1786 3473 et
1833 3412 2265 3492 privarebbe
2313 3409 2476 3473 tutti
2524 3409 2643 3473 noi
2691 3411 2881 3474 della
2928 3410 3092 3472 vita.

947 3514 1041 3577 Di
1104 3525 1354 3596 questa
1423 3516 1869 3580 diffidatione
1933 3517 2113 3580 satta
2162 3518 2323 3580 tutti
2391 3526 2463 3582 et
2510 3517 2765 3599 grandi
2826 3527 2897 3580 et
2944 3515 3216 3601 piccoli
3282 3516 3345 3579 ci

767 3630 1081 3685 metteno
1129 3624 1404 3705 grande
1452 3646 1710 3706 paura;
1760 3626 2143 3687 tuttavolta
2190 3624 2410 3687 siamo
2460 3623 2929 3703 determinati,
2976 3624 3039 3686 el
3084 3622 3343 3686 Caraz-

770 3731 924 3792 zolo
975 3738 1048 3793 et
1093 3730 1162 3793 io
1209 3732 1432 3794 veder
1477 3733 1549 3795 la
1593 3730 1755 3813 fine,
1806 3742 1879 3795 et
1925 3753 2003 3795 se
2033 3731 2345 3795 Martino
2373 3731 2602 3811 viene,
2651 3730 2763 3794 far
2801 3732 2871 3793 lo
2906 3731 3037 3792 che
3066 3730 3343 3813 meglio

769 3834 953 3917 sara,
1003 3846 1073 3900 et
1120 3859 1197 3901 se
1244 3859 1387 3902 non
1435 3840 1640 3902 viene
1689 3839 2124 3902 demandare
2171 3841 2241 3902 la
2288 3837 2669 3901 diffinitiva
2707 3836 3136 3901 executione
3173 3838 3343 3901 delli

771 3944 926 4009 suoi
993 3944 1154 4009 libri
1223 3954 1294 4008 et
1361 3946 1450 4009 de
1517 3946 1778 4009 libellis
1826 3946 2118 4009 famosis
2184 3947 2470 4026 quando
2534 3945 2747 4007 etiam
2815 3944 3003 4006 mille
3070 3953 3345 4007 mortes

770 4052 978 4116 nobis
1023 4052 1501 4133 imminerent,
1565 4063 1636 4116 et
1683 4053 1754 4115 in
1803 4063 2055 4133 questo
2102 4052 2487 4115 habbiamo
2547 4051 2695 4113 fixo
2742 4051 2793 4113 il
2839 4050 3086 4132 piede‚
3152 4052 3339 4114 incu-

770 4157 948 4222 tiant
1007 4160 1524 4241 quantumlibet
1571 4160 1895 4223 timorem
1963 4158 2171 4222 nobis
2218 4158 2357 4221 alii.
2454 4160 2522 4221 A
2570 4158 2659 4221 V.
2710 4156 2783 4221 S.
2831 4158 3025 4220 Rma
3082 4157 3340 4222 humil-

770 4276 1006 4332 mente
1055 4270 1229 4331 baso
1277 4270 1346 4331 le
1393 4267 1603 4331 mani.
1697 4266 2145 4331 Wormatiae
2192 4264 2308 4329 die
2360 4286 2393 4344 5
2446 4265 2717 4347 Aprilis
2765 4263 3140 4329 MDXXI.
