3575 5775
1740 490 2234 546 oe<23258{J>-0

708 637 996 700 dissima
1044 635 1102 698 si
1150 636 1366 718 degni
1413 635 1525 698 far
1574 638 1702 699 dar
1752 637 2002 700 ordine
2061 651 2132 698 et
2176 636 2493 700 remedio
2541 637 2634 700 ad
2684 638 2938 701 alcuno
2985 637 3268 721 iniquis-

708 745 882 807 simo
930 745 1204 806 indulto
1252 742 1373 825 gia
1422 752 1529 804 tre
1579 742 1745 805 anni
1795 763 2158 824 concess0,
2207 763 2322 805 ma
2352 745 2874 808 novellamente
2905 745 3272 827 publicato

708 860 955 914 contra
1020 851 1217 913 detto
1280 850 1637 932 Episcopo
1704 859 1776 911 et
1840 850 1907 911 la
1971 847 2112 912 Sua
2179 849 2470 932 Chiesa‚
2542 851 2614 914 in
2663 852 2870 915 favor
2917 853 2989 915 di
3037 852 3272 914 alcuni

708 957 858 1021 suoi
909 957 1192 1038 sudditi,
1242 956 1289 1019 il
1340 959 1471 1020 che
1522 977 1597 1020 se
1647 957 1960 1039 procede
2009 956 2303 1020 insieme
2352 977 2486 1020 con
2543 959 2703 1021 altri
2769 959 2975 1022 simili
3035 959 3270 1022 incon·

708 1064 1023 1128 venienti
1089 1064 1179 1127 de
1228 1067 1449 1127 breve
1498 1064 1546 1125 li
1594 1063 2011 1146 Episcopati
2060 1063 2132 1125 di
2180 1062 2565 1127 Germania
2613 1064 2673 1126 si
2729 1065 3273 1129 diminueranno

710 1181 906 1235 tanto
956 1173 1089 1235 c-he
1136 1192 1279 1234 non
1328 1172 1387 1234 si
1434 1171 1643 1253 potra
1690 1170 1812 1252 piu
1863 1169 2198 1233 resistere
2247 1171 2366 1234 alli
2417 1171 2609 1253 laici,
2677 1174 2808 1236 che
2872 1173 2934 1235 ci
2985 1175 3262 1235 vorreb-

706 1283 893 1343 beno
943 1279 1286 1352 distrutti;
1338 1288 1588 1361 questo
1637 1276 1705 1339 io
1756 1278 1825 1339 lo
1874 1277 2179 1358 predissi
2228 1277 2346 1358 gia
2395 1278 2496 1340 sei
2529 1279 2717 1358 anni,
2767 1280 3104 1342 mandato
3153 1279 3274 1340 dal

709 1389 907 1450 detto
954 1385 1315 1469 Episcopo
1365 1387 1433 1447 al
1483 1383 1977 1462 SanctissimO,
2027 1394 2096 1446 et
2127 1383 2188 1446 si
2219 1386 2312 1446 ha
2343 1386 2608 1448 veduto
2648 1395 3046 1467 purtroppo
3079 1406 3278 1448 esser

708 1515 915 1566 vero;
988 1495 1267 1556 almeno
1319 1493 1375 1555 si
1425 1493 1746 1574 proveda
1795 1511 1838 1553 a
1886 1492 2125 1573 quello
2175 1493 2307 1554 che
2372 1501 2564 1554 resta
2624 1493 2886 1574 perche
2949 1495 3016 1555 la
3081 1491 3276 1554 Sede

710 1600 1132 1682 Apostolica
1180 1598 1426 1681 patera
1477 1599 1595 1680 piu
1647 1600 1777 1660 che
1827 1597 1875 1660 li
1925 1597 2105 1660 altri.
2199 1597 2293 1660 Di
2335 1607 2586 1680 questo
2621 1599 2741 1680 piu
2793 1602 2884 1662 ad
2932 1602 3151 1679 longo
3189 1621 3276 1661 ne
3528 1558 3546 1733 ι

708 1711 801 1771 ho
851 1708 1095 1770 scritto
1144 1728 1187 1769 a
1232 1707 1510 1769 Messer
1557 1707 1664 1784 J0.
1714 1707 2059 1768 Matthe0.

885 1815 1047 1878 Non
1095 1817 1364 1877 lassato
1415 1813 1485 1875 di
1533 1813 1967 1896 significarle
2016 1816 2293 1894 quello,
2355 1815 2486 1876 che
2534 1816 2760 1896 perho
2814 1813 3141 1897 supplico
3195 1813 3278 1875 sii

710 1922 1181 1986 secretissimo
1230 1941 1363 2002 per
1409 1920 1547 1984 mia
1596 1941 1832 2001 causa,
1881 1922 2012 1983 che
2062 1920 2286 2002 hoggi
2335 1941 2466 2002 per
2493 1941 2667 1984 vero
2699 1943 2876 1984 sono
2911 1925 3030 2003 qui
3063 1922 3279 1983 lettre

712 2029 880 2093 delli
931 2031 1047 2092 del
1097 2029 1365 2109 Campo
1415 2027 1487 2090 di
1536 2027 1787 2108 Cesar,
1847 2049 2044 2089 come
2103 2027 2220 2108 gia
2277 2027 2380 2091 sei
2428 2049 2471 2091 0
2523 2039 2704 2091 sette
2753 2030 2822 2090 dl
2873 2030 2938 2091 el
2985 2028 3279 2090 fratello

713 2140 828 2201 del
876 2139 1073 2200 detto
1122 2136 1481 2218 Episcopo
1530 2135 1753 2198 invito
1805 2144 1912 2197 tre
1963 2159 2003 2197 υ
2055 2144 2339 2216 quattro
2405 2135 2609 2217 primi
2674 2139 2788 2200 del
2840 2137 3112 2216 Campo
3185 2136 3277 2196 ad

667 2303 675 2311 .
712 2265 996 2327 prans0‚
1029 2253 1101 2306 et
1134 2243 1468 2305 dechiaro
1502 2244 1678 2324 lore,
1713 2262 1914 2304 come
1951 2263 2072 2304 era
2103 2253 2214 2304 sta
2246 2245 2662 2324 aggabbato
2699 2246 2791 2306 da
2823 2243 3059 2324 quello
3092 2261 3277 2322 gran

713 2351 1068 2432 Principe,
1116 2369 1246 2431 per
1295 2370 1509 2411 causa
1560 2357 1631 2411 et
1679 2348 1966 2410 instintu
2017 2351 2134 2411 del
2168 2351 2332 2430 qual
2379 2349 2423 2411 1’
2458 2352 2690 2413 havea
2723 2370 2958 2412 mosso
2989 2367 3282 2429 guerra,

714 2468 785 2521 et
832 2459 990 2521 chel
1040 2457 1464 2519 desiderava
1510 2454 1756 2518 venire
1807 2477 1848 2516 a
1896 2457 2035 2517 bon
2090 2465 2680 2539 appontamentO,
2753 2469 2824 2519 et
2881 2457 3016 2519 dir:
3089 2455 3284 2536 Jube

714 2565 1016 2628 Domine
1064 2561 1515 2642 benedicere,
1564 2571 1635 2624 et
1684 2561 1755 2623 di
1804 2579 2055 2642 questo
2106 2565 2200 2625 ha
2241 2563 2487 2626 scritto
2537 2567 2605 2626 al
2635 2564 2919 2626 fratello
2969 2583 3284 2646 pregan-
3549 2645 3551 2652 Ι

713 2673 880 2736 dolo
929 2672 1089 2734 chel
1136 2669 1385 2750 tenghi
1433 2670 1500 2730 la
1545 2689 1787 2738 mano:
1855 2689 1969 2732 ma
2017 2668 2114 2731 lui
2162 2690 2294 2751 per
2341 2669 2569 2733 evitar
2617 2670 2786 2753 ogni
2847 2669 3285 2752 suspicione,

713 2801 853 2844 non
904 2801 981 2842 se
1029 2799 1119 2841 ne
1168 2778 1306 2840 vol'
1342 2775 1744 2858 impacciar.
1841 2777 1986 2838 Pur
2048 2797 2259 2858 spero
2323 2786 2395 2839 et
2455 2799 2586 2840 son
2647 2777 2849 2860 quasi
2897 2787 3094 2842 certo
3148 2780 3288 2840 che

712 2891 755 2952 1’
788 2891 1095 2953 accordo
1146 2885 1307 2950 sara
1356 2883 1555 2968 quasi
1604 2884 1826 2965 fatto,
1877 2885 1933 2947 si.
1983 2887 2114 2948 che
2163 2885 2398 2949 omnia
2445 2888 2957 2968 conquiescunt
3003 2885 3288 2959 Cesari;

714 3007 785 3060 et
832 2999 1007 3079 pero
1059 2996 1361 3060 essendo
1412 2996 1477 3057 le
1527 3014 1692 3056 cose
1728 2993 2109 3057 christiane
2159 2994 2232 3057 in
2279 2995 2328 3057 li
2376 2994 2655 3057 termini
2705 2997 2837 3057 che
2877 2994 2934 3056 si
2967 3014 3290 3075 veg0n0‚

715 3116 787 3168 et
832 3106 880 3168 li
931 3102 1243 3183 Principi
1293 3100 1630 3165 arrabiati
1681 3100 1797 3162 del
1858 3101 2153 3183 proprio
2211 3122 2521 3183 sangue;
2584 3110 2780 3165 tanto
2844 3111 2916 3163 et
2973 3103 3288 3182 pruden-

715 3212 983 3275 tissimo
1034 3212 1069 3273 ὁ
1121 3220 1305 3273 stato
1352 3208 1399 3272 il
1452 3206 1817 3289 conseglio
1869 3208 1939 3270 di
1990 3208 2136 3271 Sua
2187 3208 2313 3283 5¹³2
2374 3218 2444 3272 et
2491 3210 2562 3271 di
2612 3208 2697 3273 V.
2751 3209 2822 3272 S.
2880 3208 3034 3271 R¹¹1¹a
3080 3230 3125 3271 a
3172 3208 3292 3271 far

716 3320 952 3400 quello
1002 3320 1240 3380 hanno
1288 3315 1491 3378 fatto,
1589 3314 1850 3377 Dicant
1917 3316 2257 3396 quidquid
2330 3317 2554 3378 velint
2623 3315 2783 3396 alii,
2856 3327 2927 3378 et
2996 3336 3295 3398 avenga

714 3428 951 3509 quello
1000 3425 1057 3487 si
1107 3424 1296 3503 volii‚
1347 3425 1416 3486 la
1464 3423 1715 3503 ragion
1767 3424 1977 3484 volea
2026 3428 2170 3485 cosi
2220 3443 2351 3505 per
2397 3424 2586 3487 mille
2635 3422 3075 3505 argumenti,
3125 3443 3292 3504 per-

716 3534 843 3597 che
911 3534 1103 3595 solus
1164 3530 1388 3592 hostis
1438 3529 1703 3593 Caesar
1765 3537 1874 3591 est
1941 3529 2146 3592 nobis
2207 3530 2678 3593 formidabilis
2742 3539 2812 3593 et
2871 3532 3296 3594 havendolo
3545 3534 3547 3666 A

716 3663 849 3705 con
900 3639 1037 3717 noi,
1090 3640 1392 3701 essendo
1427 3637 1543 3717 lui,
1577 3658 1775 3699 come
1816 3636 1934 3717 piu
1968 3638 2264 3719 grande,
2313 3636 2459 3700 cosi
2509 3638 2722 3701 etiam
2769 3638 3018 3700 melior
3067 3639 3296 3700 homo

717 3750 835 3811 del
882 3748 1142 3810 mundo
1194 3755 1263 3808 et
1310 3766 1479 3807 vere
1528 3746 1881 3808 catholico
1947 3746 2175 3827 (come
2226 3765 2505 3826 sempre
2553 3748 2646 3808 ho
2697 3746 2966 3825 scritto)
3033 3766 3180 3808 non
3255 3746 3298 3809 ὁ

717 3858 808 3918 da
858 3865 1083 3917 temer
1131 3854 1262 3914 che
1310 3849 1407 3914 lui
1456 3873 1594 3913 non
1646 3852 1731 3914 sii
1779 3871 1910 3932 per
1958 3871 2154 3914 esser
2202 3852 2468 3932 optimo
2503 3851 2774 3935 figliolo
2826 3854 2942 3915 del
2991 3854 3296 3915 sanctis-

716 3964 891 4025 simo
943 3972 1013 4023 et
1062 3980 1201 4022 non
1252 3960 1475 4022 solum
1525 3978 1656 4040 per
1704 3978 2092 4021 conservar
2157 3979 2269 4021 ma
2335 3959 2547 4022 etiam
2615 3980 2746 4041 per
2809 3970 3300 4040 augumentar

716 4070 817 4153 gli
877 4068 1043 4133 beni
1108 4068 1297 4130 della
1360 4065 1615 4127 Chiesa
1696 4064 1743 4127 il
1813 4066 1942 4127 che
2010 4066 2102 4126 ha
2165 4074 2505 4129 mostrato
2573 4066 2643 4128 in
2706 4066 3002 4129 materia
3063 4088 3106 4128 a
3175 4088 3300 4129 me

718 4198 1146 4254 commessa,
1213 4174 1398 4236 dove
1462 4191 1602 4234 non
1668 4193 1746 4234 so
1798 4173 1929 4234 che
1977 4172 2304 4253 principe
2351 4172 2543 4236 fusse
2592 4182 2778 4236 stato
2827 4175 3030 4236 saldo
3079 4194 3302 4237 come

715 4285 814 4349 lui
870 4285 961 4346 ad
1008 4281 1189 4345 tanti
1237 4279 1509 4359 obietti,
1558 4281 1689 4340 che
1738 4280 1832 4341 da
1880 4279 2047 4360 ogni
2097 4280 2336 4341 banda
2385 4300 2460 4343 se
2510 4281 2557 4342 li
2605 4278 2905 4343 faceano
2939 4282 3028 4342 de
3078 4302 3296 4343 occu-

716 4411 851 4473 par
896 4390 943 4452 il
994 4399 1176 4452 tutto
1228 4398 1297 4450 et
1346 4408 1423 4450 se
1472 4389 1894 4449 altramente
1954 4388 2260 4449 havesse
2325 4386 2506 4449 fatto
2569 4408 2710 4450 non
2761 4400 2871 4451 sat
2917 4388 3064 4451 scio
3113 4408 3302 4469 quo-

718 4497 929 4561 modo
998 4496 1362 4559 nobiscum
1414 4504 1751 4575 ageretur
1798 4513 1928 4573 per
1976 4495 2191 4555 molte
2240 4515 2453 4558 cause
2501 4498 2566 4557 le
2617 4495 2807 4577 quali
2859 4495 2942 4560 V.
3003 4492 3076 4559 S.
3127 4494 3306 4557 Rmu

718 4614 889 4686 pote
949 4607 1089 4667 ben
1149 4623 1429 4685 pensar.
1540 4601 1809 4682 Questo
1874 4602 1965 4663 ho
2032 4622 2243 4682 preso
2309 4604 2750 4683 presumtion
2811 4602 2883 4665 di
2944 4602 3302 4682 scrivere,

719 4711 982 4793 perche
1032 4711 1125 4772 ho
1173 4718 1514 4790 receputo
1564 4710 1820 4771 lettere
1868 4707 1960 4769 da
2017 4710 2318 4789 qualche
2383 4728 2559 4790 gran
2620 4711 2778 4774 loco
2847 4730 2987 4791 qua
3041 4708 3303 4773 vicino

721 4820 852 4882 che
901 4839 940 4880 a
989 4818 1227 4880 Roma
1276 4837 1412 4880 non
1464 4836 1638 4879 sono
1688 4818 1827 4877 ben
1879 4814 2197 4877 contenti
2232 4815 2302 4877 di
2333 4826 2585 4897 questa
2621 4825 2826 4880 santa
2867 4816 3304 4882 confedera-
