3575 5775
1388 577 1884 638 0-<34118m

346 725 422 788 di
473 727 637 808 quel
685 727 951 809 Regno
1003 729 1093 790 de
1140 729 1582 810 importanza
1628 750 1771 793 non
1819 729 2086 793 restino
2135 728 2205 792 in
2251 748 2460 790 mano
2511 729 2600 790 de
2629 725 2916 790 Picardi

344 853 573 896 overo
620 835 921 916 suspetti
971 835 1042 897 di
1091 837 1329 917 quella
1374 836 1709 917 factione,
1760 857 1962 900 come
2011 836 2079 898 al
2125 847 2460 917 presente
2495 853 2734 914 eran0,
2785 834 2918 896 che

347 941 641 1022 quando
690 941 739 1003 il
785 942 905 1005 Re
952 941 1029 1005 fu
1079 943 1150 1005 in
1196 943 1495 1006 Boemia
1542 963 1675 1006 con
1724 944 1942 1006 molte
1975 941 2110 1004 arti
2141 950 2214 1004 et
2241 961 2375 1004 con
2409 940 2658 1005 danari
2689 948 2915 1004 otten-

348 1067 544 1110 neno
594 1049 725 1111 che
783 1049 959 1112 detti
1020 1048 1240 1112 officii
1310 1050 1369 1113 si
1440 1052 1813 1114 levasseno
1892 1050 1984 1112 da
2049 1047 2430 1112 Christiani
2501 1057 2574 1111 et
2639 1047 2919 1110 fussero

347 1153 506 1216 dati
551 1156 726 1234 lor0,
776 1164 849 1217 et
896 1155 1034 1218 Dio
1084 1156 1385 1239 perdoni
1435 1178 1477 1218 a
1525 1157 1639 1220 chi
1686 1177 1777 1220 ne
1825 1156 1903 1220 fu
1951 1155 2273 1238 cagione,
2321 1175 2398 1218 se
2446 1156 2516 1218 lo
2546 1154 2919 1236 meritanO,

350 1271 429 1323 et
478 1281 613 1324 con
664 1261 1045 1325 lauthorita
1095 1264 1183 1325 cle
1233 1263 1727 1346 strigoniense
1790 1265 1849 1327 si
1917 1263 1958 1327 ὲ
2015 1271 2313 1345 operato
2363 1263 2523 1325 chel
2571 1263 2770 1326 detto
2818 1282 2922 1324 56-

351 1369 665 1432 cretario
728 1371 766 1432 ὲ
838 1371 1103 1451 partito
1166 1371 1237 1433 di
1300 1391 1439 1452 qua
1501 1371 1621 1435 alli
1686 1371 1884 1434 XIX
1949 1373 2136 1434 bene
2202 1369 2547 1452 expedito
2607 1369 2680 1431 in
2739 1377 2922 1431 tutto

350 1477 685 1558 segondo
735 1479 867 1540 che
932 1477 1452 1542 desideravano
1516 1479 1589 1541 di
1651 1478 1968 1542 maniera
2027 1479 2158 1541 che
2220 1498 2362 1541 non
2427 1478 2490 1540 ci
2551 1477 2738 1539 vedo
2800 1477 2922 1557 piu

358 1584 623 1646 61611110
685 1583 1192 1666 impedimento
1206 1633 1223 1666 ,
1288 1593 1360 1646 et
1424 1585 1630 1648 stimo
1704 1587 1864 1650 chel
1924 1585 2226 1668 rispetto
2293 1582 2363 1647 di
2422 1583 2650 1666 questi
2707 1581 2927 1646 officii

356 1689 469 1752 sia
516 1699 704 1752 stata
751 1691 821 1752 la
867 1691 1239 1774 potissima
1286 1691 1588 1772 cagione
1638 1693 1709 1754 di
1760 1703 2011 1775 questa
2058 1691 2422 1755 dilatione.

547 1796 638 1858 Et
687 1818 763 1860 se
814 1797 855 1861 e
919 1799 1133 1862 lecito
1198 1809 1491 1881 captare
1556 1801 1795 1864 omina
1857 1801 1927 1864 io
1988 1801 2032 1863 l'
2068 1802 2162 1863 ho
2217 1801 2436 1863 molto
2500 1819 2632 1882 per
2688 1801 2928 1862 buono

356 1904 497 1966 che
545 1905 614 1966 la
662 1924 831 1967 cosa
878 1905 984 1969 sia
1028 1906 1299 1969 reiecta
1345 1909 1435 1970 ad
1486 1907 1673 1970 diem
1732 1906 2222 1970 conversionis
2276 1907 2522 1986 Pauli,
2588 1907 2660 1967 la
2719 1904 2928 1986 quale

358 2016 509 2073 6051
560 2031 761 2074 601116
820 2011 897 2074 fu
942 2013 1368 2076 miraculosa
1416 2026 1490 2076 et
1536 2013 1608 2076 di
1658 2015 1875 2077 molto
1924 2034 2256 2077 successo
2303 2013 2376 2075 in
2409 2009 2732 2074 Ecclesia
2773 2010 2946 2090 Dei,

359 2119 511 2180 6051
562 2119 693 2181 6116
742 2117 903 2182 sara
950 2130 1201 2200 questa
1251 2121 1591 2184 condutta
1640 2141 1779 2185 non
1830 2141 1960 2203 per
2008 2120 2358 2184 industria
2413 2141 2456 2183 o
2504 2138 2759 2200 sapere
2806 2119 2927 2180 hu-

358 2245 611 2304 man0‚
662 2245 775 2288 ma
820 2245 953 2308 per
1008 2225 1253 2291 divina
1298 2228 1741 2309 operatione,
1791 2237 2024 2291 attesa
2070 2229 2139 2291 16
2184 2225 2598 2290 volunta'et
2641 2225 2932 2288 fervore

361 2333 500 2394 che
550 2331 809 2396 dicono
860 2353 1099 2404 essere
1146 2334 1217 2396 in
1270 2336 1503 2417 quelle
1552 2334 1753 2416 genti
1803 2335 1876 2398 (11
1925 2343 2175 2418 questa
2233 2354 2416 2398 cosa·
2461 2333 2533 2397 16
2598 2332 2808 2414 quale
2855 2331 2930 2393 in

364 2437 595 2520 questi
649 2438 868 2520 tempi
916 2440 1048 2503 che
1097 2442 1369 2504 ardeno
1419 2444 1509 2504 de
1555 2443 1836 2506 heresie
1873 2443 2052 2506 deve
2087 2463 2327 2505 essere
2374 2450 2573 2504 tanto
2621 2439 2744 2523 piu
2792 2459 2931 2502 ma·

364 2545 782 2628 ravigliosa‚
832 2546 901 2608 di
952 2547 1083 2609 che
1134 2549 1459 2612 laudetur
1504 2549 1700 2612 Deus
1747 2550 2016 2612 Potens
2061 2549 2134 2612 in
2181 2547 2518 2630 operibus
2567 2548 2733 2610 suis,

546 2651 632 2714 El
695 2655 891 2715 detto
956 2653 1364 2717 secretario
1424 2655 1582 2718 sara
1644 2657 1711 2718 al
1778 2655 2032 2737 giorno
2095 2655 2386 2718 statuito
2447 2654 2517 2717 in
2590 2654 2804 2716 Dieta
2864 2660 2934 2714 et

368 2758 529 2822 dice
578 2760 713 2822 che
763 2761 831 2822 la
881 2762 1139 2824 durera
1188 2763 1254 2824 al
1302 2761 1424 2844 piu
1482 2766 1705 2844 longo
1766 2763 2001 2844 giorni
2049 2761 2254 2843 XIV,
2311 2783 2399 2825 ne
2461 2763 2530 2823 16
2598 2761 2806 2842 quale
2865 2760 2938 2821 16

367 2865 599 2949 prima
647 2888 818 2931 cosa
864 2867 1159 2932 risoluta
1206 2870 1366 2933 sara
1415 2872 1507 2933 de
1555 2870 1623 2933 la
1670 2869 1838 2934 fede
1887 2881 1960 2933 et
2005 2869 2267 2933 unione
2329 2878 2401 2933 et
2464 2869 2596 2931 che
2643 2869 2934 2949 deputa·

372 2994 625 3054 ranno,
672 2976 831 3037 anci
886 2976 1019 3037 6116
1069 2977 1269 3058 quasi
1328 2998 1369 3038 a
1437 2989 1640 3058 quest
1704 2978 1882 3040 hora
1945 2979 2183 3039 hanno
2233 2975 2575 3058 deputati,
2627 2977 2692 3037 el
2740 2975 2938 3036 detto

373 3080 575 3145 Duca
627 3081 837 3145 Carlo
888 3086 1048 3165 quel
1100 3082 1365 3165 Signor
1414 3084 1653 3147 Leone
1726 3096 1798 3146 et
1864 3104 2002 3147 uno
2068 3084 2160 3145 de
2223 3082 2438 3164 quelli
2505 3082 2578 3144 di
2634 3082 2934 3143 Presten

372 3208 505 3250 con
571 3188 806 3252 alcuni
878 3189 1039 3251 altri
1112 3192 1332 3253 buoni
1392 3204 1464 3253 et
1527 3190 1860 3253 catholici
1923 3189 2303 3253 Christiani
2359 3210 2490 3271 per
2561 3187 2826 3251 oratori
2895 3208 2938 3249 a

374 3305 626 3375 questa
690 3295 966 3358 Maesta
1030 3306 1100 3358 et
1170 3318 1213 3359 a
1284 3318 1395 3361 me
1460 3318 1592 3379 per
1662 3298 2090 3361 concludere
2165 3315 2296 3358 con
2377 3299 2448 3359 la
2503 3295 2703 3358 sedia
2769 3314 2936 3375 apo-

372 3401 623 3464 stolica
681 3412 930 3483 questa
993 3402 1251 3467 unione
1309 3414 1381 3466 et
1440 3402 1640 3465 finita
1704 3406 1902 3467 detta
1965 3404 2156 3467 dieta
2210 3403 2278 3465 in
2342 3403 2544 3465 diece
2594 3400 2828 3483 giorni
2877 3399 2937 3463 si

378 3518 829 3572 metteranno
905 3510 977 3571 in
1056 3510 1306 3573 ordine
1382 3520 1453 3573 et
1521 3511 1592 3574 in
1660 3512 1821 3573 altri
1880 3511 2084 3573 diece
2145 3530 2186 3573 o
2245 3510 2394 3573 XII
2451 3529 2756 3573 saranno
2823 3510 2940 3589 qul

380 3627 448 3679 et
494 3620 643 3679 cosi
710 3618 781 3677 al
846 3615 985 3679 fine
1052 3616 1124 3677 di
1194 3616 1483 3679 febraro
1556 3631 1912 3699 potranno
1985 3638 2224 3680 essere
2295 3614 2450 3698 qui,
2525 3626 2596 3679 et
2666 3614 2940 3679 benche

380 3733 630 3805 questo
676 3725 965 3786 tardare
1013 3734 1213 3787 tanto
1264 3746 1373 3789 me
1422 3724 1842 3807 dispiaccia,
1909 3745 2046 3807 pur
2103 3745 2236 3807 pro
2297 3744 2374 3787 re
2435 3731 2634 3787 tanto
2701 3742 2812 3785 me
2874 3723 2944 3783 16

380 3849 677 3911 passaro
725 3830 989 3913 meglio
1041 3832 1201 3895 chio
1249 3834 1459 3913 potro
1510 3842 1579 3895 et
1628 3833 1695 3895 in
1748 3842 1989 3914 tempo
2040 3853 2182 3895 non
2229 3832 2612 3894 mancharo
2654 3828 2724 3891 di
2773 3829 2943 3909 ogni

384 3937 774 4020 diligentia.
871 3938 1103 4002 Credo
1154 3942 1285 4002 che
1353 3942 1421 4001 16
1486 3938 1817 4022 maggior
1877 3938 2222 4003 difficulta
2283 3938 2442 4001 sara
2501 3939 2590 3999 de
2660 3938 2708 3998 li
2776 3936 2943 3998 beni

383 4045 759 4126 temporali
806 4047 875 4109 al
910 4047 1041 4109 che
1092 4046 1148 4107 51
1188 4045 1491 4128 pensara
1540 4048 1609 4107 di
1648 4055 2001 4128 oportuno
2036 4046 2358 4125 rimediO,
2407 4044 2680 4106 bench&
2712 4043 2780 4105 io
2815 4061 2943 4105 son

386 4156 471 4216 de
522 4152 859 4234 opinione
920 4154 1051 4215 che
1098 4173 1230 4234 per
1276 4156 1461 4215 bene
1511 4173 1651 4215 non
1702 4154 1763 4215 si
1827 4153 2095 4216 habbia
2159 4160 2430 4213 restare
2493 4150 2566 4212 di
2631 4150 2944 4212 condure

386 4270 639 4342 questa
685 4280 855 4322 cosa
901 4280 945 4321 a
990 4258 1151 4322 fine.
1255 4256 1452 4322 Sono
1500 4259 1796 4340 avisato,
1847 4259 1977 4321 che
2027 4258 2136 4321 fra
2182 4259 2336 4321 loro
2384 4278 2472 4319 ne
2506 4258 2824 4338 parlan0,
2876 4264 2946 4319 et

385 4367 560 4431 forsi
608 4368 664 4429 si
716 4377 1281 4430 contentaranno
1331 4369 1462 4429 che
1512 4365 1728 4447 quelli
1777 4368 1910 4429 che
1956 4385 2088 4447 per
2136 4364 2464 4427 scrittura
2513 4386 2554 4425 o
2589 4362 2946 4426 testimoni

388 4496 427 4538 o
484 4474 647 4538 altri
696 4475 1101 4538 documenti
1150 4473 1447 4557 legitimi
1497 4492 1638 4535 non
1689 4492 1930 4553 ponno
1960 4481 2309 4535 mostrare
2344 4474 2594 4534 alcuna
2624 4472 2946 4551 ragione,

391 4602 501 4645 ma
548 4602 724 4646 sono
770 4580 947 4645 meri
994 4577 1411 4663 occupatori
1434 4628 1453 4660 ,
1502 4578 1551 4642 li
1599 4579 2133 4659 restituiscano,
2191 4578 2240 4640 li
2289 4578 2474 4657 altri,
2525 4579 2657 4641 che
2705 4597 2946 4659 ponno

392 4699 732 4753 mostrare
800 4691 870 4753 le
917 4691 1073 4752 loro
1122 4688 1404 4770 ragioni
1464 4686 1783 4750 habbino
1846 4689 2030 4750 altra
2076 4686 2683 4765 consideratione,
2747 4693 2820 4747 et
2879 4686 2950 4746 la

395 4796 717 4879 maggior
764 4807 971 4879 parte
1020 4796 1315 4859 intendo
1366 4796 1497 4857 che
1545 4794 1641 4855 ha
1688 4796 1914 4857 solum
1960 4793 2069 4856 ius
2124 4792 2452 4876 pignoris
2499 4812 2631 4873 per
2702 4790 2949 4854 danari

399 4905 697 4971 sborsati
744 4927 789 4971 6
835 4901 1297 4991 Sigismondo
1346 4904 1807 4987 Imperatore,
1858 4909 1931 4963 et
1977 4900 2238 4982 perche
2301 4900 2371 4964 lo
2436 4901 2682 4963 valore
2743 4898 2832 4961 de
2897 4897 2946 4961 li
