3575 5775
1320 570 1813 632 ‹Hastis—0

313 719 581 784 risoluto
613 721 747 784 che
776 721 846 784 la
894 720 1105 784 Dieta
1136 721 1511 804 Imperiale
1546 721 1604 784 si
1636 723 1878 786 debba
1909 723 2234 786 intimare
2282 745 2325 786 a
2356 721 2496 786 San
2531 719 2846 806 Jacom0,

315 829 481 892 etei
542 828 801 892 nuncio
860 828 955 891 mi
1012 828 1246 892 scriva
1303 829 1437 892 che
1499 849 1818 912 pensano
1883 828 2148 892 ridurla
2215 850 2258 891 a
2317 827 2464 893 San
2525 829 2846 912 GiorgiO,

311 937 529 998 niente
577 935 651 998 di
698 955 901 998 meno
952 935 1129 999 hora
1173 955 1307 1018 per
1352 936 1562 999 lettre
1614 935 1701 997 de
1780 982 1796 998 .
1853 989 1863 998 .
1918 989 1928 1000 .
1987 989 1997 1000 .
2069 955 2246 1018 pare
2315 937 2412 1000 mi
2484 946 2702 1000 metta
2775 937 2846 1000 in
2959 991 2962 996 .

311 1042 507 1106 dubio
555 1063 635 1106 se
682 1043 753 1106 la
799 1042 855 1105 si
904 1041 1059 1106 fara
1090 1063 1133 1106 o
1164 1064 1327 1107 non.
1421 1043 1690 1106 Dubito
1738 1041 2007 1106 habbia
2033 1043 2335 1125 pigliato
2385 1064 2661 1118 errore;
2713 1064 2849 1107 con

311 1159 543 1230 questo
591 1165 845 1232 spazzo
894 1149 994 1231 gli
1044 1149 1275 1214 scrivo
1324 1150 1457 1213 che
1506 1148 1684 1212 avisi
1732 1147 1997 1212 Nostro
2045 1147 2386 1233 Signore,
2453 1159 2525 1214 et
2570 1172 2683 1215 me
2732 1173 2847 1215 an-

312 1258 513 1320 chora
556 1256 679 1338 piu
729 1255 1181 1322 certamente.
1233 1255 1395 1319 Non
1444 1256 1502 1319 si
1548 1256 1876 1338 facendo,
1927 1277 1970 1320 o
2016 1257 2582 1340 prolungandosi
2629 1279 2672 1321 a
2701 1256 2848 1322 San

308 1361 583 1441 Jacomo
605 1383 647 1426 o
668 1363 789 1445 piu
808 1363 995 1440 ultra
1012 1362 1250 1426 iudico
1274 1383 1415 1426 non
1441 1383 1680 1427 essere
1708 1364 2162 1446 expediente,
2187 1367 2318 1428 che
2338 1365 2516 1429 finiti
2541 1366 2660 1448 qui
2686 1387 2848 1448 que-

308 1469 387 1532 sti
404 1468 705 1551 negocii,
724 1478 796 1533 et
817 1469 1000 1533 fatto
1021 1471 1187 1552 quel
1208 1472 1340 1558 che
1360 1471 1419 1534 si
1437 1491 1533 1552 po
1560 1471 1720 1534 chio
1742 1471 1915 1534 resti
1934 1490 2274 1553 appresso
2295 1474 2362 1535 lo
2375 1471 2678 1552 Infante,
2697 1492 2850 1554 per-

311 1577 427 1639 che
450 1597 637 1658 poco
662 1597 879 1658 posso
902 1597 1203 1659 operare
1230 1597 1373 1641 non
1397 1577 1703 1640 essendo
1728 1577 1778 1640 li
1797 1577 2113 1661 Principi
2133 1578 2425 1643 insieme
2445 1578 2517 1642 in
2543 1579 2758 1642 Dieta
2782 1589 2854 1642 et

308 1703 437 1746 uno
480 1683 756 1748 Noncio
788 1684 1075 1748 bastera
1105 1703 1449 1768 appresso
1482 1683 1629 1748 Sua
1653 1682 2019 1760 Serenita3
2054 1705 2281 1768 penso
2312 1688 2580 1750 anchor
2610 1688 2744 1750 che
2774 1707 2852 1750 se
2941 1739 2946 1744 .

309 1793 435 1852 ben
465 1789 523 1854 si
555 1790 835 1855 facesse
868 1811 1011 1854 una
1038 1791 1251 1854 Dieta
1284 1790 1661 1872 Imperiale
1696 1793 1827 1855 che
1858 1791 2034 1856 forsi
2066 1813 2208 1857 non
2239 1793 2343 1856 sia
2390 1794 2514 1876 piu
2563 1793 2850 1877 expedi-

312 1905 461 1960 ente
506 1897 597 1961 ne
638 1899 1076 1962 honorevole
1108 1898 1456 1961 mandarli
1488 1917 1582 1962 un
1612 1898 1925 1979 Legat03
1967 1920 2083 1962 ma
2111 1900 2397 1983 seguire
2427 1909 2694 1983 quanto
2727 1921 2858 1983 per

314 2005 592 2069 l'ultima
622 2003 765 2068 mia
805 2004 1069 2077 scrissi;
1120 2025 1257 2086 pur
1285 2004 1356 2068 in
1404 2014 1587 2068 tutto
1635 2004 1729 2068 mi
1776 2007 2060 2070 rimetto
2109 2028 2152 2069 a
2198 2018 2464 2089 quanto
2512 2007 2766 2090 parera
2815 2029 2858 2070 a

312 2111 561 2176 Nostro
612 2109 943 2194 Signore,
991 2113 1059 2174 al
1106 2114 1318 2194 quale
1367 2131 1591 2193 penso
1642 2112 1936 2177 obedire
1985 2113 2311 2176 omnibus
2358 2113 2747 2196 pospositis
2844 2169 2854 2180 .

473 2345 723 2407 Budae
770 2343 1023 2408 XXII.
1073 2344 1229 2424 Jan.
1276 2343 1680 2408 MDXXV.

1398 2490 1494 2538 uti
1532 2490 1693 2540 frater
1731 2491 2105 2540 'Deditissimus
2141 2487 2199 2548 1..
2239 2487 2399 2549 card.
2437 2485 2790 2562 cantonius.

1372 2697 1401 2706 ω
1432 2699 1445 2706 =

1063 3086 1487 3189 campegius
1508 2972 1892 3168 lgfementi
1947 3087 2104 3169 VII.

1123 3234 1406 3305 (Nuntiat.
1444 3236 1697 3295 German.
1734 3234 1886 3293 Lm.
1925 3234 2036 3306 62.)

1280 3356 1352 3423 (3.
1392 3356 1667 3405 Februarii
1712 3356 1886 3419 1525.)

478 3510 843 3574 Reveren.
896 3507 1501 3589 Archiepiscopus
1550 3506 1957 3570 Bremensis
2022 3506 2130 3568 vir
2175 3526 2446 3570 summa
2495 3507 2864 3571 nobilitate

310 3638 385 3680 ac
416 3617 657 3682 multis
688 3614 1115 3695 nominibus,
1144 3614 1486 3696 precipue
1515 3634 1689 3677 vero
1720 3634 1850 3677 sua
1879 3634 2052 3695 erga
2086 3614 2576 3696 Apostolicam
2607 3612 2905 3678 Sedem‘

313 3734 379 3785 et
423 3726 566 3789 Ro.
618 3724 839 3787 Ecc⁸¹¹¹
886 3722 1154 3803 pietate
1222 3731 1293 3784 et
1339 3721 1743 3784 reverentia
1809 3723 2040 3783 clarus
2056 3770 2073 3801 ,
2148 3720 2599 3785 Lutheranae
2662 3721 2870 3785 huius

308 3831 575 3896 heresis
622 3829 953 3894 fluctibus
1004 3830 1267 3891 dudum
1314 3829 1615 3891 iactatus
1664 3836 1736 3890 et
1782 3830 2159 3891 admodum
2209 3827 2532 3907 afflictuS,
2585 3828 2869 3891 ditionis

314 3940 491 4003 enim
556 3960 683 4003 sue
743 3936 1169 4018 Metropolis
1214 3935 1510 3999 Bremes
1579 3935 1702 3997 illa
1760 3934 2038 3998 insania
2097 3946 2427 4017 correpta
2484 3944 2625 4015 est,
2698 3937 2874 3998 eccl.

312 4066 431 4109 sue
478 4047 847 4109 Decanum
910 4064 1137 4125 nuper
1183 4044 1276 4105 ad
1322 4063 1435 4105 me
1480 4040 1671 4105 misit
1732 4050 2057 4123 questum
2106 4045 2195 4105 de
2244 4043 2387 4105 suis
2451 4054 2520 4104 et
2569 4043 2870 4106 ecclesie

312 4174 431 4217 sue
501 4152 805 4217 miseriis
871 4162 943 4214 et
992 4150 1562 4227 difficultatibuS,
1635 4168 1847 4212 orans
1908 4159 1985 4212 ut
2050 4170 2208 4211 eum
2259 4148 2348 4211 Sti
2400 4149 2541 4211 Vtre
2587 4148 2870 4231 quando

311 4281 590 4342 possem
640 4258 1026 4322 studiosius
1076 4257 1682 4335 commendarem,
1733 4257 1852 4337 qui
1901 4256 2181 4319 tametsi
2227 4254 2488 4319 virtute
2539 4276 2666 4318 sua
2714 4276 2871 4319 sese

310 4368 655 4446 omnibus,
703 4365 1078 4448 presertim
1112 4384 1284 4427 vero
1320 4362 1753 4425 Beatitudini
1784 4362 2069 4442 Vestre,
2103 4364 2667 4425 commendatum
2701 4362 2873 4425 satis

310 4476 601 4557 reddat,
668 4472 1069 4536 huiusmodi
1134 4481 1368 4533 tamen
1421 4469 1729 4533 officium
1778 4491 1822 4532 a
1869 4490 1978 4533 me
2047 4489 2330 4550 quoque
2377 4468 2588 4532 facile
2658 4469 2872 4551 impe-

311 4584 542 4647 travit.
620 4581 835 4663 Cupit
882 4590 1117 4643 autern
1166 4590 1243 4640 ut
1284 4577 1574 4640 iacturis
1622 4596 1800 4658 quas
1833 4577 2087 4639 multas
2137 4578 2230 4638 ob
2263 4578 2446 4638 hanc
2477 4585 2869 4658 temporum

313 4689 787 4753 calamitatem
832 4687 1003 4751 fecit
1051 4696 1123 4749 et
1166 4704 1432 4748 summe
1474 4682 1712 4764 inopie
1764 4684 1850 4746 ad
1903 4702 2112 4763 quarn
2142 4684 2473 4747 redactus
2521 4693 2648 4763 est,
2699 4682 2870 4745 San-

314 4796 519 4860 ctitas
596 4796 685 4860 V.
756 4815 849 4859 ex
912 4792 1362 4858 liberalitatis
1446 4810 1571 4853 sue
1642 4789 1840 4853 fonte
1908 4790 2143 4871 aliquo
2226 4790 2437 4853 modo
2510 4799 2876 4853 succurrat

315 4902 730 4967 sacerdotiis
776 4904 892 4966 vel
941 4900 1308 4983 quibusvis
1356 4898 1512 4961 aliis
1560 4898 1949 4959 commodis
1999 4916 2157 4960 eum
2207 4899 2559 4980 augendO.

364 5030 530 5081 Euan,
552 5030 841 5069 Documenta
858 5028 1135 5068 Lutum-ana.
2487 5004 2554 5057 27
