3575 5775
1753 546 2211 604 &6030

705 694 769 754 iil
821 695 1009 774 quod
1063 695 1384 776 superius
1433 694 1523 757 de
1577 695 1860 756 Martini
1910 694 2109 757 libris
2159 695 2436 773 audisti,
2488 695 2749 761 factum
2802 706 2929 774 est,
2982 716 3122 757 non
3168 695 3261 756 fa-

705 802 833 862 cile
883 803 1164 883 quidem
1216 802 1471 864 alicubi
1521 813 1818 884 propter
1858 801 2332 885 importunam
2362 804 2895 866 lutheranorum
2924 804 3087 883 vim,
3137 805 3266 865 sed

701 910 813 990 pie
865 917 1099 972 tamen
1148 910 1408 991 ubique
1458 920 1530 972 et
1578 920 1842 988 sancte,
1890 931 2029 973 non
2082 911 2172 972 ad
2224 911 2460 973 odium
2512 920 2582 973 et
2614 910 3022 990 vindictam,
3072 912 3267 991 quod

709 1016 1426 1106 lutherani‘faciunt,
1478 1019 1602 1080 sed
1654 1018 1775 1099 (ita
1824 1038 1936 1079 me
1984 1017 2180 1080 iuvet
2228 1013 2452 1102 Deus)
2502 1020 2591 1079 ad
2641 1016 2807 1080 fidei
2856 1027 3145 1080 nostrae
3196 1029 3268 1080 et

701 1123 983 1202 pietatis
1033 1123 1542 1203 defensionem,
1593 1123 1916 1205 quamvis
1965 1124 2319 1187 lutherani
2365 1126 2549 1186 hanc
2600 1132 2905 1187 mentem
2951 1133 3268 1187 nostram

701 1234 877 1290 male
927 1231 1481 1312 interpretantes
1530 1234 1777 1295 dolore
1827 1233 2134 1312 quodam
2183 1232 2390 1294 huius
2424 1231 2524 1294 rei
2560 1233 3085 1312 disrumpantur
3118 1231 3267 1313 (qui

701 1338 960 1401 utinam
1027 1340 1314 1402 tandem
1372 1339 1797 1420 resipiscant
1862 1351 1932 1401 et
1978 1340 2047 1401 in
2098 1339 2459 1420 antiquam
2509 1349 2917 1420 rectamque
2965 1342 3270 1401 redeant

705 1446 925 1525 viam).
1004 1446 1205 1510 Nunc
1258 1456 1331 1506 ut
1384 1466 1641 1509 novum
1692 1449 2100 1509 mandatum
2134 1446 2459 1511 Caesaris
2508 1446 2803 1510 consilio
2853 1457 2924 1508 et
2972 1467 3270 1508 assensu

701 1553 1094 1634 principum
1135 1555 1457 1634 prodeat,
1506 1567 1949 1634 procuratur.
2034 1554 2242 1635 Quod
2285 1575 2457 1616 vero
2498 1575 2665 1617 mox
2706 1554 3015 1617 futurum
3060 1553 3151 1615 sit
3194 1566 3273 1616 et

697 1681 901 1751 quern
938 1659 1027 1721 sit
1058 1681 1170 1721 res
1220 1659 1376 1742 ipsa
1425 1661 1691 1724 exitum
1740 1662 2091 1741 habitura,
2142 1682 2547 1724 successum
2580 1672 2956 1742 praeterea
2989 1661 3273 1724 consilii

697 1778 765 1826 et
805 1788 1063 1850 mperae
1097 1788 1295 1830 meae
1347 1768 1515 1831 nulli
1565 1789 1797 1851 neque
1848 1770 2091 1851 obligo
2142 1791 2373 1850 neque
2422 1769 2794 1850 polliceor:
2846 1777 3093 1849 utpote
3142 1769 3269 1849 qui

701 1874 901 1936 wffbis
936 1874 1218 1955 quidem
1256 1886 1541 1938 strenue
1573 1877 2062 1955 laborandum,
2104 1879 2364 1951 bonurn
2398 1888 2636 1940 autern
2668 1887 3000 1940 eventum
3029 1898 3072 1938 a
3100 1877 3269 1938 Deo

697 2002 1022 2044 censeam
1087 1983 1595 2063 expetendum;
1666 1985 1785 2064 qui
1852 1984 1908 2046 si
1975 2005 2113 2046 non
2180 2004 2695 2066 usquequaque
2757 1994 2877 2046 aut
2925 2004 3064 2046 non
3116 1995 3269 2046 tam

701 2090 837 2150 cim
885 2088 1189 2152 fortasse
1238 2100 1316 2152 ut
1363 2110 1731 2171 speramus
1781 2102 1854 2154 et
1900 2101 2227 2172 optamus
2277 2090 2577 2172 eveniat,
2629 2090 2801 2153 illud
2852 2111 2962 2152 me
3010 2092 3272 2153 saltem

697 2197 1039 2258 solabitur
1105 2199 1294 2278 quod
1359 2217 1718 2278 cognosco
1785 2219 1896 2261 me
1960 2199 2241 2261 sincero
2306 2198 2539 2261 animo
2605 2206 2676 2260 et
2738 2199 2892 2260 solo
2942 2197 3142 2278 pacis
3191 2208 3272 2260 et

697 2304 1221 2384 tranquillitatis
1288 2305 1643 2367 desiderio
1703 2307 1886 2367 hanc
1938 2303 2043 2390 (ut
2090 2306 2243 2387 ipse
2295 2307 2560 2387 optime
2612 2305 2820 2387 nosti)
2869 2325 3011 2367 non
3058 2326 3101 2368 a
3148 2326 3272 2369 me

693 2411 1058 2492 quesitam,
1108 2415 1235 2475 sed
1284 2412 1449 2474 mihi
1499 2435 1541 2475 a
1590 2433 1760 2476 vero
1812 2413 2007 2475 Petri
2056 2434 2468 2476 successore
2518 2423 2588 2475 et
2626 2411 2885 2477 Christi
2932 2412 3001 2475 in
3052 2412 3270 2475 terris

697 2518 980 2598 vica-riO,
1032 2521 1341 2581 oblatam
1393 2530 1462 2582 et
1509 2520 1894 2583 iniunctam
1939 2520 2400 2602 provinciam,
2450 2530 2528 2582 ut
2561 2522 2766 2583 decet
2798 2520 3268 2583 christianum

693 2627 1045 2688 haminem
1110 2636 1182 2688 et
1234 2624 1518 2690 fidelem
1568 2647 1847 2690 servum
1902 2649 2042 2690 non
2091 2629 2386 2691 invitum
2437 2629 2836 2711 suscepisse
2886 2638 2956 2691 et
3003 2626 3267 2690 fidelis-

697 2734 865 2794 sime
914 2733 1596 2816 diligentissimeque
1646 2744 2017 2815 tractasse,
2068 2737 2258 2817 quod
2307 2736 2632 2817 profecto
2682 2746 2757 2798 ut
2805 2736 3017 2799 etiam
3068 2736 3156 2796 de
3187 2744 3268 2797 te

695 2842 943 2905 sentio.
1016 2841 1124 2904 Ita
1172 2862 1382 2923 spero
1434 2851 1506 2905 et
1553 2863 1682 2924 pro
1734 2853 2101 2924 comperto
2145 2844 2379 2907 habeo
2415 2844 2610 2907 Petri
2642 2843 3036 2906 naviculam
3074 2862 3269 2923 quae

697 2949 1157 3013 letinianas
1207 2961 1460 3032 syrte5‚
1512 2971 1694 3032 quae
1744 2951 2101 3033 carybdes
2152 2950 2615 3029 nestorianas,
2665 2972 2847 3032 quae
2890 2950 3268 3012 arrhianas

697 3059 1230 3139 symplegada&
1305 3078 1486 3140 quae
1559 3058 1865 3140 denique
1939 3059 2243 3122 omnium
2317 3038 2833 3121 haereticorum
2902 3059 3268 3138 procellas

693 3167 1035 3228 haetenus
1097 3166 1300 3246 vicit,
1367 3165 1575 3228 facile
1639 3177 1710 3229 et
1769 3166 1945 3229 istos
2007 3169 2420 3228 lutheranos
2464 3164 2718 3227 fluctus
2766 3174 3267 3245 superaturam

697 3283 761 3331 nt
825 3272 1196 3333 [utherum
1259 3272 1488 3353 ipsum
1556 3283 1628 3336 et
1690 3283 2039 3354 quotquot
2089 3274 2400 3335 Luthero
2450 3272 2697 3334 favent
2746 3280 2817 3335 et
2863 3272 3269 3334 adhaerent

697 3380 880 3439 haud
933 3378 1027 3440 ita
1077 3379 1296 3441 multo
1345 3390 1509 3460 post
1557 3379 1843 3443 meritas
1890 3381 2182 3442 daturos
2231 3400 2523 3460 poenaS.

908 3486 1125 3565 Vale,
1194 3485 1283 3549 mi
1334 3487 1534 3566 Ecci,
1586 3496 1655 3548 et
1704 3507 1834 3567 per
1881 3486 2260 3550 amicitiam
2309 3497 2623 3549 nostram
2671 3488 2798 3548 has
2848 3485 3119 3547 litteras
3170 3508 3268 3549 ne

697 3595 1020 3673 siitulges
1071 3594 1193 3657 sed
1244 3593 1371 3656 tibi
1420 3593 1540 3655 uni
1591 3602 1663 3657 et
1710 3595 1955 3675 paucis
2005 3594 2179 3674 aliis,
2230 3614 2407 3674 quos
2457 3596 2684 3656 bonos
2718 3593 3019 3671 noveris,
3071 3613 3261 3655 com-

697 3722 938 3763 munes
987 3701 1209 3764 facias
1259 3713 1493 3783 atque,
1545 3702 1601 3764 si
1653 3701 1818 3763 mihi
1870 3722 2012 3763 rem
2064 3700 2536 3782 gratissimam
2588 3700 2826 3766 facere
2859 3699 3080 3782 cupiS,
3134 3722 3266 3763 eas

697 3829 982 3891 [thj'srsus
1066 3809 1486 3890 supprimas,
1619 3808 1707 3872 Ni
1778 3808 2001 3872 facias
2072 3829 2213 3871 non
2287 3819 2357 3869 te
2431 3811 2692 3870 bonurn
2763 3807 3060 3869 amicum
3134 3827 3263 3889 pu-

693 3931 851 3979 tem..
929 3916 1186 3980 Iterum
1237 3919 1396 3979 vale
1429 3917 1600 3980 Ecci
1649 3916 1917 3998 (velint,
1968 3916 2192 3977 nolint
2240 3915 2631 3977 adversarii
2673 3912 2803 3997 tui)
2843 3914 3264 3995 ingeniosis-

693 4027 865 4087 sime
912 4035 984 4086 et
1031 4023 1456 4088 doctissime.
1559 4023 2067 4104 Berbetomagi
2118 4021 2571 4103 Vangionum
2623 4020 2805 4083 XIII
2854 4022 3020 4083 Kal.
3071 4021 3259 4083 Mar-

693 4135 825 4195 tias
873 4130 1237 4197 MDXXI.

1766 4490 1786 4497 κ·
1793 4488 2167 4499 rwmm
