3575 5775
1678 578 2173 637 0-<35588›0

644 732 746 799 (1¹¹⁸
794 750 990 800 meus
1040 727 1355 795 datarius
1403 730 1716 793 debeant
1761 739 2035 793 mature
2067 729 2390 812 cogitare
2420 730 2510 793 de
2541 728 2626 793 iis
2660 749 2845 811 quae
2889 729 2982 793 ad
3029 730 3206 793 hanc

644 837 1011 909 rn'ateriam
1045 836 1425 919 pertinent,
1457 835 1875 918 imponendi
1902 835 2177 899 scilicet
2209 834 2281 901 in
2315 837 2620 918 gratiam
2647 836 2920 900 Erasmi
2951 836 3206 901 silentii

649 946 785 1012 illis
832 962 1129 1029 quorum
1188 944 1483 1007 libertas
1544 942 1741 1007 vocis
1791 942 1860 1005 in
1910 944 2330 1007 damnandis
2393 944 2584 1009 illius
2651 945 3012 1007 erroribus
3077 948 3208 1007 col-

649 1054 1011 1118 laudanda
1054 1060 1127 1115 et
1174 1051 1562 1116 excitanda
1621 1071 1778 1113 esse
1841 1050 2240 1131 videretur,
2314 1071 2404 1115 ne
2473 1072 2631 1117 cum
2679 1052 3094 1115 satisfacere
3143 1062 3209 1115 et

644 1162 933 1243 placere
981 1160 1306 1223 volentes
1356 1160 1613 1221 multos
1658 1160 1880 1238 longe
1911 1159 2358 1239 synceriores
2391 1170 2464 1223 et
2495 1159 2721 1239 magis
2771 1158 3210 1223 necessarios

648 1270 1075 1349 languentes
1144 1286 1231 1330 ac
1276 1264 1559 1347 tepidos
1630 1266 1957 1330 reddant.
2062 1264 2310 1347 Neque
2378 1266 2562 1329 enim
2625 1281 2882 1346 putare
2947 1267 3212 1329 debent

649 1375 872 1441 latere
919 1392 1133 1455 posse
1181 1382 1404 1442 totum
1452 1373 1790 1438 mundum
1855 1376 2045 1453 quod
2105 1374 2240 1437 hac
2296 1392 2375 1435 re
2436 1372 2506 1437 in
2573 1373 2876 1456 gratiam
2940 1374 3212 1437 Erasmi

650 1490 897 1545 contra
966 1479 1193 1545 dictos
1256 1480 1434 1544 duos
1504 1478 1916 1560 Theologos
1978 1478 2488 1560 providerunt3
2555 1499 2708 1543 cum
2783 1482 3212 1545 credendum

651 1592 739 1650 sit
787 1588 981 1652 illum
1032 1588 1122 1649 de
1171 1588 1307 1649 hoc
1358 1586 1549 1667 apud
1598 1606 1846 1649 omnes
1893 1586 2108 1649 etiam
2169 1587 2452 1669 scriptis
2507 1587 2814 1668 publicis
2880 1590 3204 1669 gloriatu-

650 1715 828 1773 rum,
874 1694 1469 1774 quemadmodum
1516 1695 1737 1756 breve
1786 1694 2146 1773 quoddam
2195 1714 2336 1773 quo
2385 1691 2542 1756 ΞΜ*
2581 1695 2666 1757 D..
2713 1694 2794 1756 N.
2835 1696 2951 1757 vel
2991 1694 3212 1757 Revn·

654 1804 719 1868 d.
768 1800 1107 1867 Datarius
1152 1801 1249 1863 5¹⁸
1304 1800 1455 1864 eius
1502 1800 1785 1863 nomine
1835 1800 1900 1862 ei
1969 1800 2328 1881 pollicitus
2383 1799 2598 1863 fuerit
2668 1800 2874 1863 dictis
2929 1802 3207 1863 duobus

659 1908 1017 1990 theologis
1063 1907 1416 1972 silentium
1448 1907 1840 1989 imponere,
1889 1927 2050 1971 eum
2088 1907 2302 1971 audio
2350 1928 2394 1969 a
2423 1908 2923 1990 calcographis
2959 1907 3214 1971 excudi

656 2038 736 2081 ac-
786 2016 1067 2097 vulgari
1128 2016 1407 2082 fecisse.-
1518 2014 1719 2095 Quae
1790 2014 2118 2079 nimirum
2188 2013 2372 2077 ratio
2443 2035 2554 2077 me
2622 2015 2842 2078 movit
2911 2034 3000 2077 ne
3079 2015 3215 2096 ipsi

652 2124 947 2189 Era-smo
994 2121 1369 2203 quicquam
1406 2121 1810 2203 scripserim
1860 2122 1950 2183 de
1999 2120 2491 2185 commissione
2541 2130 2612 2183 et
2660 2121 2993 2185 mandato
3045 2123 3214 2185 mihi

652 2232 743 2293 ad
792 2239 1221 2296 memoratos
1268 2231 1445 2293 duos
1492 2229 1904 2309 Theologos
1953 2248 1994 2290 a
2042 2226 2232 2295 SSm0
2280 2228 2366 2297 D.
2416 2227 2501 2293 N.
2551 2248 2676 2291 seu
2709 2228 2860 2291 R¹¹¹⁰
2905 2230 3032 2291 D¹¹⁰
3081 2230 3214 2293 Da-

654 2336 833 2418 tario
882 2336 1103 2410 datis5
1162 2336 1354 2417 quod
1419 2334 1755 2398 videlicet
1811 2334 2131 2397 timerem
2193 2354 2352 2397 eum
2417 2334 2704 2415 scriptis
2751 2336 2895 2399 suis
2942 2338 3032 2399 de
3079 2338 3215 2399 hoc

654 2444 1139 2526 gloriaturum.
1232 2443 1452 2505 Immo
1500 2462 1673 2508 vero
1721 2441 1845 2505 vix
1895 2440 2149 2522 cuique
2198 2450 2487 2523 praeter
2535 2442 2763 2505 dictos
2811 2443 2990 2507 duos
3021 2444 3214 2507 theo-

656 2554 867 2631 logos
913 2551 1155 2613 dicere
1206 2569 1417 2618 ausus
1465 2568 1617 2611 sum
1666 2550 1757 2610 de
1799 2547 2296 2611 commissione
2329 2568 2506 2627 mea,
2555 2568 2696 2629 quo
2727 2568 2844 2611 res
2875 2549 3218 2615 secretior

655 2669 1083 2726 remaneret:
1136 2670 1429 2737 propter
1478 2657 1671 2736 quod
1734 2665 1810 2717 et
1868 2655 2028 2717 illos
2085 2655 2285 2735 ipsos
2343 2654 2688 2727 distincte,
2739 2655 3080 2737 requisivi
3129 2676 3220 2719 ne

662 2786 809 2829 rem
860 2763 1349 2845 publicarent3
1421 2784 1583 2828 nam
1630 2774 1703 2827 et
1748 2765 1882 2825 hoc
1931 2762 2002 2824 in
2050 2761 2402 2825 mandatis
2449 2762 2665 2825 habui
2715 2774 2788 2824 ut
2837 2783 2982 2826 rem
3013 2743 3216 2827 'hanc

656 2882 951 2939 secreto.
982 2882 1057 2936 et
1101 2870 1253 2936 sine
1301 2871 1595 2936 tumultu
1628 2868 2276 2952 paucisissimisque
2309 2869 2614 2932 consciis
2647 2889 2956 2950 agerem.
3007 2869 3215 2950 Quod

655 2995 867 3062 quum
913 2980 1124 3044 video
1174 2999 1398 3042 meam
1448 2978 1513 3040 in
1566 2979 1698 3040 hoc
1750 2977 2166 3040 industriam
2216 2996 2466 3058 parum
2513 2975 2934 3057 profecisse:
3008 2976 3214 3058 siqui-

656 3091 815 3152 dem
868 3087 1113 3168 accepi
1163 3087 1251 3151 D.
1304 3086 1677 3148 Albertum
1730 3085 2060 3165 Pighium
2107 3105 2348 3148 mense
2397 3085 2662 3166 (credo)
2709 3084 2896 3163 Julio
2947 3086 3036 3146 de
3083 3087 3218 3146 hac

656 3196 903 3258 eadem
956 3213 1032 3254 re
1083 3191 1451 3273 scripsisse
1482 3203 1553 3256 et
1583 3192 1673 3254 ad
1704 3191 2096 3254 Rectorem
2147 3202 2216 3253 et
2265 3190 2349 3252 ad
2386 3191 2444 3254 F
2448 3193 2824 3254 acultatem
2873 3191 3218 3272 theologi-

654 3323 807 3364 cam
856 3300 1089 3364 dictae
1140 3299 1577 3365 Academiae
1626 3319 1748 3362 seu
1804 3298 2305 3362 Universitatis
2354 3297 2850 3376 Lovaniensis‚
2914 3286 3218 3360 dic‘endo

653 3409 833 3470 smum
882 3409 969 3470 D.
1022 3407 1103 3470 N.
1156 3425 1497 3486 expresse
1545 3405 1794 3467 iubere
1843 3415 1919 3466 ut
1968 3405 2178 3468 dictis
2223 3405 2694 3486 Egmondano
2726 3425 2808 3468 ac
2835 3405 3219 3470 Vincentio

655 3515 1009 3582 silentium
1056 3517 1154 3596 (ut
1200 3512 1625 3594 praefertur)
1674 3512 2154 3593 imponerent,
2222 3511 2534 3593 alioquin
2597 3512 2900 3576 futurum
2956 3527 3032 3576 ut
3079 3533 3218 3576 non

658 3623 811 3686 sine
856 3621 1063 3703 gravi
1110 3621 1331 3702 ipsius
1375 3620 1810 3683 Academiae
1847 3620 2201 3682 dedecore
2237 3628 2306 3682 et
2339 3619 2786 3684 incommodo
2823 3619 2969 3684 Sua
3003 3619 3216 3684 Sanc-

658 3731 822 3797 titas
870 3729 1030 3794 illos
1078 3739 1308 3792 mutos
1356 3729 1724 3792 redderet:
1789 3737 1868 3789 ut
1932 3726 2068 3790 iam
2133 3747 2340 3790 nemo
2402 3727 2554 3790 fere
2619 3728 2690 3790 in
2741 3728 2849 3790 his
2895 3731 3220 3808 partibus

656 3839 745 3901 sit
794 3837 913 3919 qui
960 3854 1109 3900 rem
1158 3837 1337 3899 hanc
1387 3855 1527 3898 non
1580 3838 1693 3898 vel
1741 3833 1921 3896 sciat
1967 3835 2083 3898 vel
2130 3833 2464 3898 facillime
2498 3835 2588 3897 sit
2622 3834 2940 3898 sciturus,
3009 3835 3218 3898 Unde

670 3949 949 4027 qualem
1002 3943 1430 4026 triumphum
1482 3953 1812 4023 putamus
1859 3941 2226 4004 Erasmum
2276 3949 2635 4021 acturum,
2685 3941 2884 4023 quasi
2941 3944 3060 4021 qui
3109 3944 3223 4004 vel

660 4051 870 4118 Sedis
918 4049 1383 4133 Apostolicae
1430 4048 1691 4112 iudicio
1740 4068 1824 4112 ac
1889 4067 2186 4110 censura
2255 4047 2624 4110 victoriam
2681 4050 3028 4112 adversus
3095 4069 3220 4111 eos

662 4158 782 4238 qui
840 4178 917 4220 se
978 4157 1227 4222 merito
1291 4156 1363 4218 in
1427 4155 1662 4218 multis
1710 4155 2335 4236 reprehendebant
2381 4167 2804 4218 consecutus
2866 4155 2984 4226 sit;
3055 4158 3220 4218 dum

655 4266 817 4328 illos
862 4267 1355 4329 obmutescere
1408 4264 1714 4343 debere,
1788 4281 1864 4324 se
1930 4281 2102 4324 vero
2173 4261 2244 4324 in
2317 4261 2600 4343 scriptis
2664 4260 2807 4324 suis
2872 4262 3099 4325 libere
3148 4277 3221 4325 et

659 4373 813 4436 sine
862 4371 1425 4436 contradictione
1474 4370 1603 4434 toti
1652 4371 1916 4432 mundo
1948 4368 2142 4450 loqui
2174 4387 2390 4450 posse
2421 4368 2847 4431 obtinuerit?
2921 4368 3220 4449 Qualem

658 4497 829 4542 vero
868 4499 920 4540 ·e
972 4479 1255 4540 diverso
1306 4478 1624 4542 dolorem
1696 4487 1766 4538 et
1815 4475 2150 4558 gemitum
2217 4475 2703 4538 existimamus
2754 4475 2918 4537 inde
2966 4496 3220 4557 passos

659 4585 879 4651 fuisse
918 4605 1008 4648 ac
1056 4583 1318 4666 iugiter
1366 4583 1515 4664 pati
1564 4603 1688 4646 eos
1737 4581 1855 4663 qui
1904 4591 2163 4644 norunt
2209 4593 2280 4646 et
2330 4581 2573 4644 vident
2624 4601 2829 4663 quam
2879 4584 3016 4644 hoc
3049 4583 3212 4646 Rei-

659 4692 991 4775 publicae
1041 4691 1131 4760 sit
1178 4691 1642 4754 damnosum?
1715 4699 1787 4751 et
1833 4709 2044 4770 quam
2094 4689 2291 4752 multi
2338 4689 2502 4752 hinc
2553 4687 2692 4752 sint
2739 4689 3098 4752 animandi
3145 4707 3222 4750 ut

658 4808 822 4882 post
871 4797 1335 4880 Apostolicae
1382 4795 1593 4860 Sedis
1650 4795 2158 4878 praeiudicium
2222 4795 2493 4860 Erasmi
2559 4796 2825 4880 scripta
2887 4796 3220 4860 libentius

660 4909 904 4996 legant
954 4918 1023 4969 et
1070 4904 1347 4972 facilius
1395 4904 1693 4968 credant
1738 4903 1805 4966 in
1859 4922 2187 4990 magnum
2237 4902 2624 4966 animarum
2675 4923 2958 4967 suarum
3011 4905 3218 4969 detri-
