3575 5775
1722 559 2217 618 mamus-o

689 704 950 767 Cesare
999 724 1155 766 cum
1203 705 1385 766 altra
1431 704 1814 786 petitione,
1876 709 2006 770 che
2057 729 2198 771 non
2244 711 2478 773 havea
2522 710 2704 773 fatto
2753 711 2821 773 el
2870 711 2941 772 dl
2991 711 3235 790 avanti,

689 813 806 873 nel
867 812 1078 892 quale
1140 810 1182 872 l'
1223 812 1454 873 havea
1502 811 1861 876 rechiesto
1924 813 1997 877 in
2044 814 2361 897 scriptiS,
2432 817 2565 879 che
2627 817 2748 898 poi
2805 819 2936 880 che
2986 817 3241 881 Luther

688 919 920 981 havea
968 917 1561 981 obstinatamente
1610 929 1879 1002 negato
1942 921 2054 984 far
2101 924 2172 985 la
2219 923 2707 1002 revocatione,
2780 923 2929 988 Sua
2976 925 3244 990 Maesta

689 1026 919 1089 devea
976 1026 1428 1088 remandarlo
1487 1025 1561 1088 vi
1608 1027 1787 1089 salvi
1837 1029 2229 1092 conductus
2291 1040 2363 1094 et
2408 1033 2763 1112 proceder
2820 1032 2946 1114 poi
3008 1043 3246 1097 contra

691 1153 1103 1214 personam,
1175 1142 1247 1195 et
1309 1132 1378 1194 in
1427 1133 1748 1215 presenti
1811 1144 2059 1198 contra
2107 1135 2363 1216 libros,
2436 1147 2507 1201 et
2564 1149 2815 1220 questo
2874 1140 3246 1204 rechiedea

691 1241 972 1303 nomine
1035 1250 1337 1322 quatuor
1386 1242 1807 1306 electorum:
1872 1243 2139 1307 Verum
2205 1244 2325 1308 ille
2373 1244 2559 1307 idern
2624 1245 2843 1328 dopoi
2891 1247 3247 1328 publicata

691 1355 942 1428 questa
1007 1349 1331 1428 scedula,
1391 1367 1626 1411 venne
1676 1370 1719 1410 a
1767 1347 2065 1428 Cesare,
2126 1353 2429 1414 essendo
2478 1352 2597 1415 noi
2644 1353 2997 1435 presenti,
3071 1356 3247 1417 dove

691 1456 1132 1538 expettando
1181 1454 1472 1518 insieme
1523 1475 1657 1536 con
1707 1455 1826 1520 noi
1875 1457 2037 1520 altri
2084 1458 2309 1521 haver
2356 1459 2740 1538 audientia,
2790 1459 2854 1523 ci
2904 1459 3096 1524 disse
3124 1463 3248 1524 che

693 1565 932 1626 buono
994 1565 1302 1625 sarebbe
1364 1565 1630 1627 vedere
1694 1565 1784 1626 de
1832 1563 2238 1646 interrogat
2284 1564 2595 1630 Martino
2656 1566 2773 1630 un’
2799 1569 2983 1630 altra
3036 1571 3257 1649 volta,

693 1679 766 1733 et
815 1670 1256 1733 examinarlo
1321 1691 1454 1753 per
1499 1670 1734 1734 alcuni
1783 1671 2071 1734 Dottori
2132 1671 2205 1734 in
2252 1673 2614 1754 presentia
2662 1674 2735 1736 di
2782 1674 3015 1738 alcuni
3064 1675 3252 1738 Prin-

694 1776 834 1860 cipi
883 1796 1012 1857 per
1061 1797 1268 1840 nome
1316 1777 1386 1838 di
1433 1787 1616 1841 tutto
1664 1779 1734 1840 lo
1783 1778 2127 1860 Imperio,
2177 1789 2249 1842 et
2298 1781 2427 1843 che
2476 1792 2732 1862 questo
2782 1802 2905 1844 era
2950 1803 3167 1863 parso
3214 1804 3255 1844 a

693 1885 854 1947 tutti
916 1885 964 1947 li
1012 1885 1344 1966 Elettori,
1417 1885 1606 1968 quod
1654 1884 1869 1950 facile
1919 1886 2173 1968 cred0,
2245 1888 2507 1968 perche¹
2575 1886 2623 1953 li
2672 1887 2791 1950 doi
2840 1909 2883 1950 a
2930 1888 3051 1952 noi
3098 1909 3251 1954 con-

693 1991 892 2055 trarii
939 2012 1079 2054 non
1131 1991 1555 2056 desiderano
1604 2014 1680 2056 se
1729 2014 1872 2056 non
1922 1993 2256 2074 dilation,
2306 2004 2378 2058 et
2424 1994 2821 2075 turbation,
2880 2003 2953 2058 et
3000 1995 3048 2057 li
3097 1996 3251 2058 altri

694 2120 834 2162 non
885 2099 1186 2162 faceano
1234 2099 1674 2180 resistentia,
1745 2102 2009 2181 perche
2059 2102 2297 2182 quello
2346 2103 2477 2164 che
2544 2103 2581 2165 ὲ
2632 2101 2703 2163 di
2750 2103 2871 2184 piu
2920 2103 3257 2169 auttorita

692 2227 823 2288 per
886 2227 1110 2288 paura
1177 2209 1722 2270 condescendea
1782 2229 1825 2270 a
1873 2216 2145 2289 questo,
2240 2208 2377 2272 Noi
2444 2207 3053 2290 respondessimO,
3126 2211 3255 2272 che

694 2334 823 2397 per
869 2315 1068 2378 molti
1119 2314 1278 2397 capi
1328 2315 1401 2378 di
1447 2313 1746 2397 ragione
1796 2324 2048 2395 questo
2098 2335 2240 2378 non
2291 2335 2415 2379 era
2456 2317 2553 2379 da
2600 2315 2732 2397 far,
2780 2315 2940 2380 anci
2988 2317 3257 2399 pericu-

695 2421 1075 2502 losissime,
1147 2424 1528 2484 tuttavolta
1575 2421 1765 2484 disse
1814 2424 1945 2485 che
1995 2423 2228 2486 havea
2274 2442 2493 2504 carga
2540 2422 2721 2486 dirlo
2770 2444 2813 2488 a
2862 2424 3117 2506 Cesar,
3190 2433 3265 2488 et

691 2547 1014 2609 pregava
1077 2529 1209 2590 che
1273 2527 1392 2591 noi
1452 2548 1595 2591 non
1643 2526 2127 2610 impedissimo
2194 2531 2293 2592 tal
2355 2528 2637 2609 effett0,
2710 2537 2781 2592 et
2840 2527 2990 2593 cosi
3052 2533 3262 2612 parlo

674 2655 852 2711 ‚curn
924 2634 1186 2698 Cesare
1257 2635 1463 2698 nobis
1537 2635 1992 2717 presentibus
2056 2635 2237 2698 forsi
2310 2635 2597 2717 meggia
2664 2637 2842 2699 hora
2910 2635 3266 2700 submissa

691 2751 930 2805 tamen
976 2762 1193 2822 voce,
1259 2763 1374 2804 ma
1421 2741 1560 2804 Dio
1607 2744 1809 2805 volse
1874 2743 2005 2805 che
2068 2753 2321 2825 questo
2370 2743 2842 2825 gentilissimo
2902 2743 3263 2826 Principe,

694 2858 766 2913 et
827 2849 1361 2933 religiosissimo
1411 2847 1630 2913 Cesar
1691 2848 1741 2913 il
1787 2851 1955 2931 qual
2004 2870 2285 2932 sempre
2348 2851 2501 2913 solo
2552 2849 2588 2913 ὲ
2637 2859 2825 2913 stato
2888 2849 2959 2915 in
3007 2861 3269 2933 questa

694 2978 863 3021 cosa
901 2958 1345 3038 inconcuSSO,
1394 2956 1443 3019 li
1481 2978 1800 3041 respose,
1849 2959 1980 3020 che
2021 2956 2117 3019 lui
2156 2978 2298 3021 non
2332 2959 2753 3021 mutarebbe
2794 2978 2929 3041 pur
2972 2959 3083 3021 un'
3112 2958 3269 3023 iota

695 3066 885 3129 della
931 3086 1059 3128 sua
1107 3065 1655 3144 deliberatione,
1729 3074 1803 3127 et
1850 3067 1981 3128 che
2037 3085 2168 3147 per
2218 3064 2455 3128 niente
2504 3063 2875 3145 intendea,
2948 3068 3079 3129 che
3128 3086 3271 3149 per

694 3194 803 3253 se,
868 3194 910 3235 o
959 3171 1194 3235 alcuni
1257 3173 1327 3233 di
1376 3171 1528 3234 suoi
1576 3170 1889 3234 Martino
1952 3171 2145 3234 fusse
2192 3172 2315 3253 piu
2361 3171 2837 3253 interrogato:
2901 3172 3059 3235 anci
3124 3172 3267 3237 dis-

695 3280 846 3360 seli,
896 3282 1025 3343 che
1075 3280 1122 3341 li
1158 3279 1470 3360 Principi
1518 3278 1918 3343 sarebbono
1968 3280 2173 3359 bene,
2222 3280 2536 3342 secundo
2569 3281 2639 3341 la
2670 3299 3038 3361 promessa
3080 3282 3267 3363 loro,

696 3388 1165 3449 concordibus
1212 3386 1462 3449 animis
1510 3386 1823 3467 sequitat
1870 3388 1940 3449 la
1986 3406 2113 3449 sua
2161 3386 2638 3451 conclusione.

877 3493 1145 3575 Questo
1214 3495 1418 3557 voler
1487 3494 1557 3557 di
1629 3492 1777 3557 Sua
1823 3493 2099 3557 Maesta
2168 3493 2246 3556 fu
2315 3504 2681 3577 reportato
2752 3494 2873 3557 alli
2942 3494 3265 3577 Principi

697 3601 1017 3682 Elettori,
1068 3621 1208 3663 non
1257 3622 1466 3663 senza
1514 3602 1788 3682 grande
1837 3601 2259 3664 admiration
2308 3603 2464 3664 loro
2514 3602 2585 3664 di
2632 3611 2831 3665 tanta
2860 3603 3269 3667 constantia

697 3717 770 3772 et
832 3708 1067 3771 animo
1118 3707 1459 3781 Cesare03
1535 3730 1646 3771 ma
1693 3711 1838 3772 tale
1900 3709 1975 3771 fu
2024 3708 2069 3771 l'
2097 3709 2434 3773 auttorita
2492 3721 2562 3773 et
2608 3708 2920 3773 versutia
2968 3710 3085 3773 del
3134 3708 3263 3773 Sa·

697 3836 907 3896 xone‚
958 3818 1091 3878 che
1137 3815 1180 3877 l'
1211 3823 1499 3878 ottenne
1549 3816 1722 3878 dalli
1770 3816 1955 3879 Stati
2003 3836 2142 3879 una
2191 3816 2713 3899 supplicatione
2760 3817 2852 3880 ad
2900 3816 3264 3899 Cesarem,

697 3925 829 3986 che
898 3944 1030 4005 per
1097 3922 1147 3985 il
1219 3921 1480 4002 meglio
1557 3923 1628 3983 di
1698 3933 1951 4004 questa
2020 3944 2221 4003 cosa,
2302 3944 2522 4005 parea
2600 3925 2754 3987 loro
2824 3923 2883 3986 si
2952 3925 3267 3989 havesse

697 4030 811 4093 un'
840 4032 1024 4093 altra
1081 4028 1250 4093 fiata
1297 4030 1388 4091 ad
1439 4029 1807 4093 examinat
1854 4031 2122 4092 Luther
2187 4039 2257 4093 et
2305 4031 2717 4093 exhortarlo
2780 4032 2921 4092 alla
2966 4050 3263 4095 revoca·

697 4138 910 4202 tione.
1006 4138 1063 4200 Il
1129 4138 1260 4199 che
1309 4157 1385 4199 se
1435 4156 1576 4199 non
1638 4137 1949 4217 facesse,
2020 4138 2341 4201 harebbe
2406 4156 2623 4199 causa
2684 4137 2849 4199 tutti
2895 4138 3265 4219 persequi-

696 4245 900 4323 tar10,
951 4251 1022 4305 et
1069 4242 1180 4305 far
1229 4252 1410 4305 tutto
1460 4243 1774 4306 secundo
1823 4246 1893 4305 la
1933 4244 2407 4307 deliberation
2445 4245 2614 4306 data
2654 4246 2744 4306 da
2778 4242 2934 4309 Sua·
2956 4244 3263 4309 Maesta.

699 4351 917 4414 Cesar
963 4370 1257 4432 respose
1305 4352 1459 4413 loro
1506 4350 1578 4413 in
1626 4350 1927 4433 scriptis,
1976 4352 2109 4413 che
2151 4352 2249 4413 lui
2284 4371 2425 4415 non
2458 4352 2877 4415 mutarebbe
2906 4371 3001 4415 un
3032 4366 3265 4433 punto

701 4458 772 4519 di
831 4479 958 4521 sua
1006 4456 1396 4538 sententia,
1469 4466 1539 4520 et
1588 4458 1720 4519 che
1769 4478 1846 4521 se
1894 4459 2045 4519 loro
2095 4467 2465 4539 potessero
2528 4480 2570 4521 o
2616 4478 2991 4541 sapessero
3048 4458 3267 4524 indur

698 4566 1007 4628 Martino
1059 4568 1150 4628 ad
1198 4564 1782 4646 resipiscentiam,
1833 4562 1929 4629 lui
1978 4565 2047 4628 lo
2096 4564 2566 4629 adiutarebbe
2615 4586 2961 4647 appresso
2994 4564 3265 4631 Nostro

700 4670 1011 4753 Signore
1075 4680 1146 4733 et
1208 4672 1340 4735 che
1387 4694 1430 4734 a
1478 4681 1731 4753 questo
1794 4671 1842 4735 li
1903 4673 2090 4735 dava
2150 4672 2447 4736 termine
2513 4671 2583 4735 di
2647 4681 2754 4735 tre
2800 4672 3069 4755 giorni,
3146 4694 3267 4737 ma

699 4799 841 4841 non
890 4779 1100 4841 volea
1146 4780 1278 4841 che
1327 4780 1413 4842 ne
1463 4798 1594 4859 per
1639 4800 1716 4841 se
1765 4779 1852 4843 ne
1902 4798 2033 4861 per
2080 4777 2314 4842 alcuni
2366 4777 2437 4841 di
2486 4778 2641 4841 suoi
2688 4778 2748 4843 si
2786 4777 3265 4843 intervenisse

699 4886 790 4947 ad
856 4886 953 4948 tal
1002 4905 1288 4960 exame3
1361 4883 1638 4949 interim
1685 4906 1762 4948 se
1826 4884 2126 4950 faceano
2187 4895 2385 4948 tante
2432 4885 2787 4967 prattiche
2842 4897 3091 4951 contra
3138 4886 3264 4951 noi
