3575 5775
1781 591 2241 647 0-{33454

718 741 777 803 si
845 750 1065 802 tratta
1131 738 1249 819 qui
1313 748 1384 801 et
1447 758 1577 820 per
1635 740 1990 801 observar
2057 739 2187 800 che
2256 737 2375 799 via
2438 736 2508 799 io
2575 736 2732 800 faro
2802 738 2867 799 al
2934 736 3157 818 pai-tir
3215 738 3277 797 di

719 855 974 927 questa
1023 845 1235 909 dieta.
1387 891 1418 927 4

898 952 1092 1017 Gran
1157 962 1474 1033 respetto
1537 953 1776 1015 hanno
1844 952 1913 1013 di
1962 951 2315 1032 proceder
2362 952 2503 1013 alla
2553 961 2849 1031 captura
2898 950 2969 1011 di
3021 971 3112 1012 un
3161 970 3279 1011 suo

718 1060 958 1123 nobile
1007 1058 1232 1141 questi
1284 1059 1675 1137 Todeschi,
1742 1068 2122 1142 praeterea
2170 1058 2265 1122 lui
2314 1069 2423 1121 sta
2474 1061 2691 1121 molto
2742 1060 2848 1119 sul
2908 1058 3128 1136 forte,
3198 1058 3280 1119 ad

718 1169 816 1231 tal
884 1169 1016 1229 che
1081 1187 1226 1229 non
1287 1177 1574 1248 potemo
1642 1186 1863 1229 ancor
1926 1167 2039 1229 far
2102 1165 2363 1229 niente.
2460 1166 2724 1228 Caesar
2790 1165 3073 1227 omnino
3122 1165 3161 1225 1’
3197 1166 3281 1225 ha

717 1276 935 1337 molto
984 1276 1099 1336 nel
1151 1294 1353 1343 naso:
1403 1274 1476 1337 in
1527 1288 1779 1356 questa
1828 1274 2023 1336 dieta
2069 1274 2354 1336 vedrasi
2404 1273 2473 1335 in
2524 1272 2695 1355 ogni
2744 1292 2913 1334 cosa
2960 1272 3071 1334 far
3120 1272 3160 1332 l'
3188 1274 3276 1333 ul-

716 1380 887 1443 timo
936 1382 1026 1443 de
1073 1382 1401 1462 potentia
1450 1390 1522 1443 et
1569 1381 1807 1443 darasi
1856 1380 2129 1444 adviso.

895 1487 1052 1550 Non
1105 1508 1454 1550 mancano
1501 1486 1760 1551 ribaldi
1811 1498 1883 1549 et
1930 1488 2018 1572 (si
2064 1488 2222 1549 Deo
2272 1487 2534 1568 placet)
2580 1486 2840 1549 inimici
2888 1484 3112 1547 nostri
3173 1506 3279 1547 an-

716 1616 841 1657 cor
887 1596 958 1656 in
1009 1606 1205 1657 corte
1256 1595 1328 1656 di
1377 1595 1646 1675 Roma,
1713 1594 1762 1657 li
1810 1594 2004 1675 quali
2062 1595 2235 1677 ogni
2284 1614 2454 1657 cosa
2502 1614 2641 1675 qua
2690 1592 3049 1671 scriveno,
3104 1601 3173 1652 et
3220 1592 3283 1652 la

716 1702 924 1764 Bulla
968 1702 1044 1764 fu
1093 1701 1324 1783 prima
1369 1702 1718 1785 impressa
1764 1702 1835 1765 in
1886 1700 2273 1764 Germania
2321 1702 2453 1763 che
2503 1699 2867 1789 publicata
2912 1698 2983 1759 in
3032 1698 3282 1775 Roma,

715 1809 855 1873 imo
918 1809 1006 1871 ne
1070 1807 1245 1871 costi
1315 1809 1404 1872 ne
1469 1806 1588 1892 qui
1649 1810 1707 1871 si
1771 1810 1941 1891 puol
1990 1809 2101 1871 far
2150 1829 2191 1871 o
2240 1809 2349 1870 dir
2396 1828 2437 1869 o
2488 1807 2757 1870 scriver
2822 1826 2987 1867 cosa
3036 1807 3283 1867 alcuna

716 1917 850 1979 che
899 1937 1042 1979 non
1091 1916 1148 1978 si
1197 1916 1379 1997 sapii
1425 1917 1546 1998 piu
1596 1936 1728 1998 per
1776 1917 1893 1979 via
1942 1917 2033 1981 de
2067 1916 2307 1978 Roma
2354 1918 2487 1977 che
2537 1915 2627 1976 de
2676 1914 2908 1995 questi
2948 1912 3169 1994 paesi,
3216 1926 3283 1973 et

717 2035 983 2105 quanto
1031 2023 1090 2085 si
1137 2025 1308 2105 puol
1357 2025 1927 2105 comprehender
1975 2024 2191 2105 quelli
2241 2024 2373 2085 che
2424 2021 2767 2084 advisano
2828 2030 3165 2103 questoro
3216 2019 3281 2079 di

715 2132 857 2193 tale
920 2150 1154 2193 nuove
1219 2150 1395 2193 sono
1462 2132 1778 2195 huomini
1843 2130 2135 2193 officiali
2195 2130 2268 2193 in
2316 2130 2589 2209 Roma,
2658 2137 2779 2191 aut
2835 2109 3083 2190 saltem
3134 2129 3281 2188 loro

716 2237 1068 2300 servitori.
1165 2238 1232 2299 A
1282 2239 1414 2300 che
1463 2238 1746 2301 inscitia
1796 2238 1835 2301 e
1882 2238 2149 2300 ridotto
2197 2237 2247 2299 il
2296 2236 2578 2298 mundo.

895 2345 973 2407 Io
1023 2366 1165 2407 non
1215 2365 1427 2428 spero
1477 2366 1554 2409 se
1603 2366 1743 2409 non
1798 2349 1984 2409 bene
2035 2345 2106 2407 di
2154 2344 2325 2427 ogni
2374 2363 2575 2423 cosa,
2644 2362 2862 2405 ancor
2910 2344 3041 2404 che
3105 2350 3281 2403 tutto

717 2462 969 2531 questo
1000 2453 1468 2516 settentrione
1516 2454 1871 2535 tumultui,
1920 2474 2035 2515 ma
2083 2454 2409 2531 besogna
2454 2451 2568 2514 far
2614 2450 2663 2512 li
2712 2448 3005 2512 remedii
3050 2450 3185 2511 che
3217 2448 3279 2509 io

717 2559 974 2637 scriv0,
1023 2567 1096 2620 et
1144 2562 1362 2622 molto
1413 2562 1482 2623 al
1514 2562 1888 2642 proposito
1918 2554 2229 2623 'sai-ebbe
2262 2559 2533 2621 scriver
2564 2560 2631 2620 al
2663 2557 2941 2619 Nuncio
2974 2558 3109 2618 che
3145 2556 3185 2617 ὲ
3216 2556 3281 2617 in

717 2666 986 2745 Anglia
1017 2667 1149 2729 che
1181 2668 1270 2729 de
1301 2669 1346 2729 li
1379 2662 1658 2730 facesse
1687 2668 2121 2749 provisione,
2154 2666 2442 2747 perche,
2476 2666 2689 2728 etiam
2722 2684 2851 2745 per
2884 2661 3282 2725 testimonio

717 2774 905 2835 della
955 2773 1276 2854 Epistola
1324 2774 1395 2837 di
1446 2774 1739 2837 Erasmo
1789 2775 1909 2855 gia
1956 2775 2305 2854 impressa
2350 2774 2560 2853 quale
2608 2791 2737 2853 per
2788 2770 3028 2832 avanti
3078 2768 3162 2831 N.
3214 2766 3281 2831 S.

717 2880 918 2954 vide,
981 2903 1058 2943 se
1107 2880 1400 2944 intende
1450 2882 1584 2945 che
1635 2882 1830 2946 molti
1882 2891 1953 2945 et
2002 2880 2259 2962 grandi
2306 2879 2378 2942 in
2428 2879 2697 2962 Anglia
2744 2878 3197 2942 favorisceno
3246 2897 3284 2938 a

715 2988 984 3050 Luther
1033 2999 1104 3051 et
1151 2989 1382 3070 questi
1431 2989 1841 3071 impressori
1891 2989 1965 3052 di
1998 2988 2382 3051 Germania
2430 2988 2717 3068 quando
2766 2986 2810 3048 li
2858 2985 3046 3048 facio
3086 3005 3281 3046 occu-

713 3116 848 3177 par
897 3117 938 3158 o
987 3097 1404 3160 abbrusciar
1471 3097 1702 3178 questi
1757 3097 1883 3160 tali
1936 3095 2131 3177 libri,
2199 3095 2458 3157 dicono
2508 3095 2639 3156 che
2689 3096 2827 3154 ben
2878 3091 2926 3153 li
2976 3091 3282 3173 spaccia-

713 3222 940 3265 ranno
989 3225 1120 3283 per
1153 3205 1435 3267 Anvers
1483 3204 1555 3267 in
1590 3205 1959 3284 Angliam;
2012 3225 2127 3267 ma
2176 3224 2252 3265 se
2302 3223 2391 3264 ne
2440 3202 2821 3284 expedimo
2872 3201 3064 3262 della
3096 3200 3285 3262 dieta

715 3309 882 3387 vivi,
933 3330 1144 3392 spero
1185 3313 1326 3373 ben
1377 3310 1703 3374 scurtarli
1753 3313 1821 3373 el
1866 3310 2143 3374 camino
2192 3330 2326 3391 per
2373 3312 2611 3371 buona
2659 3308 2793 3370 via.
2875 3308 3285 3371 Tuttavolta

717 3416 1002 3478 omnino
1053 3420 1293 3479 buono
1343 3417 1384 3480 e
1431 3418 1700 3480 scriver
1747 3420 1817 3480 al
1866 3418 1983 3479 Re
2033 3418 2276 3498 Anglo
2326 3418 2392 3478 al
2443 3417 2803 3479 cardinale
2851 3424 2922 3477 et
2985 3417 3050 3477 al
3102 3415 3279 3476 Nun·

718 3523 826 3585 cio
877 3533 1260 3604 antequam
1306 3524 1701 3588 invalescat
1751 3528 2060 3587 morbus,

2166 3730 2203 3740 a·-

1955 3962 2036 4025 13

1390 4095 1523 4176 Leo
1581 4095 1666 4176 X.
1725 4093 1969 4174 Gar-010
2024 4093 2103 4174 V.
2162 4095 2606 4194 Imperatori.

1633 4243 1802 4310 (Acta
1837 4240 2110 4300 wormat.
2146 4239 2237 4299 fol.
2276 4240 2377 4310 67.)

1750 4361 1855 4422 (18.
1896 4364 2018 4426 Jan.
2064 4361 2241 4428 1521.)

899 4485 1113 4547 Carm0
1175 4486 1244 4547 in
1307 4484 1588 4548 Christo
1663 4483 1810 4548 filio
1889 4495 2132 4548 nostro
2196 4485 2454 4550 Carolo
2523 4486 2718 4568 Regi
2780 4487 3155 4551 Catholico
3212 4488 3276 4549 in

718 4594 1209 4657 Romanorum
1259 4592 1698 4673 Imperatore
1749 4593 2179 4675 electo-Leo
2229 4594 2432 4675 Papa
2482 4595 2578 4657 X.

897 4700 1077 4763 Ch¹¹¹⁰
1125 4699 1195 4760 in
1244 4699 1524 4762 Christo
1587 4699 1685 4762 fili
1756 4711 1999 4763 noster
2064 4702 2363 4765 salutem
2426 4711 2497 4764 et
2558 4702 3025 4782 apostolicam
3078 4708 3275 4766 bene-

717 4807 1120 4869 dictionem.
1203 4806 1404 4869 Alias
1438 4806 1857 4872 Celsitudini
1892 4817 2056 4871 tuae
2086 4829 2217 4890 per
2251 4809 2526 4871 litteras
2561 4818 2630 4871 et
2670 4809 2957 4872 nuntios
3009 4823 3279 4874 nostros

718 4913 1270 4994 significavimus
1333 4916 1524 4996 quod
1584 4936 1742 4978 cum
1807 4918 2050 4998 plures
2112 4917 2271 4979 falsi
2336 4937 2418 4980 ac
2481 4917 2823 4979 haeretici
2888 4939 3173 4982 errores
3216 4919 3279 4980 in
