3575 5775
1377 589 1492 642 0-33
1571 589 1634 643 91
1718 585 1833 640 ‘it-0

335 731 710 797 Concilium
741 733 1310 810 Constantiense,
1361 753 1500 814 quo
1551 743 1714 814 post
1763 734 1887 795 illa
1934 741 2235 812 quatuor
2284 751 2541 812 magna
2574 733 2890 796 Concilia

335 843 582 904 nullum
629 839 766 903 fuit
813 861 1122 922 unquam
1169 841 1522 904 salubrius
1563 843 1780 904 rebus
1810 840 2247 903 Christianis.
2314 839 2473 920 Quo
2505 839 2890 902 Germania

331 947 473 1028 ipsa
535 948 906 1030 pet-petuis
969 958 1078 1011 est
1141 951 1508 1011 celebrata
1567 947 1989 1029 praeconiis
2088 949 2202 1010 An
2252 956 2445 1010 totus
2491 946 2685 1008 orbis
2732 948 2889 1008 hac-

331 1065 526 1118 tenus
575 1055 841 1118 erravit
891 1064 960 1118 et
1008 1057 1200 1118 solus
1233 1055 1583 1118 Martinus
1631 1057 1819 1117 bene
1866 1054 2131 1118 sensit?
2178 1074 2267 1116 an
2316 1055 2554 1136 potius
2604 1056 2743 1116 hoc
2774 1055 2887 1116 vel

329 1164 542 1224 solum
567 1162 845 1224 facinus
875 1173 1332 1244 perpetrasse
1359 1163 1803 1225 demonstrat
1824 1161 2207 1224 Mai-tinum
2240 1181 2395 1224 esse
2426 1160 2613 1224 omni
2650 1163 2889 1224 haere-

329 1269 600 1331 siarcha
627 1269 1048 1350 iniquiorem
1084 1279 1156 1333 et
1185 1271 1524 1352 peiorem.
1593 1269 1732 1350 Qui
1767 1269 1825 1331 si
1862 1268 2279 1350 evangelice
2312 1268 2591 1331 viveret
2623 1270 2723 1350 (ut
2753 1269 2891 1330 iac-

329 1377 476 1438 titat
513 1387 584 1438 et
617 1376 992 1462 gloriatur)
1020 1398 1159 1440 non
1191 1388 1335 1440 tam
1368 1377 1580 1440 foede
1615 1387 1903 1458 tamque
1934 1377 2386 1457 impudenter
2422 1377 2511 1437 de
2545 1373 2891 1456 proximis

329 1485 409 1545 de
445 1483 938 1562 PontificibuS,
989 1487 1078 1547 de
1112 1483 1448 1548 Conciliis
1493 1487 1923 1566 loqueretur,
1974 1503 2205 1564 nequ-²
2238 1501 2449 1544 ausus
2484 1482 2735 1544 fuisset
2770 1501 2889 1543 un-

329 1611 548 1672 quam,
579 1594 715 1654 hoc
742 1592 1208 1656 comburendi
1233 1594 1525 1655 decreta
1553 1589 1889 1673 exemplo
1915 1599 2185 1654 tantum
2214 1590 2282 1652 in
2312 1601 2461 1653 toto
2490 1593 2663 1652 orbe
2696 1607 2889 1651 scan-

328 1699 558 1760 dalum
585 1698 968 1780 concitare,
1001 1711 1072 1762 et
1095 1700 1376 1780 judaeis
1410 1710 1482 1762 et
1503 1699 1911 1762 infidelibus
1942 1708 2253 1762 nostram
2278 1697 2491 1760 fidem
2518 1696 2891 1758 deridendi

327 1817 390 1867 et
419 1806 745 1887 fugiendi
779 1827 1022 1869 ansam
1059 1811 1431 1888 praebere,
1483 1806 1540 1870 si
1572 1806 1772 1869 iuxta
1816 1807 2038 1890 ipsius
2084 1807 2425 1888 dogmata
2472 1805 2890 1895 percipiant,

325 1913 710 1976 Ecclesiam
747 1913 1218 1978 Christianam
1249 1934 1382 1996 per
1414 1925 1518 1977 tot
1557 1916 1845 1976 saecula
1878 1914 1948 1976 in
1986 1913 2305 1976 tenebris
2331 1931 2487 1976 esse
2512 1921 2889 1975 versatam.

503 2021 658 2100 Hic,
721 2041 936 2102 quum
985 2021 1508 2084 Illustrissimus
1557 2024 1724 2084 Dux
1778 2034 2117 2104 tanquam
2164 2020 2629 2083 rationabiles
2679 2029 2749 2082 et
2796 2017 2889 2081 iu·

321 2127 660 2191 stissimas
710 2128 1002 2192 Lutheri
1053 2149 1304 2192 causas
1359 2130 1570 2192 nobis
1619 2129 1965 2192 Coloniae
2027 2128 2439 2210 objiciebat,
2506 2129 2889 2191 Lutherum

319 2237 404 2296 ab
436 2235 668 2298 Echio
715 2244 788 2298 et
832 2236 990 2298 aliis
1035 2237 1180 2300 suis
1229 2235 1667 2300 adversariis
1707 2235 1931 2299 fuisse
1958 2238 2052 2299 ad
2086 2238 2263 2299 haec
2300 2235 2679 2298 scribenda
2728 2253 2889 2296 exa·

321 2345 708 2422 cerbatum‚
743 2346 1186 2424 respondere
1222 2353 1510 2426 oportet
1539 2345 1985 2425 praeclarum
2018 2363 2177 2406 esse
2206 2346 2393 2406 hunc
2412 2343 2894 2425 Evangelicae

317 2448 514 2512 vitae
564 2461 1020 2513 assertorem:
1072 2449 1150 2531 si,
1203 2461 1280 2512 ut
1327 2451 1416 2514 de
1466 2451 1901 2514 adversariis
1947 2451 2091 2514 suis
2140 2451 2525 2514 vindictam
2575 2457 2892 2532 quaerat,

317 2556 534 2620 fide-m
581 2557 1014 2621 Catholicam
1066 2561 1529 2640 pessumdare
1579 2559 1895 2622 nitatur.·
1942 2573 1948 2580 ·

503 2663 1064 2729 Dicebat·etiam
1115 2667 1336 2729 libros
1367 2666 1660 2729 Lutheri
1695 2685 2143 2748 nequaquam
2180 2683 2339 2729 esse
2371 2665 2893 2729 comburendos

319 2771 474 2854 ipso
523 2793 667 2835 non
717 2773 959 2836 audito
1011 2777 1124 2836 vel
1178 2772 1784 2856 disputationibus
1834 2775 2186 2837 convict0.

497 2880 1118 2962 Respondendum
1155 2902 1311 2945 cum
1347 2881 1512 2945 divo
1547 2881 1991 2965 Hieronymo
2024 2900 2161 2945 non
2198 2883 2697 2964 requirendam
2734 2900 2893 2945 esse

323 2989 472 3051 eius
533 2990 624 3050 ad
687 2992 1266 3070 respondendum
1327 2989 1797 3071 presentiam,
1860 2990 2057 3052 cuius
2120 2988 2387 3071 scripta
2448 2989 2519 3053 in
2568 2988 2893 3051 manibus

322 3096 774 3167 haberemus:
829 3094 898 3159 in
949 3096 1087 3159 illis
1137 3096 1323 3160 enim
1371 3096 1684 3160 rationes
1733 3098 2001 3160 multae
2049 3096 2297 3159 melius
2361 3105 2433 3158 et
2494 3094 2893 3159 accuratius

323 3201 630 3285 scriptae
678 3214 864 3279 sunt,
913 3224 1122 3285 quam
1170 3204 1400 3286 possit
1450 3205 1606 3285 quis
1653 3204 1821 3267 viva
1868 3224 2047 3267 voce
2096 3202 2389 3266 referre.

497 3311 780 3373 Deinde
829 3312 930 3392 (ut
978 3311 1164 3374 idem
1214 3310 1420 3373 divus
1451 3311 1933 3393 Hieronymus
1981 3311 2103 3392 ait)
2154 3330 2295 3373 non
2347 3330 2639 3375 necesse
2672 3311 2892 3372 habet

323 3418 642 3480 convinci
691 3419 884 3499 quod
933 3416 1061 3481 sua
1109 3420 1344 3482 statim
1393 3418 1845 3501 professione
1894 3430 2003 3482 est
2050 3421 2561 3501 blasphemum.

499 3524 680 3587 Nam
731 3525 924 3606 quod
984 3526 1154 3587 dicit
1202 3528 1488 3589 omnino
1535 3526 1786 3609 ipsum·
1818 3525 2037 3589 fuisse
2086 3526 2543 3607 audiendum,
2593 3525 2893 3607 primum

324 3650 746 3712 quaeramus
793 3651 1033 3695 coram
1083 3634 1338 3714 quibus
1381 3632 1762 3715 judicibus!
1826 3634 2299 3715 theologisne‚
2349 3643 2470 3697 ant
2510 3632 2684 3715 juris
2732 3652 2893 3695 con·

325 3737 561 3801 sultis?
613 3738 876 3801 Eorum
927 3740 1234 3801 omnium
1281 3740 1500 3803 libros
1535 3752 1606 3803 et
1637 3741 1931 3803 damnat
1967 3750 2037 3802 et
2065 3738 2322 3803 adurit.
2376 3740 2891 3821 Philosophos?

326 3845 592 3908 Horum
644 3844 1052 3927 Principem
1087 3848 1546 3910 Aristotelem
1597 3848 1899 3911 bestiam
1948 3848 2119 3911 dicit
2166 3866 2345 3929 esse,
2396 3847 2606 3911 etiam
2656 3846 2725 3909 in
2777 3866 2889 3909 na·

326 3953 668 4015 turalibus
715 3952 1100 4017 indoctum.

499 4060 858 4141 Numquid
927 4072 1389 4143 expectemus
1451 4072 1528 4125 ut
1585 4066 1676 4125 ab
1725 4063 2103 4145 Episcopis
2148 4064 2321 4125 velit
2363 4062 2660 4144 judicari
2710 4060 2893 4125 Mar-

329 4165 552 4228 tinus?
609 4167 713 4229 At
761 4167 1330 4250 suspectissimos
1379 4188 1502 4233 eos
1549 4172 1793 4250 habet,
1844 4180 1917 4233 ut
1968 4190 2263 4251 quorum
2315 4168 2621 4231 omnium
2672 4168 2893 4251 digni-

327 4282 538 4336 tatem
589 4284 660 4336 et
709 4275 1204 4338 auctoritatem
1252 4297 1546 4358 prorsus
1593 4277 1799 4341 tollit.
1879 4278 2057 4340 Nam
2098 4277 2448 4357 Pontifici,
2498 4276 2895 4359 Episcopi3‚

331 4390 398 4442 et
461 4380 974 4445 Sacerdotibus
1040 4384 1311 4446 cunctis
1377 4386 1768 4465 quemlibet
1832 4390 1949 4447 vel
2014 4384 2573 4449 sordidissimum
2640 4386 2893 4449 laicum

331 4490 696 4568 aequalem
748 4508 1198 4571 quacumque
1245 4490 1671 4555 auctoritate
1719 4492 1919 4573 facit,
1986 4503 2057 4555 et
2104 4492 2175 4554 in
2225 4492 2647 4575 sanguinem
2710 4493 2895 4574 ipso·

331 4612 478 4655 rum
537 4598 848 4677 populos
911 4598 1241 4660 concitat.
1336 4598 1494 4661 Non
1556 4599 1656 4662 sic
1714 4608 1954 4662 autem
2002 4600 2209 4661 divus
2258 4600 2739 4682 Hieronymus
2790 4620 2893 4662 or-

334 4700 560 4764 dinem
625 4702 990 4767 Ecclesiae
1056 4704 1445 4791 confundit.
1542 4706 1676 4787 Qui
1748 4716 1997 4769 contra
2058 4706 2509 4786 Jovinianum
2577 4707 2896 4771 scribens

335 4807 428 4869 sic
479 4812 800 4891 preclare
851 4810 976 4873 ait:
1065 4811 1140 4874 Si
1189 4812 1380 4875 tollis
1432 4813 1748 4875 ordinem
1800 4815 2276 4893 tabernaculi,
2341 4815 2605 4897 templi,
2656 4815 2894 4877 Eccle-

335 4914 506 4995 siae,
553 4919 612 4981 si
660 4936 907 4981 omnes
956 4918 1074 5000 qui
1133 4940 1174 4982 a
1233 4921 1510 4983 dextris
1555 4929 1756 5002 sunt,
1823 4940 2083 5003 corpus
2130 4939 2343 4985 unum
2394 4935 2464 4986 et
2526 4927 2629 5010 (ut
2674 4926 2895 5007 vulgo
