3575 5775
1271 586 1768 647 ο·<33818>-ο

259 736 500 803 onibus
545 747 1139 819 componeretur;
1201 757 1388 805 nunc
1449 736 1662 801 video
1730 737 2072 819 quosdam
2118 734 2325 800 huius
2372 734 2537 800 mali
2584 735 2803 801 duces

256 844 412 910 nihil
475 843 664 909 aliud
732 844 961 909 moliri
1018 864 1229 925 quam
1293 864 1530 909 rerum
1593 846 1904 907 omnium
1966 842 2496 915 confusionem:
2560 845 2801 928 itaque

257 952 629 1016 necessitas
696 950 856 1033 ipsa
921 960 1136 1032 coget
1195 962 1271 1017 ut
1339 951 1704 1033 principes
1769 951 2139 1015 seditionis
2186 950 2327 1015 vim
2396 952 2800 1018 cohibeant.

258 1058 378 1123 Hic
449 1060 640 1121 bona
706 1077 872 1139 spes
931 1068 1038 1121 est
1109 1057 1494 1125 Clementis
1565 1059 1788 1123 nostri
1848 1058 2301 1141 prudentiam
2355 1061 2803 1140 provisuram

260 1186 356 1245 ne,
401 1166 592 1247 quod
637 1164 1052 1247 frequenter
1099 1164 1378 1243 accidit,
1429 1165 1594 1229 dum
1643 1166 1762 1229 uni
1816 1167 2000 1229 malo
2048 1165 2438 1229 remedium
2468 1166 2803 1230 admove-

259 1282 378 1353 tur,
425 1272 494 1335 iu
539 1270 734 1337 aliud
783 1271 1203 1337 incurratur.
1278 1271 1434 1339 Scis
1464 1293 1674 1354 quam
1707 1271 1906 1335 multi
1936 1271 2077 1336 sint
2108 1283 2364 1337 natura
2410 1272 2576 1336 mali
2624 1295 2803 1355 quos

261 1378 574 1443 facillime
621 1398 790 1461 spes
839 1380 1152 1461 praedae
1203 1380 1586 1463 pellexerit
1631 1380 1724 1443 ad
1787 1380 2197 1443 struendam
2266 1380 2625 1443 innocenti
2692 1402 2803 1445 ca·

264 1485 607 1566 lumniam,
657 1505 900 1549 rursus
949 1506 1126 1568 quos
1173 1486 1528 1569 privatum
1579 1487 1818 1551 odium
1867 1497 1938 1550 et
1984 1486 2371 1551 ulciscendi
2420 1487 2641 1551 libido
2692 1510 2803 1553 eo-

263 1594 410 1659 dem
455 1594 866 1679 perpulerit.
963 1593 1096 1659 His
1143 1614 1286 1659 non
1334 1604 1441 1657 est
1487 1595 1881 1675 aperienda
1909 1594 2227 1657 fenestra
2258 1594 2428 1657 utin
2476 1594 2807 1659 innoxios

266 1702 386 1765 sub
428 1703 676 1765 umbra
722 1699 1067 1781 pontificii
1115 1700 1418 1765 nominis
1465 1701 1778 1767 insiliant
1822 1701 1895 1763 in
1944 1702 2304 1782 quoslibet
2350 1722 2441 1763 ex
2488 1704 2809 1784 qualibet

268 1807 398 1871 levi
459 1806 893 1890 suspicioue;
957 1828 1118 1873 nam
1186 1828 1272 1873 ea
1332 1828 1448 1873 res
1508 1818 1971 1891 exasperaret
2032 1808 2373 1872 invidiam
2432 1809 2807 1873 Pontificio

267 1914 516 1981 nomini
569 1914 1019 1979 concitatam.
1113 1914 1426 1996 Expedit
1473 1936 1632 1979 esse
1679 1934 1889 1997 quam
1962 1915 2549 1999 gratiosissimum
2618 1918 2810 1999 apud

272 2040 496 2083 omnes
543 2032 614 2083 et
662 2040 794 2084 nos
842 2020 1222 2085 adnitimur
1269 2041 1401 2103 pro
1455 2020 1724 2085 nisibus
1770 2031 1849 2085 ut
1912 2021 2003 2085 sit
2070 2023 2563 2104 plaudibilius;
2636 2023 2809 2087 satis

271 2138 366 2193 est
441 2148 685 2193 eorum
771 2128 892 2209 qui
993 2130 1229 2210 palam
1332 2128 1540 2195 factis
1631 2129 1838 2193 dictis
1929 2150 2013 2193 ac
2106 2130 2389 2213 scriptis
2480 2130 2807 2213 profiten-

269 2243 370 2297 tur
411 2254 566 2299 sese
615 2236 860 2301 hostes
905 2234 1116 2299 Sedis
1163 2235 1541 2301 Romanae
1601 2248 1676 2299 ut
1740 2256 1881 2299 non
1946 2236 2379 2318 impetantur
2435 2238 2551 2299 vel
2615 2237 2807 2301 inno-

271 2350 515 2419 centeS,
563 2342 680 2405 vel
728 2342 912 2409 tales
957 2352 1034 2407 ut
1080 2342 1294 2409 facile
1341 2343 1701 2409 sanabiles
1747 2342 2148 2407 videantur.
2244 2344 2443 2407 Haec
2506 2344 2813 2409 fortasse

270 2446 514 2513 frustra
559 2470 818 2516 moneo
865 2450 975 2515 vir
1023 2450 1320 2527 eximie,
1377 2460 1451 2515 at
1497 2450 1668 2513 mihi
1713 2452 1967 2530 crede,
2018 2471 2156 2513 non
2208 2451 2360 2514 sine
2408 2472 2623 2515 causa
2670 2473 2810 2516 mo-

271 2574 412 2625 neo,
523 2557 838 2621 Praecor
915 2556 1013 2621 R.
1085 2558 1170 2625 D.
1243 2558 1322 2622 T.
1394 2558 1632 2621 omnia
1697 2557 1939 2622 felicia
2006 2558 2439 2641 sospitatore
2509 2558 2811 2623 Christo.

273 2660 580 2729 Basileae
627 2684 666 2743 3
717 2662 876 2727 idus
925 2661 1260 2731 Octobris
1305 2684 1494 2727 anno
1553 2684 1738 2743 15²4·

1463 3109 1588 3174 173

1121 3233 1546 3340 Campegius
1601 3234 1948 3318 Sadoleto.

999 3383 1342 3455 (Nuntiat.
1399 3383 1700 3446 German.
1749 3383 1899 3444 Lm.
1948 3382 2055 3455 23.)

1242 3491 1351 3560 (15.
1392 3494 1610 3546 Octobr.
1659 3496 1831 3560 1524.)

435 3681 450 3697 .
485 3688 500 3706 .
532 3682 547 3699 .
579 3683 598 3699 .
647 3635 742 3702 ΑΙ
789 3644 1128 3716 presente
1175 3653 1361 3716 poco
1407 3635 1594 3699 altro
1655 3633 1749 3698 mi
1814 3653 2105 3697 occorre
2170 3633 2412 3716 degno
2478 3633 2551 3696 di
2612 3633 2815 3700 aviso

280 3742 460 3806 salvo
505 3743 636 3808 che
686 3741 962 3808 bench&
1009 3741 1342 3806 scrivessi
1387 3743 1518 3804 che
1567 3743 1634 3804 le
1681 3761 1851 3804 cose
1918 3739 1990 3803 di
2059 3740 2473 3821 Valtzchut,
2538 3761 2682 3804 una
2745 3741 2815 3804 di

281 3850 494 3927 quelle
554 3857 746 3915 terre
808 3849 880 3914 in
943 3849 1224 3913 Alsatia
1290 3851 1422 3914 che
1489 3851 1744 3914 furono
1811 3847 2252 3912 inobedienti
2314 3848 2435 3912 alli
2500 3848 2814 3910 mandati

281 3954 383 4020 del
424 3955 783 4038 Principe,
829 3955 1122 4021 fusseno
1169 3966 1514 4020 assettate
1559 3955 1824 4038 perche
1873 3959 2019 4018 cosi
2052 3956 2147 4018 da
2178 3953 2393 4037 quelli
2438 3953 2815 4035 regimenti

280 4060 358 4126 de
397 4063 464 4128 la
506 4083 584 4127 se
631 4063 992 4136 scriveva;
1041 4063 1280 4128 niente
1329 4063 1398 4126 di
1446 4083 1654 4126 meno
1700 4063 1965 4144 perche
2008 4063 2075 4124 el
2123 4061 2457 4142 Principe
2506 4059 2565 4124 si
2611 4059 2811 4123 riser-

283 4185 450 4234 vava
493 4172 584 4238 da
629 4170 888 4254 punire
933 4191 978 4234 a
1024 4189 1150 4234 suo
1181 4169 1476 4234 arbitrio
1511 4171 1744 4233 alcuni
1775 4169 1937 4250 capi
1986 4169 2140 4232 loro
2171 4177 2243 4231 et
2274 4169 2428 4231 loro
2460 4168 2813 4230 volevano

283 4271 606 4357 integram
673 4289 744 4344 et
809 4279 1096 4359 plenam
1155 4276 1702 4359 indulgentiam;
1773 4275 2061 4339 sendosi
2122 4276 2397 4337 intanto
2452 4273 2522 4337 in
2583 4275 2817 4337 alcuni

287 4385 538 4448 castelli
583 4387 676 4452 de
725 4385 774 4450 li
827 4383 1021 4452 conti
1083 4385 1174 4452 de
1237 4385 1561 4468 Bupsfen
1615 4383 1799 4448 fatto
1862 4392 2061 4445 certo
2122 4384 2421 4444 tumulto
2488 4381 2558 4443 in
2621 4390 2819 4445 certo

285 4507 394 4556 suo
437 4492 742 4574 luogho,
805 4491 866 4559 si
925 4512 1104 4555 sono
1165 4491 1458 4554 adunati
1505 4492 1602 4558 da
1651 4509 1824 4553 2000
1872 4500 1945 4553 et
1990 4487 2352 4552 fortificati
2401 4496 2472 4550 et
2521 4489 2587 4550 el
2636 4489 2821 4551 duca

285 4594 366 4662 de
409 4597 906 4680 Virtembrega
951 4598 1343 4664 fuoruscito
1389 4596 1536 4661 tien
1583 4597 1910 4680 pratiche
1970 4615 2106 4662 con
2171 4595 2311 4660 essi
2376 4605 2448 4660 et
2506 4597 2820 4658 anchora

284 4701 364 4768 ha
403 4708 694 4786 qualche
741 4725 884 4770 uno
931 4708 1048 4770 nel
1097 4707 1358 4769 ducato
1406 4707 1539 4769 che
1588 4706 1732 4768 tien
1781 4706 1851 4768 le
1898 4704 2086 4786 parti
2136 4723 2291 4774 sue:
2343 4703 2569 4784 perho
2620 4704 2819 4766 detta

289 4813 644 4878 concordia
689 4824 762 4878 et
811 4813 1057 4877 effetto
1106 4834 1248 4878 non
1297 4815 1336 4876 ὲ
1383 4812 1665 4894 seguito
1717 4821 1788 4875 et
1836 4821 2087 4893 questo
2137 4810 2589 4874 serenissimo
2623 4811 2817 4873 Prin-

291 4915 428 4997 cipe
473 4920 510 4983 ἐ
553 4931 945 4986 constretto
993 4941 1130 4984 con
1177 4919 1508 5004 maggior
1555 4919 1790 4983 sforzo
1839 4918 2204 5001 castigarli
2265 4919 2356 4982 de
2412 4919 2483 4982 la
2542 4919 2818 4982 rebelli-
