3575 5775
1415 553 1715 608 ζμ<ἷ3267
1795 551 1910 606 ΞΗ)

377 707 570 777 rat0‚
636 707 707 760 et
752 697 823 760 in
888 717 1049 760 essa
1106 717 1183 760 se
1233 696 1481 760 satisfa
1532 719 1571 759 e
1617 698 1833 760 lauda
1879 699 1948 760 la
1995 696 2494 760 conservation
2555 696 2672 758 del
2718 697 2948 758 honor

382 805 549 867 dela
596 802 789 867 Sede
839 803 1263 885 Apostolica
1324 805 1759 886 reguardata
1827 807 1917 868 da
1979 803 2099 867 vui
2163 814 2235 866 et
2290 805 2360 866 la
2406 804 2758 885 prudente
2807 823 2945 864 ma·

376 909 579 974 niera
625 931 757 974 con
806 912 879 974 la
925 912 1137 992 quale
1183 911 1443 974 havete
1489 911 1561 975 in
1612 920 1795 975 tutto
1844 912 2260 994 procedutO.

561 1018 702 1080 Del
750 1026 995 1081 vostro
1043 1017 1313 1080 ritorno
1362 1017 1591 1080 farete
1642 1039 1844 1082 come
1895 1018 2068 1099 dite,
2130 1020 2465 1080 lassando
2516 1021 2698 1080 cossi
2763 1018 2948 1080 dove

376 1124 787 1206 bisognassi
849 1127 1044 1188 bono
1103 1126 1351 1189 ordine
1414 1135 1486 1188 et
1549 1128 1882 1189 havendo
1944 1125 2345 1189 avertentia
2392 1145 2594 1188 como
2643 1124 2713 1187 vi
2761 1145 2944 1188 com-

377 1232 653 1295 metteti
702 1253 744 1294 a
792 1232 1067 1296 camino
1118 1252 1249 1314 per
1297 1232 1345 1294 il
1394 1235 1600 1296 caldo
1651 1243 1721 1295 et
1769 1253 1900 1315 per
1948 1235 2014 1296 le
2062 1232 2206 1314 vie,
2259 1244 2330 1295 et
2377 1234 2494 1295 nel
2541 1231 2766 1314 partir
2814 1233 2946 1296 che

376 1339 608 1402 farete
659 1340 849 1402 dalla
898 1339 1210 1403 Cesarea
1256 1339 1535 1403 Maesta
1585 1350 1657 1402 et
1704 1341 1799 1402 da
1845 1340 2009 1421 quei
2059 1338 2349 1422 Signori
2378 1340 2562 1420 tutti,
2611 1359 2700 1402 ve
2733 1339 2946 1401 ricor-

378 1447 629 1510 darete
676 1446 788 1509 far
836 1448 1074 1528 quello
1125 1445 1364 1510 officio
1412 1467 1543 1530 per
1592 1447 1711 1510 noi
1761 1449 1892 1510 che
1929 1447 2274 1510 conviene
2325 1448 2466 1509 alla
2514 1446 2776 1510 servitu
2828 1449 2946 1508 ha-

378 1575 589 1617 vemo
638 1573 771 1616 con
822 1555 1061 1636 quella
1110 1564 1181 1617 et
1228 1555 1343 1618 all’
1394 1575 1638 1618 amore
1685 1555 2049 1636 singulare
2107 1555 2238 1618 che
2287 1564 2614 1636 portamo
2677 1574 2718 1615 a
2765 1561 2946 1615 tutte

376 1663 489 1723 lor
538 1661 874 1743 signorie.

560 1769 759 1830 Bene
808 1771 1049 1832 valeat
1096 1769 1177 1832 P.
1225 1769 1315 1832 V.
1409 1769 1819 1833 Florentiae
1866 1769 2053 1832 XIV
2100 1767 2266 1848 Julii
2314 1767 2679 1832 MDXXI.

1452 1975 1460 1981 -
1475 1975 1488 1985 *x
1512 1977 1545 1985 Λ
1558 1975 1707 1986 «sm-x·-
1715 1975 1830 1986 Μῶφι·
1846 1975 1864 1986 κ

1592 2206 1715 2270 107

1034 2330 1359 2432 Archiep.
1416 2332 1888 2434 Moguntinus
1942 2332 2157 2412 Leoni
2213 2331 2298 2414 X.

1281 2471 1453 2542 (Acta
1489 2469 1761 2529 wormac.
1797 2469 1888 2530 fol.
1925 2471 2054 2541 181.)

1215 2582 1391 2648 (Circa
1446 2581 1675 2630 medium
1728 2581 1864 2646 Julii
1931 2579 2106 2648 1521.)

558 2724 699 2786 Bm
744 2723 983 2788 Pater.
1079 2723 1255 2786 Cum
1317 2743 1543 2805 usque
1604 2726 1785 2787 adeo
1846 2735 2301 2807 augmentum
2369 2734 2598 2788 sumat
2655 2725 2724 2788 in
2798 2725 2951 2787 dies

380 2831 612 2914 magis
660 2840 877 2913 atque
924 2829 1155 2913 magis
1204 2831 1604 2895 lutheriana
1653 2832 1869 2895 factio
1919 2832 2019 2895 ita
2068 2843 2142 2895 ut
2191 2852 2333 2895 non
2359 2831 2686 2895 videatur
2720 2833 2946 2895 celan-

383 2940 546 3001 dum
597 2938 1125 3002 Beatitudinem
1173 2948 1482 3002 vestram
1532 2960 1621 3003 ne
1670 2940 1842 3021 quid
1874 2938 2202 3001 acerbius
2247 2938 2638 3021 contingat,
2690 2940 2952 3001 devota

386 3056 713 3107 creatura
762 3044 1182 3107 Sanctitatis
1252 3058 1537 3108 vestrae
1588 3046 1932 3107 Albertus
2000 3056 2132 3109 ete.
2186 3045 2582 3108 Cardinalis
2653 3046 2948 3127 Magun-

382 3151 570 3214 tinus
643 3151 765 3234 qui
828 3151 1115 3233 publice
1166 3151 1659 3234 tranquillitati
1710 3152 2195 3233 maximopere
2253 3155 2648 3215 consultum
2700 3153 2784 3215 iri
2834 3154 2949 3214 de-

383 3258 647 3321 siderat
722 3268 891 3341 post
966 3261 1300 3323 devotam
1368 3260 1751 3323 Beatorum
1801 3260 2061 3342 pedum
2138 3259 2598 3322 beatitudinis
2665 3270 2948 3322 vestrae

386 3365 991 3429 exosculationem
1040 3386 1124 3428 ac
1173 3366 1631 3429 humillimam
1666 3366 1889 3448 ipsius
1924 3366 2536 3430 comendationem
2571 3365 2950 3430 Sanctitati

384 3482 671 3536 vestrae
720 3494 852 3555 per
900 3494 1011 3535 me
1045 3473 1501 3536 Valentinum
1546 3486 2082 3555 procuratorem
2113 3495 2312 3537 suum
2348 3474 2803 3556 infrascripta
2836 3496 2950 3537 ex-

385 3581 715 3661 ponenda
763 3580 1131 3645 commisit.

559 3687 994 3750 Lutheriana
1042 3687 1446 3769 perniciosa
1479 3687 1758 3750 novitas
1789 3688 2187 3751 huiusmodi
2229 3691 2682 3771 tranquillum
2713 3690 2949 3752 Eccle-

386 3794 533 3857 siae
591 3803 851 3857 statum
914 3793 1252 3858 maiorem
1314 3794 1385 3855 in
1447 3796 1727 3857 modum
1776 3795 2091 3857 turbavit
2148 3815 2232 3857 ac
2280 3800 2520 3859 turbat
2569 3808 2710 3860 tam
2760 3799 2950 3879 apud

392 3898 714 3964 Saxones
792 3921 921 3964 ceu
1001 3901 1181 3964 fonti
1266 3900 1645 3964 viciniores
1720 3922 1928 3982 quam
2009 3902 2180 3965 alibi
2266 3923 2398 3984 per
2467 3902 2949 3977 Germaniam:

391 4009 801 4088 nepharium
881 4008 1216 4071 novitatis
1288 4009 1591 4070 studium
1661 4008 1984 4089 plerique
2053 4010 2550 4090 praeseferunt
2597 4010 2952 4091 intrepide

390 4114 645 4195 ubique
694 4117 1013 4177 locorum
1061 4114 1480 4177 seditionem
1531 4127 1601 4177 et
1650 4115 2253 4196 conspirationem
2303 4116 2751 4197 meditantur,
2800 4137 2951 4181 ver-

390 4220 496 4283 bis
542 4220 1011 4285 licentissimis
1059 4221 1456 4283 maledictis
1503 4222 1867 4285 incessunt
1898 4221 2360 4285 Sanctitatem
2411 4234 2720 4286 vestram
2770 4245 2951 4288 cum-

392 4326 627 4407 primis
696 4329 932 4391 dictae
1001 4338 1371 4391 creaturae
1431 4338 1713 4391 vestrae
1793 4328 1863 4391 in
1922 4330 2448 4411 supprimendis
2515 4330 2952 4396 novitatibus

395 4446 713 4498 conatum
794 4445 1286 4514 contemnunt,
1376 4436 1871 4517 imprimuntur
1957 4438 2304 4519 epistolae
2376 4438 2952 4522 Wittembergae

396 4552 635 4605 contra
684 4545 985 4606 eandem
1032 4542 1413 4621 invective,
1463 4553 1832 4625 totumque
1881 4546 2143 4606 clerum
2194 4545 2464 4607 habent
2509 4546 2838 4610 ludibrio.

566 4648 964 4731 Principes,
1014 4650 1361 4729 ComiteS,
1424 4670 1761 4731 proceres
1825 4659 1897 4713 et
1944 4651 2400 4733 magistratus
2449 4653 2726 4715 urbium
2777 4652 2950 4717 Ger-

398 4755 661 4818 maniae
711 4766 783 4818 et
830 4756 887 4819 si
937 4776 1176 4819 coram
1224 4759 1653 4838 pretendant
1686 4757 2036 4821 catholice
2085 4758 2375 4821 unitatis
2424 4780 2736 4822 amorem
2785 4762 2946 4823 emi-

400 4880 525 4923 nus
546 4871 779 4927 tamen
804 4863 1097 4927 mirifice
1124 4864 1558 4927 novitatibus
1592 4865 1878 4927 student
1903 4864 2387 4948 instigantque
2419 4877 2670 4949 suapte
2698 4878 2952 4949 sponte
