3575 5775
1697 565 2192 621 t>-d.3l¹1=2{}‘2-<³

667 709 788 770 :he
824 709 1174 770 stantibus
1199 711 1435 790 rebus,
1469 720 1545 772 ut
1569 712 1909 793 scriptum
1946 723 2074 792 est,
2110 713 2581 776 l’adversario
2612 714 2917 774 havesse
2944 712 3229 794 miglior

662 836 911 896 causa,
984 825 1220 878 tamen
1288 818 1400 879 chi
1463 822 1587 902 pol
1653 830 1959 883 mostrar
2016 821 2315 902 ragione
2364 841 2407 883 a
2472 830 2849 902 questore,
2922 821 2970 883 li
3038 820 3232 900 quali

662 923 717 984 si
767 945 844 985 se
910 927 1430 1006 gobernassero
1495 947 1625 1008 per
1674 928 1973 1008 ragione
2022 949 2163 991 non
2229 928 2627 992 sarebbeno
2693 929 2763 990 lo
2811 930 2942 990 che
3008 927 3230 990 fanno

659 1031 730 1092 in
803 1052 1018 1094 causa
1079 1032 1416 1095 Martini?
1525 1033 1680 1111 Ma...
1761 1046 1959 1098 certo
2041 1057 2175 1118 per
2242 1046 2495 1116 questa
2564 1034 3089 1117 gratificatione
3160 1043 3234 1096 et

661 1140 850 1201 dono
913 1139 983 1200 di
1046 1139 1308 1202 Nostro
1372 1139 1714 1222 signore,
1791 1163 1968 1206 sono
2044 1141 2291 1205 evit-ati
2353 1143 2611 1224 grandi
2674 1142 3024 1221 scandali,
3096 1143 3235 1204 che

661 1267 878 1308 erano
927 1267 1057 1328 per
1091 1248 1359 1328 venire,
1410 1269 1551 1310 non
1593 1252 1820 1311 solum
1870 1252 2013 1312 alla
2051 1271 2221 1314 cosa
2254 1249 2660 1313 universale
2710 1251 2841 1312 che
2872 1257 3233 1327 trattamO,

660 1355 848 1416 nella
897 1357 1060 1434 qual
1115 1355 1548 1418 Armestorff
1607 1377 1738 1437 per
1786 1357 1975 1419 mille
2026 1357 2186 1437 capi
2234 1357 2297 1418 ci
2342 1367 2516 1438 pote
2564 1355 2878 1437 adiutar,
2952 1377 3065 1418 ma
3110 1375 3233 1416 an—

660 1481 830 1523 cora
876 1461 1504 1542 particularmente
1553 1473 1802 1526 contra
1850 1463 2077 1543 Abel,
2126 1466 2260 1528 che
2310 1463 2748 1528 Armestorff
2787 1459 3035 1525 havea'
3068 1482 3233 1524 con-

660 1570 859 1630 cluso
905 1589 1038 1631 con
1073 1569 1343 1630 Hutten
1394 1572 1670 1651 grande
1721 1592 1849 1633 suo
1898 1571 2124 1654 amico
2176 1581 2246 1633 et
2292 1581 2593 1654 parente
2642 1572 2714 1633 di
2762 1570 3026 1653 pigliar
3058 1569 3235 1651 ogni

659 1696 848 1737 anno
893 1675 943 1738 li
989 1675 1189 1738 frutti
1239 1678 1327 1738 de
1375 1677 1539 1739 tutti
1587 1678 1638 1740 li
1686 1677 2016 1740 beneficii
2068 1680 2156 1740 de
2204 1679 2393 1742 Abel
2461 1689 2533 1742 et
2580 1678 2903 1741 brusciar
2948 1678 3016 1740 16
3066 1697 3237 1739 case

661 1791 731 1844 et
792 1781 1106 1864 pigliarli
1154 1784 1504 1864 censuali,
1579 1794 1650 1847 et
1699 1786 1887 1851 mille
1956 1786 2135 1848 altre
2184 1786 2564 1866 enormita,
2635 1786 2703 1848 le
2771 1785 2963 1867 quali
3012 1805 3239 1846 ancor

661 1893 792 1952 che
861 1911 1002 1952 non
1072 1893 1285 1954 credo
1351 1893 1424 1954 in
1473 1901 1693 1974 tutto,
1765 1913 1901 1975 pur
1967 1893 2037 1955 di
2086 1913 2216 1956 sua
2280 1897 2506 1958 bocca
2572 1896 2801 1956 melo
2866 1895 2959 1955 ha
3008 1893 3239 1972 detto,

660 1997 1158 2079 subiungendo
1207 2001 1340 2062 che
1389 2000 1455 2062 al
1505 2011 1841 2081 presente
1892 2009 2145 2082 questo
2196 2001 2235 2063 ὲ
2283 2001 2493 2064 facile
2543 2023 2589 2063 a
2633 2000 2780 2076 far,
2848 1999 3111 2083 perche
3165 2000 3239 2060 la

663 2104 1046 2170 Germania
1095 2109 1272 2169 hora
1319 2107 1455 2169 mai
1506 2128 1648 2169 non
1689 2117 1876 2170 teme
1918 2107 2039 2189 piu
2076 2107 2784 2171 excommunicationi
2828 2130 2869 2169 o
2902 2125 3237 2168 censure:

659 2214 752 2276 Di
782 2253 789 2278 .
819 2235 979 2276 esso
1034 2214 1466 2278 Armestorff
1523 2237 1663 2278 non
1731 2217 1825 2278 mi
1873 2237 2089 2297 posso
2156 2218 2551 2298 persuader
2616 2226 2817 2278 tanto
2866 2216 3048 2277 male
3099 2235 3239 2295 per

661 2343 899 2384 essere
949 2322 1044 2383 lui
1094 2323 1308 2384 homo
1355 2323 1850 2404 ragionevole,
1900 2345 2119 2386 ancor
2166 2327 2298 2386 che
2347 2323 2641 2386 cervicis
2691 2325 2943 2404 durae,
2994 2342 3107 2384 ma
3161 2321 3239 2382 di

661 2430 898 2508 quello
947 2429 1164 2510 impio
1216 2429 1494 2491 ribaldo
1544 2431 1614 2491 di
1646 2431 1915 2493 Hutten
1964 2452 2055 2494 ne
2104 2431 2317 2493 credo
2368 2432 2587 2493 molto
2616 2429 2911 2511 peggiO,
2960 2430 3024 2491 el
3062 2431 3236 2510 qual

660 2539 753 2598 ha
817 2536 1063 2598 scritto
1134 2537 1201 2598 al
1249 2537 1887 2600 Reverendissimo
1938 2538 2314 2600 Cardinale
2364 2536 2789 2618 Moguntino
2858 2537 2989 2600 che
3054 2558 3133 2599 se
3189 2536 3237 2597 li

661 2643 1120 2705 abbrusciara
1167 2643 1322 2706 suoi
1371 2644 1558 2720 libri,¹
1606 2643 1702 2706 lui
1749 2645 2057 2708 vicissim
2108 2645 2155 2706 11
2204 2643 2667 2707 abbrusciara
2715 2645 2765 2706 11
2808 2642 3107 2723 castelli,
3163 2655 3240 2705 et

659 2749 866 2823 ville3
917 2752 1041 2813 sed
1093 2751 1183 2813 de
1231 2753 1364 2813 hac
1412 2773 1491 2815 re
1537 2755 1700 2834 plus
1748 2754 1941 2816 satiS.

839 2857 1106 2921 Vostra
1154 2857 1488 2942 Signoria
1537 2859 2176 2925 Reverendissi'ma
2242 2861 2335 2923 mi
2401 2861 2821 2925 commanda
2886 2860 3019 2921 che
3084 2879 3236 2921 non

657 2966 865 3047 piglii
931 2970 1076 3029 cosi
1128 2967 1298 3049 ogni
1364 2978 1568 3050 gutta
1637 2970 1707 3031 in
1757 2970 2059 3032 mandar
2122 2979 2375 3051 queste
2442 2969 2764 3051 querele;
2840 2966 3239 3047 regratiola

659 3075 844 3137 assai
894 3074 1014 3137 del
1061 3094 1188 3137 suo
1236 3075 1740 3140 humanissimo
1804 3086 2165 3158 precetto,
2238 3098 2351 3139 ma
2399 3076 2580 3157 sapii
2630 3075 2868 3157 quella
2917 3076 3046 3135 che
3094 3094 3241 3155 per

657 3182 728 3242 la
773 3180 1231 3262 importantia
1279 3184 1470 3245 della
1515 3204 1732 3246 causa
1779 3192 2026 3246 nostra
2074 3204 2203 3246 son
2252 3192 2646 3245 constretto
2696 3204 2739 3244 a
2769 3181 3239 3261 farlo,·come

660 3289 724 3349 el
772 3288 1036 3368 Signor
1068 3288 1468 3371 Carazzolo,
1518 3301 1589 3353 et
1637 3310 1907 3354 messer
1954 3292 2334 3372 Raphaele
2383 3292 2453 3353 lo
2502 3310 2814 3371 possono
2864 3287 3237 3371 testificar,

659 3416 814 3457 cum
881 3397 948 3457 el
998 3396 1294 3458 consilio
1346 3398 1453 3458 de'
1506 3398 1694 3479 quali
1743 3418 1877 3479 per
1926 3397 2278 3461 necessita
2334 3398 2523 3459 della
2570 3417 2739 3459 cosa
2786 3398 2953 3459 holo
3000 3394 3237 3469 fatto;

659 3504 790 3563 che
853 3523 932 3565 se
979 3502 1246 3565 Vestra
1293 3504 1630 3585 Signoria
1676 3506 2315 3567 Reverendissima
2360 3506 2663 3567 vedesse
2721 3505 2791 3565 la
2836 3503 3241 3565 centesima

659 3620 863 3691 parte
931 3612 1121 3673 della
1187 3594 1664 3675 concitatione
1732 3613 1803 3675 di
1852 3614 2239 3677 Germania
2302 3613 2509 3675 aliter
2576 3610 2889 3674 sentiret.
2984 3610 3063 3671 Io
3132 3611 3237 3673 ho

657 3719 832 3780 letto
899 3718 1082 3781 assai
1149 3721 1332 3783 bene
1400 3723 1466 3783 16
1513 3722 1809 3784 historie
1874 3722 2247 3803 di·questa
2298 3720 2601 3783 Natione
2670 3730 2741 3781 et
2804 3717 3085 3780 heresie
3159 3729 3242 3780 et

659 3825 967 3903 concilii,
1019 3836 1088 3888 et
1137 3828 1532 3901 schismati;
1583 3829 1722 3891 mai
1767 3828 1845 3891 fu
1894 3830 2076 3892 simil
2126 3849 2311 3891 cosa.
2408 3828 2490 3889 El
2542 3825 2863 3889 Schisma
2914 3825 2983 3887 di
3034 3825 3235 3887 Hen-

659 3933 803 3995 rico
854 3943 1102 3997 contra
1133 3935 1336 4017 Papa
1367 3935 1723 4018 Gregorio
1757 3935 2078 4019 Septimo
2129 3937 2260 3998 che
2310 3933 2727 3998 commincio
2776 3932 2897 4014 qui
2943 3932 3013 3994 in
3046 3932 3236 3995 Vor-

659 4042 874 4104 matia
923 4052 1150 4105 matre
1199 4044 1384 4105 delle
1433 4044 1786 4107 discordie
1836 4043 2211 4124 presertim
2261 4052 2511 4105 contra
2557 4042 2861 4120 clerum,
2908 4039 2986 4101 fu
3032 4039 3241 4103 viole

660 4159 730 4211 et
777 4170 980 4223 rose;
1028 4150 1290 4231 perche
1342 4150 1543 4230 quasi
1593 4161 1773 4213 tutta
1821 4153 1891 4213 la
1922 4150 2305 4213 Germania
2356 4158 2427 4211 et
2475 4150 2521 4211 11
2568 4147 2713 4211 filio
2764 4146 2837 4209 di
2884 4166 3044 4209 esso
3095 4146 3237 4210 Irn-

659 4265 994 4337 peratore
1043 4278 1260 4319 erano
1329 4278 1457 4337 per
1505 4257 1555 4318 il
1605 4258 1968 4321 Pontifice.
2066 4258 2163 4319 Al
2208 4265 2545 4337 presente
2596 4274 2737 4317 non
2785 4253 2931 4315 scio
2982 4253 3093 4315 chi
3148 4254 3240 4316 sii

663 4384 793 4443 per
842 4364 980 4441 noi,
1031 4384 1110 4427 se
1156 4383 1295 4426 non
1329 4364 1568 4443 Cesar,
1617 4364 1666 4425 il
1714 4366 1876 4445 qual
1931 4365 2211 4445 perche,
2262 4386 2337 4425 se
2389 4385 2429 4425 o
2476 4382 2605 4443 per
2652 4371 2841 4423 terna
2890 4361 2959 4422 di
2992 4361 3239 4441 questi

661 4467 929 4551 populi,
979 4492 1020 4532 o
1069 4491 1202 4551 per
1247 4470 1544 4532 consilio
1591 4472 1777 4533 malo
1830 4471 1899 4532 di
1949 4472 2102 4533 suoi
2151 4491 2293 4532 non
2342 4471 2378 4531 ὲ
2429 4470 2746 4548 sedottO,
2797 4466 2961 4530 sara
3008 4488 3239 4530 ancor

661 4581 802 4641 ben
851 4577 1035 4639 assai
1085 4580 1216 4641 che
1265 4578 1346 4639 sii
1396 4598 1529 4640 con
1581 4578 1718 4640 noi.
1816 4580 1950 4640 Del
1998 4589 2189 4639 resto
2240 4585 2421 4640 tutto
2476 4576 2518 4637 '1
2567 4576 2830 4638 mundo
2890 4576 2926 4637 ὁ
2976 4584 3237 4638 contra

663 4685 800 4763 noi,
851 4696 920 4747 et
970 4704 1144 4747 sono
1196 4686 1426 4765 questi
1476 4686 1633 4748 cani
1680 4685 1909 4749 rabidi
1962 4684 2210 4747 armati
2262 4685 2333 4746 di
2381 4687 2591 4747 lettre
2642 4693 2712 4745 et
2761 4682 2831 4743 di
2882 4701 3092 4762 arme,
3159 4694 3241 4745 et

659 4796 799 4853 ben
851 4792 907 4853 si
958 4812 1180 4853 sanno
1229 4792 1530 4873 gloriar,
1581 4796 1708 4856 che
1759 4814 1901 4855 non
1952 4813 2127 4855 sono
2176 4792 2299 4873 piu
2347 4792 2575 4854 bestie
2626 4810 2837 4853 senza
2884 4789 3235 4871 ingegn0‚

661 4920 860 4961 come
936 4899 982 4961 li
1051 4900 1204 4962 loro
1270 4901 1656 4983 maggiori,
1740 4902 1873 4963 che
1938 4897 2217 4962 l’ltalia
2279 4901 2374 4961 ha
2437 4918 2649 4979 perso
2718 4899 2783 4959 le
2844 4899 3083 4976 lettre,
3160 4909 3237 4960 et
