3575 5775
1287 575 1402 628 043
1487 576 1588 629 143
1663 572 1780 628 &0

289 720 452 801 quod
513 718 744 782 Tibris
813 718 1111 782 defluxit
1175 719 1246 783 in
1295 721 1668 800 Rhenum,
1743 721 1978 782 donde
2046 740 2221 782 sono
2286 718 2445 780 fatti
2511 718 2631 800 piu
2698 719 2815 780 del

287 831 465 890 solito
511 833 562 890 si
611 827 904 909 superbi
955 836 1026 889 et
1073 827 1404 891 insolenti
1455 831 1588 891 che
1635 828 1857 891 fanno
1907 830 1974 891 10
2026 829 2155 890 01ιο
2204 828 2263 888 si
2312 827 2515 888 vede.

469 933 942 998 Illustrissime
976 935 1282 998 Domine
1315 935 1652 1018 scriptum
1691 947 1831 1000 est:
1883 936 2121 999 anima
2150 955 2335 1016 quae
2382 935 2814 1016 peccaverit,

285 1044 417 1124 ipsa
475 1043 830 1106 morietur.
926 1043 1176 1123 Questi
1223 1044 1448 1107 nostri
1495 1045 1903 1107 Thodeschi
1970 1045 2101 1106 che
2164 1053 2415 1106 stanno
2466 1064 2507 1104 a
2554 1043 2813 1121 Roma,

283 1171 473 1213 ancor
537 1155 666 1216 che
731 1152 912 1214 siino
969 1151 1106 1214 mei
1163 1151 1562 1214 honorandi
1629 1150 1983 1234 maggiori
2046 1160 2117 1214 et
2182 1149 2425 1228 amici,
2488 1169 2623 1230 pur
2684 1170 2815 1230 per

284 1259 448 1320 l’util
479 1259 763 1339 publico
793 1281 923 1322 500
956 1269 1345 1323 constretto
1395 1259 1667 1322 scriver
1714 1260 1782 1320 10
1833 1261 1964 1322 che
2014 1259 2134 1340 qui
2180 1257 2445 1340 passim
2480 1267 2813 1338 questoro

283 1365 580 1446 eridano,
644 1367 776 1430 che
839 1387 1016 1430 sono
1077 1370 1231 1429 loro
1293 1366 1662 1448 potissima
1711 1387 1927 1430 causa
1975 1365 2045 1427 di
2096 1373 2347 1446 questo
2394 1364 2693 1426 tumulto
2746 1375 2815 1424 et

283 1473 456 1552 quasi
510 1474 900 1537 rebellione
965 1475 1036 1537 di
1087 1473 1490 1537 Germania.
1587 1474 1774 1536 Pero
1838 1493 1979 1536 non
2030 1475 2361 1535 debbeno
2422 1491 2619 1534 esser
2667 1471 2814 1532 cosi

283 1581 380 1641 del
407 1589 580 1644 tutto
613 1582 948 1644 renitenti
981 1583 1072 1644 ad
1105 1581 1383 1644 adiutar
1431 1580 1500 1644 in
1543 1591 1748 1662 parte
1798 1589 1868 1643 et
1918 1600 2341 1644 concorrere
2386 1580 2531 1640 alla
2576 1577 2811 1659 pacifi-

280 1687 531 1750 catione
594 1689 665 1750 di
727 1698 929 1751 tanto
992 1689 1332 1770 peri0010.
1457 1687 1614 1750 Non
1678 1689 1772 1751 mi
1840 1689 2237 1752 extendero
2301 1709 2343 1749 a
2402 1686 2813 1767 particulari

285 1795 530 1856 mottivi
578 1807 650 1858 et
695 1796 1024 1878 exempii,
1077 1798 1208 1858 che
1258 1801 1402 1859 0051
1453 1796 1492 1859 ὲ
1541 1819 1741 1860 come
1799 1797 1847 1859 li
1896 1795 2228 1859 Alemani
2277 1794 2335 1858 si
2384 1797 2809 1858 lamentanO.

286 1901 388 1964 Ma
433 1923 505 1964 re
553 1924 723 1966 vera
786 1912 966 1965 tutte
1033 1915 1284 1985 questo
1353 1904 1839 1987 derogationi,
1902 1904 2419 1986 sui-rogationi,
2486 1901 2815 2000 ingressi,

280 2010 588 2090 regressi,
641 2031 959 2088 reserve,
1011 2012 1228 2090 cessi,
1280 2013 1582 2092 accessi,
1635 2013 1893 2092 affetti,
1948 2011 2277 2090 confetti,
2328 2023 2525 2085 certo
2576 2011 2809 2088 mod0,

279 2115 530 2197 unioni,
596 2119 644 2180 li
696 2117 1080 2199 cinquanta
1127 2117 1455 2180 beneficii
1503 2141 1635 2200 per
1683 2141 1863 2199 uno,
1924 2130 1998 2182 et
2046 2119 2269 2181 simile
2321 2118 2633 2198 novelle,
2683 2138 2811 2198 per

279 2225 510 2303 lequali
575 2229 642 2288 la
710 2224 1100 2289 Germania
1175 2228 1434 2306 stride,
1507 2247 1636 2290 son
1706 2235 1889 2288 tutte
1960 2247 2126 2288 cose
2198 2225 2576 2307 impetrate
2643 2225 2810 2287 dalli

279 2330 519 2411 proprii
565 2333 968 2396 Thedeschi
1017 2333 1089 2394 di
1137 2333 1378 2396 Roma
1424 2353 1555 2414 per
1603 2355 1713 2413 se,
1765 2357 1806 2396 0
1855 2354 1985 2414 per
2032 2332 2321 2414 meggio
2373 2332 2443 2394 di
2492 2333 2643 2395 suoi
2691 2353 2811 2414 pa-

279 2439 470 2512 troni;
518 2439 633 2501 del
683 2441 816 2502 che
863 2439 984 2520 poi
1034 2441 1101 2502 el
1143 2439 1606 2504 Sanctissimo
1655 2451 1730 2504 et
1775 2451 1959 2502 tutta
2006 2442 2075 2502 la
2124 2440 2366 2503 chiesa
2412 2440 2486 2502 di
2532 2441 2673 2503 Dio
2721 2461 2811 2507 ne

281 2545 522 2624 patisce
567 2557 638 2610 et
684 2551 910 2628 perho
960 2549 1288 2631 supplico
1338 2551 1470 2611 che
1515 2569 1596 2611 se
1644 2549 2099 2630 restringano
2148 2547 2215 2610 in
2267 2567 2491 2630 pocco
2514 2597 2533 2628 ,
2576 2556 2663 2611 ·et
2709 2559 2809 2610 to·

281 2651 477 2714 lerino
523 2656 860 2735 alquanto
927 2654 1022 2716 fin
1091 2656 1371 2718 almeno
1436 2657 1568 2719 che
1631 2667 1883 2737 questa
1945 2664 2297 2736 tempesta
2348 2675 2580 2736 passa.
2674 2655 2809 2717 Noi

281 2758 381 2837 qui
425 2768 677 2840 quanto
726 2772 1018 2841 potemo
1071 2762 1117 2824 li
1169 2763 1660 2842 defendiamo,
1723 2783 1837 2825 ma
1885 2783 2027 2825 non
2078 2763 2115 2824 ὲ
2163 2762 2507 2842 possibile
2554 2783 2599 2824 a
2644 2763 2809 2825 resi—

279 2873 460 2947 stere,
504 2869 737 2933 vorrei
789 2871 924 2932 che
969 2869 1018 2933 li
1067 2868 1378 2951 predetti
1429 2869 1720 2953 Signori
1754 2869 2159 2933 Thedeschi
2210 2868 2605 2951 cortegiani
2656 2890 2806 2931 sen-

278 2970 498 3036 tissero
532 2977 754 3057 quelli
785 2977 1058 3056 ululati,
1107 2979 1344 3058 quelle
1369 2978 1592 3043 strida
1641 2987 1710 3041 et
1757 2978 2079 3040 minacce
2129 2978 2259 3040 che
2306 2977 2526 3040 fanno
2576 2978 2805 3059 questi

281 3078 560 3163 ¹Principi
621 3092 694 3145 et
757 3083 986 3164 conti,
1053 3095 1124 3146 et
1190 3086 1490 3167 parlano
1559 3086 1630 3147 di
1697 3086 1853 3147 loro
1915 3083 2325 3146 nominatim
2376 3103 2541 3145 cose
2608 3083 2781 3165 igno

283 3185 766 3264 miniosissirne;
830 3189 1042 3271 forsi,
1105 3190 1281 3254 forsi
1345 3193 1475 3254 che
1540 3195 1943 3255 sarebbeno
2014 3190 2332 3254 contenti
2396 3194 2622 3253 lassat
2670 3210 2809 3253 una

279 3293 482 3356 buona
531 3306 738 3377 parte
787 3298 909 3360 del
955 3299 1294 3361 mantello
1343 3319 1473 3380 per
1520 3300 1931 3381 pacificarli.
2026 3300 2212 3362 Pero
2279 3298 2371 3361 mi
2433 3318 2565 3380 par
2612 3320 2809 3361 esser

283 3400 442 3463 buon
473 3404 679 3466 modo
714 3406 846 3467 che
881 3404 1022 3482 noi,
1055 3424 1196 3468 non
1227 3406 1586 3486 possendo
1622 3405 1692 3468 in
1731 3415 1984 3488 questa
2017 3426 2187 3469 cosa
2216 3404 2326 3468 far
2366 3408 2808 3486 altramente,

283 3512 990 3574 raccornmanderemo
1017 3514 1082 3575 10
1115 3514 1403 3593 querele
1444 3513 1514 3575 di
1537 3526 1893 3595 questoro,
1934 3522 2005 3575 et
2028 3513 2331 3576 aRoma
2356 3510 2503 3575 Sua
2528 3512 2809 3577 Santita

283 3612 330 3673 si
370 3615 669 3696 degnara
715 3617 874 3681 fare
921 3620 1156 3699 quelle
1207 3620 1328 3701 piu
1380 3620 1647 3702 gratie,
1698 3623 1830 3683 che
1868 3622 2407 3683 honestamente
2454 3620 2687 3702 potr-a,
2736 3632 2808 3684 et

285 3738 346 3779 se
387 3723 620 3787 alcune
667 3725 999 3806 petitioni
1031 3746 1339 3790 saranno
1387 3727 1866 3808 inequissime,
1916 3747 2115 3790 come
2150 3728 2243 3789 mi
2280 3726 2509 3790 scrive
2542 3728 2806 3791 Vostra

287 3822 582 3907 Signoria
627 3831 1284 3915 Reverendissima,
1335 3836 1658 3917 quelloro
1694 3844 1943 3898 contra
1974 3837 2087 3897 chi
2118 3856 2195 3897 se
2228 3836 2447 3898 fanno
2483 3837 2805 3899 daranno

287 3932 496 3998 debita
537 3936 1074 4021 informatione,
1139 3941 1209 4003 la
1272 3944 1438 4023 qual
1505 3963 1582 4006 se
1633 3944 1873 4007 mandi
1924 3944 1996 4005 di
2044 3964 2219 4025 qua,
2284 3954 2354 4005 et
2403 3944 2551 4005 cosi
2598 3956 2805 4025 parte

284 4057 390 4101 con
436 4043 978 4125 gratificatione,
1049 4059 1256 4127 parte
1327 4068 1460 4111 000
1517 4049 2021 4114 iustificatione
2092 4072 2170 4113 50
2244 4060 2803 4115 contentaranno

285 4148 477 4224 questi
520 4152 1004 4231 lamentatori,
1063 4155 1236 4219 dalli
1285 4156 1475 4237 quali
1523 4156 1849 4239 piacesse
1899 4179 1943 4220 a
1990 4158 2127 4220 Dio
2178 4161 2308 4221 che
2356 4180 2469 4220 me
2517 4170 2803 4241 potesse

287 4255 614 4339 extriecar,
665 4260 803 4322 che
842 4262 936 4322 ho
971 4282 1063 4323 un
1097 4261 1323 4326 fascio
1360 4265 1530 4346 ogni
1571 4263 1642 4326 di
1685 4265 1758 4327 di
1789 4269 2081 4346 querele
2113 4266 2182 4327 in
2218 4285 2499 4328 camera
2538 4276 2609 4328 et
2642 4268 2803 4329 tutti

288 4376 542 4427 correno
587 4364 710 4447 piu
771 4386 814 4427 a
861 4387 972 4429 me
1041 4371 1173 4431 che
1240 4372 1332 4433 ad
1395 4372 1593 4454 altri,
1659 4383 1925 4454 quanto
1975 4394 2295 4454 pensano
2362 4394 2495 4455 per
2554 4374 2671 4435 via
2734 4374 2801 4436 di

288 4482 497 4541 questa
539 4472 840 4535 bestiale
889 4476 1188 4539 materia
1235 4498 1280 4539 a
1324 4499 1437 4540 me
1488 4500 1880 4542 commessa
1928 4490 2138 4561 poter
2182 4480 2429 4542 venire
2480 4480 2687 4543 melio
2736 4484 2803 4543 al

289 4564 516 4638 intento
576 4580 754 4641 lor0.
867 4580 946 4643 Io
1015 4584 1289 4647 benche
1352 4586 1590 4649 cerchi
1669 4596 1740 4649 et
1806 4588 1899 4649 mi
1948 4586 2159 4650 sforzi
2209 4598 2583 4650 contentar
2643 4588 2803 4651 tutti

289 4693 394 4741 con
433 4687 690 4765 parole,
741 4690 1126 4752 tuttavolta
1174 4711 1314 4754 non
1359 4712 1573 4775 posso
1624 4694 1733 4756 far
1782 4696 1913 4756 01ιο
1961 4696 2053 4756 de
2084 4704 2286 4757 tanto
2322 4716 2612 4757 numero
2662 4716 2803 4757 non

289 4792 762 4856 raccommandi
811 4814 943 4875 per
989 4796 1126 4859 mie
1176 4798 1366 4863 littre
1416 4801 1671 4882 alcuni,
1719 4810 1793 4863 et
1825 4801 2200 4882 presertim
2246 4802 2483 4884 quelli,
2533 4802 2581 4863 li
2614 4802 2803 4883 quali

289 4893 436 4955 vedo
479 4900 748 4979 poterci
796 4900 1050 4983 giovar
1117 4914 1198 4967 et·
1249 4906 1361 4969 far
1420 4926 1590 4970 cosa
1650 4908 1821 4971 utile
1887 4908 2027 4971 alla
2090 4930 2303 4972 causa
2370 4910 2559 4973 della
2616 4910 2800 4989 fede,
