3575 5775
1328 554 1820 610 &ame-0

310 698 451 762 suoi
471 697 969 781 temporeggia
993 719 1126 780 per
1146 701 1450 780 qualche
1475 700 1729 782 giorno
1754 721 1886 782 per
1911 703 2099 763 buon
2143 709 2460 781 respetto
2499 699 2572 761 di
2607 705 2854 780 queste

310 825 462 868 cose
498 805 571 867 di
594 804 895 886 Guerra,
938 815 1009 869 et
1042 807 1112 868 io
1142 807 1380 888 credo,
1412 809 1543 870 che
1577 829 1652 871 se
1687 810 1842 871 loro
1866 809 2215 872 havesero
2241 805 2364 890 piu
2403 805 2780 888 risguardo
2813 825 2858 866 a

315 911 443 974 Dio
488 913 621 975 che
668 916 737 976 al
787 911 1107 976 discorso
1156 913 1255 976 dil
1303 915 1587 995 mundo,
1638 923 1711 977 et
1756 916 2144 978 lassassero
2206 913 2316 975 far
2381 932 2424 974 a
2472 911 2692 976 Cesar
2753 927 2856 974 se·

308 1019 527 1082 cundo
576 1021 643 1082 el
690 1022 835 1083 bon
884 1039 1015 1082 suo
1061 1021 1434 1102 proposito
1480 1023 1615 1084 che
1662 1041 1945 1105 sempre
1978 1023 2073 1084 ha
2108 1022 2401 1099 havut0‚
2448 1020 2670 1082 molto
2718 1037 2852 1081 me-

310 1127 445 1208 glio
490 1147 569 1190 se
614 1129 1149 1209 portarebbeno
1198 1130 1263 1191 le
1312 1148 1480 1192 cose
1548 1129 1738 1192 della
1784 1129 1982 1191 Fede
2044 1127 2118 1190 in
2179 1146 2394 1190 causa
2459 1126 2856 1205 lutherana,

314 1243 377 1295 et
415 1253 633 1296 ancor
679 1233 801 1316 piu
846 1237 1515 1317 prosperarebbeno
1564 1237 1631 1300 le
1681 1235 1986 1298 facende
2016 1235 2107 1297 de
2138 1232 2286 1297 Sua
2317 1233 2616 1296 Maesta.
2693 1231 2853 1294 Non

314 1349 603 1404 restamo
650 1341 830 1423 pero
877 1341 991 1404 far
1034 1341 1155 1404 noi
1203 1343 1364 1405 altri
1412 1341 1585 1425 ogni
1631 1342 2000 1422 instantia,
2069 1350 2141 1405 et
2187 1341 2260 1404 di
2306 1343 2526 1404 breve
2575 1339 2634 1402 si
2683 1337 2858 1401 dara

313 1450 535 1510 buona
582 1448 1079 1530 expeditione,
1144 1459 1217 1513 et
1276 1449 1572 1513 insieme
1620 1453 1761 1514 alle
1810 1471 1976 1514 cose
2025 1449 2096 1511 di
2143 1447 2530 1512 Hollandia
2574 1449 2646 1510 13
2691 1447 2858 1527 qual

318 1564 499 1618 certo
530 1557 567 1618 ὲ
617 1557 839 1619 molto
876 1555 1149 1638 infetta,
1201 1565 1273 1620 et
1319 1577 1461 1621 non
1509 1558 1804 1620 attendo
1835 1557 1927 1620 ad
1975 1559 2180 1637 altr0,
2229 1575 2306 1619 se
2337 1575 2482 1618 non
2513 1555 2606 1617 ad
2636 1556 2858 1617 haver

312 1661 439 1724 mia
485 1661 966 1744 expeditione,
1013 1683 1147 1744 per
1193 1665 1627 1727 andarmene
1674 1666 1765 1744 la,
1813 1664 1984 1726 dato
2034 1664 2165 1726 che
2211 1663 2280 1725 io
2313 1659 2561 1725 habbii
2608 1660 2857 1724 ordine

312 1765 423 1848 qui
466 1767 533 1831 in
582 1769 949 1850 Bruxella,
999 1779 1069 1832 et
1116 1771 1235 1832 nel
1282 1790 1501 1851 paese
1551 1771 1624 1834 di
1672 1769 2091 1849 Hannonia,
2138 1772 2204 1832 le
2253 1769 2444 1852 quali
2489 1767 2666 1850 pero
2715 1785 2856 1829 non

308 1875 531 1937 hanno
578 1877 799 1939 molto
848 1877 938 1939 de
979 1875 1289 1957 bisogno
1335 1897 1467 1958 per
1514 1897 1655 1940 non
1705 1897 1900 1940 esser
1944 1876 2199 1940 infetti.
2292 1875 2378 1938 El
2407 1873 2676 1957 peggio
2725 1874 2858 1936 che

308 1978 373 2043 io
416 1983 596 2045 vedo
643 1982 715 2045 in
764 1981 996 2064 questi
1040 1981 1245 2065 paesi
1292 1983 1329 2046 ὲ
1378 1983 1453 2046 di
1500 1986 1737 2066 quello
1786 1982 2013 2046 amico
2062 1983 2194 2046 che
2224 1982 2491 2046 Vostra
2522 1979 2860 2063 Signoria

306 2088 931 2153 Reverendissima
987 2092 1082 2154 mi
1142 2090 1409 2172 scrive,
1473 2093 1605 2154 che
1668 2091 1735 2154 io
1799 2091 1990 2154 debii
2051 2110 2185 2153 con
2247 2089 2420 2171 ogni
2481 2089 2860 2151 dextrezza

308 2194 471 2258 tirar
517 2198 659 2259 alla
704 2196 967 2261 diretta
1012 2197 1151 2264 via.
1228 2197 1289 2262 Il
1322 2199 1455 2261 che
1504 2207 1702 2262 certo
1738 2217 2020 2279 sempre
2068 2197 2162 2259 mi
2209 2217 2338 2260 son
2371 2195 2646 2260 forzato
2679 2195 2854 2261 fare.

472 2303 548 2366 L'
600 2305 783 2367 altro
854 2305 891 2368 ὲ
954 2304 1005 2367 il
1066 2303 1273 2366 Prior
1348 2303 1421 2367 di
1480 2303 1870 2386 Augustini
1933 2305 2004 2366 in
2072 2304 2489 2385 Antwersa,
2556 2305 2621 2365 el
2691 2304 2860 2384 qual

310 2427 442 2472 non
488 2409 611 2492 gia
656 2409 728 2474 in
773 2409 1079 2493 publicis
1128 2412 1575 2474 sermonibus
1624 2413 1724 2494 (ut
1769 2407 1996 2494 prius)
2046 2412 2172 2474 sed
2222 2411 2405 2473 clam
2452 2412 2709 2472 multos
2756 2409 2854 2472 in-

304 2514 473 2598 ficit,
536 2537 653 2580 ma
700 2526 954 2598 questo
1003 2520 1317 2581 secundo
1385 2527 1497 2581 est
1543 2537 1635 2581 ex
1684 2539 1771 2582 eo
1820 2537 2088 2600 genere
2135 2519 2536 2580 Demonum
2585 2517 2718 2580 che
2764 2519 2858 2580 ha

308 2623 391 2686 de
434 2623 739 2707 bisogno
788 2623 859 2686 di
906 2625 1186 2688 baston.
1282 2625 1469 2688 Pero
1536 2624 1630 2688 mi
1686 2625 1936 2688 dubito
1985 2645 2098 2687 me
2145 2624 2306 2687 sara
2351 2626 2678 2706 besogno
2727 2625 2858 2687 che

309 2729 374 2792 io
454 2729 751 2813 procedi
842 2730 1407 2813 rigorosamente
1432 2779 1451 2813 ‚
1547 2740 1619 2796 et
1702 2732 1903 2796 forza
1979 2732 2141 2795 sara
2227 2731 2474 2795 naschi
2557 2731 2860 2812 qualche

305 2839 590 2900 tumulto
672 2838 937 2920 perche
1010 2840 1101 2901 ho
1173 2847 1445 2903 tentato
1539 2840 1611 2902 la
1692 2837 1812 2903 via
1879 2837 2178 2923 pacifica
2260 2857 2392 2921 per
2465 2838 2704 2921 megio
2787 2837 2858 2901 di

306 2945 530 3008 buone
574 2964 883 3027 persone
931 2954 1004 3009 et
1048 2945 1315 3010 frustra
1362 2948 1804 3027 laboramuS‚
1879 2956 1950 3010 et
2010 2947 2099 3010 de
2156 2948 2452 3009 lassarlo
2499 2965 2544 3008 3
2603 2954 2856 3027 questo

308 3051 506 3114 modo
547 3072 681 3133 per
708 3050 952 3116 niente
984 3054 1379 3116 consultum
1407 3054 1712 3135 videtur,
1759 3054 2023 3137 perche
2058 3054 2149 3117 de
2177 3056 2399 3116 breve
2429 3050 2858 3116 harressimo

307 3160 743 3222 renovellata
789 3169 1042 3241 questa
1090 3170 1309 3242 setta,
1359 3163 1429 3223 13
1476 3162 1643 3243 qual
1688 3160 1760 3223 in
1809 3161 2042 3243 questi
2089 3158 2336 3242 luoghi
2384 3160 2561 3222 hora
2608 3178 2740 3241 per
2787 3160 2857 3222 13

308 3264 529 3345 gratia
576 3265 649 3327 di
696 3266 839 3329 Dio
901 3267 938 3330 ὲ
1007 3266 1209 3349 quasi
1273 3268 1391 3330 del
1450 3275 1633 3331 tutto
1684 3268 1992 3348 extima,
2063 3276 2132 3330 et
2198 3269 2504 3329 sarebbe
2571 3263 2856 3329 omnino

309 3369 679 3435 anichilata
726 3393 803 3436 se
854 3373 915 3436 si
958 3384 1247 3455 potesse
1296 3376 1427 3437 dar
1475 3375 1725 3437 ordine
1774 3376 1914 3437 alle
1979 3375 2118 3437 due
2178 3374 2638 3456 soprascritte
2699 3392 2854 3455 per-

308 3498 505 3558 sone,
569 3481 639 3542 31
688 3481 821 3542 che
870 3490 1065 3543 certo
1114 3482 1325 3544 usaro
1375 3481 1545 3562 ogni
1593 3480 1970 3563 diligentia
1999 3501 2134 3544 con
2181 3483 2250 3543 lo
2301 3482 2544 3545 adiuto
2593 3481 2664 3543 di
2692 3482 2854 3564 Dio,

313 3583 421 3664 qui
468 3586 1174 3650 Reverendis'simarn
1222 3597 1294 3651 et
1340 3586 1888 3651 Illustrissimam
1921 3586 2491 3651 Dominationem
2523 3588 2856 3651 Vestram

310 3691 419 3755 diu
464 3691 743 3757 felicem
790 3703 1049 3776 servet,
1100 3694 1301 3758 cuius
1347 3715 1595 3759 manus
1641 3694 2028 3758 humillime
2077 3696 2472 3759 deosculor.

1368 3911 1427 3921 m

1498 4140 1647 4205 123.

964 4256 1382 4336 Aloander
1438 4256 2184 4339 vicecancellario.

1148 4395 1430 4459 (Nuntiat.
1468 4395 1721 4455 German.
1769 4396 1831 4453 1..
1867 4394 2001 4469 184.)

1227 4500 1335 4574 (15.
1374 4506 1699 4571 Septembris
1744 4504 1921 4573 1521.)

475 4622 544 4685 A
574 4622 625 4685 li
659 4620 733 4685 di
763 4622 1031 4703 passati
1063 4620 1325 4703 partite
1358 4622 1449 4685 de
1484 4622 1793 4685 Fiandra
1826 4642 1958 4704 per
1990 4622 2197 4685 Italia
2227 4622 2465 4704 quello
2499 4621 2685 4686 frate
2709 4622 2856 4703 jos·

316 4725 691 4791 Borchardi
726 4729 815 4791 de
846 4728 1302 4811 predicatori,
1351 4731 1419 4793 el
1449 4730 1635 4811 qual,
1687 4750 1890 4793 como
1937 4730 2118 4793 altre
2165 4731 2360 4793 volte
2405 4728 2678 4811 scripsi,
2727 4748 2857 4811 per

316 4832 519 4899 haver
578 4834 951 4918 predicato
1016 4846 1265 4899 contra
1318 4835 1370 4900 li
1428 4836 1819 4900 Lutherani
1882 4858 1974 4901 ne
2039 4838 2109 4899 10
2171 4835 2499 4900 incendio
2564 4835 2636 4897 di
2701 4836 2856 4899 loro

362 4958 511 5013 Balsa,
533 4962 825 5003 Documenta
841 4962 1119 5003 Lachanna.
1807 5024 1814 5029 ,
2471 4942 2536 4994 19
