3575 5775
1308 541 1803 638 acme-0

304 729 672 808 debuisset,
758 728 932 791 velit
1004 729 1456 792 nihilominus
1527 751 1652 793 sua
1727 729 2061 792 maiestas
2132 751 2219 792 ne
2302 733 2837 812 quomodolibet

305 835 420 897 sibi
450 836 926 917 conquerendi
956 857 1200 898 ansam
1234 837 1492 919 capiat,
1541 836 2053 919 precipitanter
2086 857 2323 900 secum
2372 848 2607 902 actum
2656 861 2835 920 esse,

303 941 861 1006 deliberationem
892 944 1187 1025 petitam
1221 947 1606 1008 clementer
1644 947 2018 1027 indulgere
2069 954 2140 1007 et
2186 965 2463 1008 rursum
2508 947 2601 1008 ad
2652 966 2833 1009 com·

302 1051 685 1131 parendum,
739 1050 1465 1134 deliberationemque
1514 1073 1710 1115 suam
1759 1052 2243 1133 aperiendum,
2275 1052 2461 1116 diem
2508 1053 2833 1134 proxime

301 1167 708 1236 sequentem,
759 1157 936 1220 hora
984 1158 1230 1239 quinta
1277 1168 1442 1240 post
1490 1159 1875 1237 meridiem,
1926 1159 2261 1222 stutuisse
2310 1169 2382 1223 et
2428 1160 2831 1242 prefixisse,

301 1263 865 1343 quemadmodum
914 1285 1040 1328 sua
1068 1265 1423 1348 maiestaS,
1475 1267 1778 1329 eundem
1814 1265 1999 1328 diem
2048 1276 2120 1330 et
2165 1267 2413 1330 horam
2462 1267 2691 1329 eidem
2739 1268 2831 1330 ad

299 1369 616 1449 premissa
662 1369 1066 1433 faciendum
1117 1380 1463 1435 statueret
1526 1383 1598 1434 et
1661 1371 2069 1454 prefigeret.
2164 1372 2234 1434 Is
2296 1372 2427 1435 fuit
2491 1373 2641 1436 eius
2690 1374 2831 1437 diei

299 1495 612 1540 recessus,
694 1478 991 1560 Absque
1025 1499 1166 1560 quo
1200 1481 1294 1541 ad
1323 1478 1630 1561 aliquem
1663 1489 1899 1542 actum
1922 1478 2332 1542 ulteriorem
2358 1481 2832 1544 diverteretur

299 1582 678 1647 discessum.

453 1691 886 1756 Advenienti
937 1693 1053 1756 die
1100 1693 1480 1775 prestituta
1528 1702 1660 1757 ete.
1713 1694 1946 1756 denuo
1996 1714 2199 1756 sacre
2246 1703 2317 1756 et
2348 1693 2608 1758 invicte
2658 1695 2827 1758 Cae-

295 1818 474 1860 saree
497 1798 890 1880 Majestatis
915 1799 1126 1881 iussu,
1157 1809 1586 1863 memoratus
1610 1799 1949 1862 Notarius
1991 1800 2062 1863 in
2091 1801 2275 1864 hunc
2307 1802 2589 1864 modum
2614 1803 2829 1866 latine

295 1913 356 1966 et
399 1908 714 1969 almanne
763 1907 1004 1970 dicere
1053 1908 1326 1990 coepit:

451 2013 804 2078 Hesterno
839 2014 1145 2097 Vesperi
1179 2036 1335 2078 curn
1369 2016 1776 2098 gravareris
1810 2015 2118 2078 Martine
2165 2036 2294 2097 pre
2342 2015 2830 2098 magnitudine

293 2118 382 2180 rei
425 2117 524 2205 (ut
550 2130 714 2184 tunc
750 2121 1070 2204 dicebas)
1119 2121 1356 2185 subito
1392 2131 1462 2185 et
1511 2143 1602 2185 ex
1636 2134 1981 2204 tempore,
2031 2124 2122 2185 ad
2172 2123 2361 2185 illam
2410 2123 2829 2205 interrogati

293 2235 542 2304 partem
588 2229 1071 2310 respondere:
1142 2229 1260 2292 An
1309 2229 1529 2292 libros
1575 2228 1731 2292 heri
1803 2250 1893 2293 ex
1943 2229 2177 2292 indice
2242 2229 2371 2292 tibi
2432 2231 2830 2294 nominatos

291 2333 490 2396 latine
535 2343 606 2396 et
652 2334 1046 2398 alemanice
1093 2337 1224 2398 abs
1271 2345 1342 2398 te
1392 2336 1622 2398 editos
1671 2346 1742 2399 et
1790 2335 2104 2417 emiSSOS,
2152 2357 2233 2398 ac
2281 2355 2413 2418 pro
2463 2336 2601 2400 tuis
2634 2339 2828 2420 agni-

293 2449 418 2522 tos,
495 2451 969 2524 contentaque
1045 2443 1114 2506 in
1196 2443 1464 2506 eisdem
1529 2453 1921 2508 retractare
2003 2453 2073 2506 et
2152 2464 2491 2507 revocare
2570 2446 2827 2519 velles;

293 2545 471 2609 Licet
514 2548 586 2611 in
635 2550 868 2612 causis
915 2549 1083 2614 fidei
1133 2558 1204 2613 et
1250 2571 1516 2630 rerum,
1580 2550 1652 2613 in
1701 2551 1958 2632 quibus
2005 2551 2393 2613 animarum
2440 2551 2831 2632 periculum

293 2653 564 2716 vertitur
609 2655 858 2719 dilatio
909 2658 1148 2720 danda
1195 2678 1334 2720 non
1383 2659 1512 2736 sit,
1581 2667 1654 2720 et
1717 2658 2161 2740 potissimum
2224 2657 2393 2720 viris
2444 2659 2563 2740 qui
2612 2659 2831 2722 sacris

291 2759 522 2824 litteris
568 2764 890 2844 (quarum
940 2763 1516 2845 explanationem
1566 2763 1772 2826 unice
1822 2764 1951 2827 tibi
1998 2765 2356 2850 venditas)
2419 2766 2830 2830 exercitatis

293 2874 356 2928 et
400 2869 717 2950 eruditis,
791 2871 910 2953 qui
976 2870 1210 2953 parati
1274 2892 1431 2935 esse
1481 2872 1779 2952 debent,
1855 2871 1946 2935 ad
2008 2871 2585 2935 satisfaciendum
2645 2871 2828 2936 omni

293 2978 589 3053 poscenti
638 2978 1015 3059 rationem,
1066 2980 1156 3041 de
1206 3000 1294 3041 ea
1350 2999 1487 3060 que
1547 2979 1616 3041 in
1682 2979 1783 3041 eis
1847 2989 1954 3041 est
2008 2978 2188 3058 fide,
2251 2988 2324 3042 et
2388 3000 2544 3061 spe;
2608 2978 2831 3043 Sacra

293 3091 500 3145 tamen
553 3094 622 3147 et
670 3084 936 3148 invicta
997 3084 1365 3166 maiestas,
1432 3105 1563 3166 pro
1631 3086 1951 3164 ingenita
2012 3106 2139 3147 sua
2210 3085 2502 3149 lenitate
2562 3096 2632 3151 et
2693 3090 2825 3150 cle-

291 3190 526 3253 mentia
572 3190 701 3256 tibi
753 3192 1341 3255 deliberationem
1405 3192 1760 3274 permisit,
1832 3201 1903 3254 et
1958 3194 2142 3254 hunc
2202 3191 2388 3254 diem
2452 3202 2522 3255 et
2581 3195 2827 3256 horam

289 3292 460 3359 illam
525 3300 1027 3363 declarandam
1091 3299 1450 3381 prestituit
1516 3308 1586 3361 et
1646 3298 2026 3382 prefinivit.
2134 3300 2389 3381 Itaque,
2441 3310 2831 3381 expectant

293 3400 617 3469 Caesarea
665 3427 870 3468 sacra
917 3406 1259 3469 Maiestas
1307 3417 1379 3469 et
1426 3407 1738 3470 universi
1795 3407 2080 3490 Imperii
2146 3407 2432 3470 ordines
2448 3456 2465 3489 ,
2533 3417 2827 3490 attente,

291 3507 461 3573 illam
505 3513 833 3576 audituri.

453 3618 561 3682 Ad
609 3622 740 3682 hec
791 3620 1142 3684 Martinus
1191 3620 1499 3685 omnium
1565 3622 1902 3703 primum:
1976 3620 2077 3683 Ut
2136 3642 2213 3683 se
2280 3621 2369 3683 de
2420 3620 2698 3702 justicie
2758 3630 2830 3683 et

295 3723 586 3788 veritatis
667 3748 884 3790 causa
951 3728 1304 3791 dicentem
1382 3728 1697 3809 benigne
1764 3726 2060 3790 audiant
2132 3736 2500 3809 precatur3
2573 3728 2829 3791 deinde

295 3831 548 3896 veniam
592 3834 937 3916 prefatuS,
987 3835 1045 3897 si
1094 3856 1303 3916 quem
1353 3835 1580 3898 minus
1645 3833 2038 3897 honorifico
2103 3834 2306 3897 titulo
2372 3836 2829 3916 appellasset,

294 3944 399 3998 aut
441 3939 496 4001 si
541 3940 703 4022 quid
753 3940 826 4004 in
891 3940 1160 4004 aulicos
1223 3951 1559 4023 peccaret
1623 3962 1893 4021 moreS‚
1956 3941 2027 4002 id
2090 3939 2355 4003 homini
2419 3940 2830 4022 monastico,

297 4061 420 4105 non
465 4046 674 4129 regiis
722 4046 903 4110 aulis
951 4048 1078 4110 sed
1130 4049 1634 4111 coenobiorum
1698 4047 1994 4112 latebris
2065 4057 2135 4109 et
2202 4046 2483 4127 angulis
2542 4058 2833 4112 versato

297 4152 768 4218 condonarent.
863 4153 1403 4237 Subsequenter
1451 4154 1542 4217 ad
1608 4154 1946 4218 articulos
2004 4153 2599 4234 interrogatorios
2664 4154 2834 4218 Cae-

297 4275 472 4320 saree
514 4260 907 4324 Maiestatis
955 4262 1236 4325 nomine
1287 4262 1352 4325 ei
1398 4261 1837 4343 propositos,
1903 4281 2059 4323 cum
2125 4260 2549 4341 quibusdam
2611 4261 2833 4343 longi-

299 4362 512 4428 oribus
556 4368 1137 4451 digressionibuS,
1188 4370 1580 4451 respondit,
1630 4388 1841 4451 quam
1892 4368 2458 4449 responsionem,
2509 4387 2666 4431 cum
2720 4370 2837 4431 du·

299 4468 440 4533 dum
483 4474 1020 4558 preconceperit
1068 4495 1140 4549 et
1176 4475 1246 4538 in
1282 4475 1566 4558 scriptis
1614 4473 2004 4557 redegerit,
2058 4474 2354 4555 eiusque
2388 4473 2600 4536 michi
2632 4476 2839 4557 copia

300 4572 478 4641 facta
521 4580 624 4663 sit,
670 4582 764 4644 ad
810 4585 1108 4645 verbum
1158 4582 1320 4645 huic
1369 4582 1837 4645 instrumento
1888 4581 2341 4644 inserendam
2391 4579 2591 4643 duxi:

1382 4698 1728 4777 Jhesus

457 4799 910 4869 Serenissime
997 4804 1285 4868 domine
1371 4805 1812 4887 Imperator,
1906 4804 2362 4867 Illustrissimi
2449 4804 2843 4886 Principes,

309 4902 810 4974 Clementissimi
888 4910 1190 4993 domini,
1263 4911 1365 4974 ad
1445 4910 1798 4994 prefixum
1872 4910 2082 4974 michi
2152 4911 2488 4973 hesterno
2559 4911 2844 4992 vesperi

351 5027 495 5081 naun,
519 5033 795 5075 Documenta
815 5036 1096 5076 Lathon-ana.
2455 5018 2521 5069 12
