3575 5775
1677 525 2171 585 <mamam

645 694 825 737 anae
891 674 1260 756 religionis
1320 673 1577 738 iniuria
1625 673 1769 737 fiat.
1878 675 1961 736 Id
2022 685 2397 756 utrumque
2460 685 2963 757 praeterquam
3012 675 3201 756 quod

643 781 734 843 ad
799 781 1348 846 Illustrissimam
1407 780 1988 845 Dominationem
2036 782 2260 846 Tuam
2324 803 2415 844 ex
2463 781 2703 845 officio
2761 781 3009 863 optimi
3070 781 3203 843 viri

645 889 1008 953 christiani
1055 890 1358 952 hominis
1427 899 1498 952 et
1561 889 2039 972 intergerrimi
2102 890 2509 954 cancellarii
2570 888 2911 970 imprimis
2958 909 3207 952 curare

645 1007 943 1078 spectat,
991 1007 1066 1060 ut
1113 1007 1349 1060 tamen
1400 997 1614 1058 etiam
1677 997 1947 1079 aliquid
2005 1018 2163 1060 mea
2223 1017 2437 1060 causa
2496 997 2812 1078 meisque
2874 996 3209 1078 precibus

643 1103 902 1185 faciat,
965 1105 1177 1168 etiam
1245 1114 1457 1186 atque
1520 1103 1732 1168 etiam
1805 1125 1931 1166 oro
2000 1114 2071 1166 et
2141 1107 2442 1167 obsecro
2514 1114 2585 1166 et
2654 1124 2767 1166 me
2827 1103 3211 1184 plurimum

647 1212 1086 1276 commendo·

1721 1408 1948 1420 Ἇν-κῆβαννκκ-
1974 1408 2031 1420 ιὐ,
2048 1409 2072 1420 -r
2104 1409 2119 1420 κ·

1874 1642 1979 1706 66.
2054 1589 2061 1596 .

1125 1759 1484 1839 meander
1541 1755 1876 1860 Glapioni
1939 1779 1983 1839 a
2038 1757 2341 1839 confess,
2400 1755 2741 1839 Caesaris

1493 1889 1725 1960 (liunt.
1765 1888 2074 1948 German.
2124 1887 2187 1946 1..
2226 1887 2365 1958 204.)

1637 1987 1744 2060 (17.
1789 1991 1997 2056 Aprilis
2044 1987 2216 2057 1521.)

821 2114 1084 2178 Revde
1131 2115 1352 2179 Pater
1399 2123 1470 2178 et
1517 2115 1824 2178 Domine
1874 2115 2312 2197 Praeceptor
2361 2114 2835 2178 observande.
2930 2113 3219 2176 Rumor

645 2233 750 2284 est
814 2222 926 2284 hic
991 2221 1328 2304 frequens
1390 2221 1775 2285 Martinum
1836 2224 1972 2284 huc
2037 2223 2175 2286 iam
2252 2224 2666 2305 appulsum:
2745 2221 2935 2283 unde
2997 2220 3077 2281 fit
3140 2228 3217 2281 ut

645 2330 954 2391 maxime
985 2351 1239 2393 verear
1268 2351 1356 2392 ne
1393 2332 1485 2392 ob
1518 2330 1701 2392 hanc
1735 2350 2019 2392 causam
2068 2330 2235 2392 Dux
2284 2328 2480 2392 Saxo
2527 2329 2879 2392 hodierna
2927 2327 3219 2390 comitia

647 2435 986 2498 indixerit
1046 2445 1124 2499 ut
1169 2437 1239 2498 in
1288 2436 1400 2498 his
1448 2437 1799 2500 Martinus
1848 2427 2049 2499 suurn
2106 2436 2300 2500 virus
2366 2436 2703 2502 effundat.
2808 2435 3219 2517 Eapropter

646 2542 981 2624 dignetur
1027 2542 1433 2608 Paternitas
1465 2553 1710 2606 vestra
1739 2545 1927 2606 Rev.
1976 2543 2087 2606 his
2122 2543 2405 2607 casibus
2436 2545 2555 2626 qui
2606 2545 2863 2606 obesse
2911 2549 3216 2624 possunt

644 2668 1039 2714 occurrere.
1135 2649 1297 2712 Non
1348 2649 1532 2713 enim
1584 2652 1673 2713 de
1722 2672 1802 2715 re
1849 2671 2076 2732 parva
2124 2651 2383 2732 agitur,
2431 2653 2559 2714 sed
2608 2671 2790 2732 quae
2844 2650 2934 2713 ad
2969 2649 3211 2711 Eccle-

646 2755 821 2818 siam
871 2755 1007 2818 Dei
1077 2765 1148 2818 et
1195 2755 1564 2820 Pontificis
1613 2757 2105 2820 auctoritatem
2156 2767 2225 2821 et
2275 2757 2600 2820 Caesaris
2648 2757 2780 2820 Tui
2832 2759 3048 2819 decus
3098 2757 3215 2818 de-

647 2862 955 2926 decusve
1006 2863 1396 2945 contingat.
1492 2863 1752 2927 Valeat
1800 2865 2195 2946 paternitas
2243 2873 2484 2928 vestra
2532 2865 2717 2927 Rev.
2768 2865 2877 2927 cui
2921 2884 3031 2927 me
3064 2865 3217 2945 plu-

647 2968 898 3033 rimum
947 2972 1387 3035 commende.

1789 3168 1966 3179 ‘vu-..amvu
1985 3169 2012 3178 rx.
2052 3171 2081 3178 ι»
2119 3169 2137 3178 κ.

1870 3398 1974 3461 67.

1311 3512 1730 3594 Aloander
1786 3513 2533 3595 Vicecanoellario.

1547 3662 1833 3733 (Nuntiat.
1872 3661 2053 3721 Germ.
2088 3660 2150 3719 1..
2186 3660 2327 3733 20³2)

1643 3774 1751 3839 (18.
1793 3774 2001 3839 Aprilis
2048 3771 2221 3842 1521.)

823 3896 1094 3978 Questa
1154 3916 1361 3961 mane
1421 3898 1523 3959 fui
1593 3918 1725 3961 con
1791 3900 1857 3961 el
1916 3899 2284 3961 confessor
2339 3900 2479 3961 ben
2543 3898 2839 3961 mattino
2902 3918 3033 3981 per
3090 3898 3231 3961 dar

645 4006 879 4084 quelle
931 4003 1363 4067 instruttioni
1428 4025 1654 4087 parea
1715 4004 2006 4068 fusseno
2068 4008 2136 4068 al
2184 4006 2557 4087 proposito
2606 4016 2871 4069 nostro·
2966 4005 3100 4068 Poi
3150 4006 3227 4070 in

645 4111 916 4192 palatio
967 4113 1153 4174 dove
1205 4112 1373 4193 ogni
1424 4132 1594 4175 cosa
1642 4134 1765 4175 era
1814 4113 2152 4193 ambigua
2200 4112 2530 4193 procurai
2594 4117 2649 4175 si
2715 4115 2849 4174 che
2910 4112 2987 4175 fu
3036 4133 3226 4176 com·

648 4219 983 4280 mandato
1035 4220 1165 4280 che
1214 4239 1256 4280 a
1306 4219 1444 4280 due
1493 4218 1666 4281 hore
1717 4219 1834 4300 po'
1864 4219 2153 4300 meggio
2206 4220 2274 4280 di
2327 4219 2376 4281 li
2424 4220 2707 4281 elettori
2755 4220 3034 4281 fussero
3084 4240 3227 4283 con

653 4321 874 4387 Cesar
921 4334 992 4386 et
1041 4346 1084 4387 a
1133 4335 1420 4405 quattro
1471 4325 1518 4387 li
1570 4326 1733 4387 altri
1799 4325 2106 4407 principi
2175 4334 2245 4387 et
2308 4326 2469 4388 tutti
2531 4324 2714 4390 Stati
2778 4335 2849 4388 et
2910 4326 3233 4391 Martino

657 4450 1109 4512 comparesse
1173 4452 1216 4494 a
1280 4433 1678 4513 respondet
1725 4433 1953 4495 solum
2002 4432 2204 4495 iuxta
2236 4432 2680 4513 interrogata
2728 4443 2799 4495 et
2848 4452 2989 4495 non
3040 4434 3233 4497 altre

655 4540 924 4618 parole.
1019 4538 1098 4601 Io
1146 4540 1240 4601 ho
1290 4548 1659 4621 composto
1725 4539 1776 4600 li
1844 4539 2121 4602 articoli
2171 4560 2435 4603 ancora
2494 4541 2625 4603 che
2693 4540 3011 4621 produtti
3078 4560 3232 4605 non

651 4655 894 4707 nostro
929 4644 1234 4727 nomine,
1285 4646 1547 4729 perche
1603 4647 1672 4708 la
1709 4646 2014 4727 petition
2048 4656 2293 4711 nostra
2325 4646 2399 4710 in
2434 4646 2719 4729 scriptis
2754 4668 2875 4709 era
2906 4649 3233 4711 secundo

645 4752 715 4814 la
767 4752 992 4815 forma
1043 4753 1233 4816 della
1293 4754 1490 4816 bulla
1538 4755 1802 4834 percht-
1854 4750 2277 4817 altramente
2328 4774 2467 4817 non
2518 4754 2905 4817 habbiamo
2971 4775 3013 4816 a
3078 4753 3233 4825 far:

649 4860 1310 4942 quomodocumque
1359 4861 1524 4941 qual
1572 4860 1692 4923 via
1739 4861 1814 4921 di
1865 4861 1984 4924 doi
2034 4862 2091 4923 si
2140 4862 2373 4925 faccia
2420 4862 2457 4924 ὲ
2509 4862 2920 4926 bonissima.
