3575 5775
1632 536 2129 595 0-43368ffl

598 693 990 748 constretta
1035 704 1079 747 a
1125 684 1280 748 fare
1327 683 1378 747 il
1421 693 1616 749 resto
1673 706 1806 766 per
1852 686 2259 768 impedirla,
2328 688 2618 752 sendosi
2664 689 2773 753 sin
2822 710 2865 752 a
2912 708 3178 771 questo

597 800 746 854 atto
795 812 1164 874 processo;
1228 813 1342 855 ma
1398 813 1474 855 se
1534 803 1783 874 questo
1847 814 2188 875 processo
2254 795 2403 878 (sic)
2466 795 2667 859 siano
2731 797 2858 859 atti
2906 798 3001 859 ad
3048 797 3179 859 im-

598 899 879 981 pedirla
929 919 970 961 0
1001 919 1164 979 non,
1214 898 1494 961 benche
1542 919 1682 962 non
1731 920 1823 963 ne
1870 900 1976 963 sia
2024 901 2295 975 chiaro;
2353 924 2490 985 pur
2534 904 2655 984 piu
2703 912 2891 966 tosto
2940 924 3182 985 penso

599 1006 671 1068 di
733 1006 790 1067 si
858 1008 990 1069 che
1056 1005 1126 1067 di
1197 1026 1354 1071 110..
1444 1005 1536 1067 Et
1618 1026 1748 1087 per
1817 1016 2071 1088 potere
2134 1010 2395 1090 meglio
2463 1020 2844 1075 executare
2912 1022 3183 1092 questo

599 1112 897 1193 disegno
968 1132 1143 1174 sono
1207 1112 1276 1175 in
1354 1132 1610 1195 parere
1697 1113 1766 1175 di
1836 1114 2273 1195 persoadere
2343 1119 2411 1179 al
2483 1118 2818 1200 Principe
2882 1120 3019 1181 che
3096 1137 3185 1179 ce

597 1219 1006 1282 ritorniamo
1055 1222 1148 1281 ad
1198 1218 1449 1301 Esling
1496 1222 1681 1283 dove
1732 1221 1766 1283 ὲ
1820 1221 1887 1283 10
1936 1222 2336 1303 regimento
2383 1224 2753 1307 imperiale
2803 1234 2873 1288 et
2919 1245 3057 1306 per
3109 1227 3188 1287 la

599 1325 874 1407 magior
936 1338 1140 1409 parte
1202 1330 1442 1389 buona
1503 1336 1575 1389 et
1633 1326 1879 1409 fidele,
1942 1339 2015 1391 et
2080 1330 2171 1391 de
2232 1330 2277 1392 11
2340 1352 2473 1393 con
2534 1341 2717 1394 tutta
2776 1332 2819 1394 1’
2861 1330 3189 1395 autorita

599 1434 670 1495 di
743 1454 902 1496 esso
973 1434 1370 1514 regimento
1444 1435 1576 1497 che
1647 1433 1803 1496 fara
1876 1437 2105 1498 ancho
2176 1437 2245 1500 16
2316 1458 2443 1500 sua
2492 1437 2809 1520 magiore
2858 1437 3189 1520 potrassi

597 1541 860 1623 meglio
909 1541 1192 1617 seguire
1242 1550 1315 1603 et
1361 1542 1783 1623 conseguire
1834 1553 2087 1624 questo
2139 1543 2409 1624 effett0‚
2458 1554 2531 1607 et
2578 1566 2963 1627 procurare
3015 1565 3190 1625 spe·

601 1648 965 1711 tialmente
1015 1650 1147 1711 che
1195 1658 1376 1710 tutte
1423 1649 1492 1711 le
1543 1647 1713 1711 cittii
1764 1659 1837 1711 et
1882 1650 2047 1713 altri
2092 1650 2338 1731 luoghi
2388 1652 2619 1715 stiano
2669 1674 2759 1715 ne
2807 1652 2848 1714 l'
2885 1654 3194 1715 anticha

602 1755 1066 1817 observantia
1127 1756 1369 1818 sinche
1442 1774 1572 1838 per
1633 1758 1702 1818 la
1772 1756 1923 1819 Mta
1988 1757 2143 1821 Ces,
2209 1779 2285 1821 se
2350 1759 2529 1841 pigli
2602 1760 3039 1843 expediente
3118 1762 3192 1822 al

601 1872 784 1924 tutto
832 1861 1125 1925 insieme
1177 1882 1306 1924 con
1360 1862 1444 1925 N.
1495 1859 1566 1926 S.
1637 1863 1929 1925 dandoli
1991 1874 2172 1927 tutte
2221 1866 2455 1945 quelle
2504 1868 2742 1929 buone
2799 1869 3061 1950 parole
3118 1876 3197 1931 et

601 1968 1088 2049 assignandoli
1135 1979 1314 2031 tutte
1365 1970 1600 2051 quelle
1651 1968 1926 2033 efficaci
1976 1972 2249 2053 ragioni
2300 1975 2432 2035 che
2500 1994 2807 2038 saranno
2874 1974 2943 2037 al
3014 1994 3195 2055 pro·

601 2075 857 2157 posito,
953 2074 1135 2157 Quel
1182 2076 1449 2157 luogho
1498 2097 1629 2158 per
1677 2097 1873 2139 esser
1919 2078 2121 2159 quasi
2172 2081 2289 2141 nel
2352 2100 2584 2143 mezzo
2651 2082 2723 2143 di
2786 2080 3199 2144 Germania

602 2184 1004 2265 propinquo
1071 2183 1193 2245 alli
1241 2183 1399 2245 altri
1448 2182 1774 2266 principi,
1826 2184 2061 2247 iudico
2110 2186 2240 2249 che
2292 2186 2396 2249 sia
2444 2189 2663 2250 molto
2729 2187 2849 2269 piu
2908 2208 2951 2251 a
3014 2207 3193 2269 pro-

607 2291 843 2371 posito
893 2292 1026 2353 che
1075 2301 1325 2371 questo
1379 2290 1528 2373 qui;
1589 2291 1805 2353 credo
1869 2293 2009 2354 ben
2060 2292 2191 2355 che
2240 2302 2424 2355 tutto
2473 2304 2725 2376 questo
2774 2316 2967 2357 mese
3016 2315 3195 2375 pre-

604 2410 803 2459 sente
851 2417 995 2479 11011
1046 2417 1120 2459 se
1168 2397 1410 2460 levera
1461 2398 1549 2458 de
1601 2396 1720 2478 qui
1768 2445 1785 2461 .
1824 2445 1888 2463 ..
1956 2418 2089 2479 pur
2135 2400 2204 2461 io
2263 2421 2404 2463 non
2452 2403 2837 2464 mancharo
2888 2401 3007 2463 del
3061 2403 3196 2465 de-

604 2505 774 2567 bito.
871 2504 1155 2566 lntanto
1203 2504 1472 2567 vedero
1523 2525 1564 2565 a
1628 2506 1758 2571 che
1826 2506 2125 2568 termine
2188 2507 2649 2571 reusciranno
2706 2517 2955 2590 queste
3007 2527 3197 2573 cose

607 2614 695 2674 de
747 2610 1072 2693 Ungaria
1120 2618 1190 2673 et
1237 2612 1328 2673 de
1377 2612 1674 2673 Boemia
1721 2620 1795 2673 et
1842 2613 1983 2675 alla
2038 2613 2369 2695 giornata
2428 2614 2733 2696 pigliaro
2799 2614 3198 2698 consigliO.

787 2718 993 2781 Circa
1053 2720 1124 2781 la
1174 2718 1496 2780 matteria
1559 2720 1676 2781 del
1727 2718 2091 2801 Consiglio
2159 2722 2497 2800 generale
2560 2724 2656 2784 ho
2717 2722 2902 2786 visto
2966 2724 3037 2785 16
3096 2724 3193 2787 si·

602 2838 824 2908 gnata
872 2825 942 2888 A
1001 2834 1070 2887 et
1129 2824 1357 2906 parmi
1407 2828 1538 2890 che
1589 2827 2181 2908 prudentemente
2230 2848 2360 2910 per
2410 2828 2492 2893 N.
2542 2825 2613 2893 S.
2664 2850 2742 2892 se
2790 2830 2897 2893 sia
2942 2831 3199 2896 consi·

605 2935 855 2996 derato
905 2943 1088 2996 tutto
1138 2935 1374 3014 quello
1425 2933 1482 2996 si
1533 2935 1714 2996 deve
1765 2943 1835 2996 et
1866 2934 2058 3016 'pero
2106 2935 2177 2996 in
2228 2947 2479 3016 questa
2546 2936 2839 2998 materia
2911 2948 2984 3000 et
3040 2939 3201 3001 che

605 3041 708 3104 sia
755 3041 991 3122 giusta
1043 3051 1112 3103 et
1160 3051 1365 3103 santa
1416 3041 2008 3106 determinatione
2060 3052 2130 3105 et
2178 3042 2245 3104 io
2295 3064 2424 3125 per
2470 3043 2519 3104 il
2568 3042 2874 3125 bisogno
2922 3063 3036 3108 me
3098 3066 3201 3108 ne

605 3149 908 3222 serviro3
975 3157 1045 3210 et
1111 3148 1350 3229 perch’
1388 3148 1456 3210 io
1527 3169 1753 3230 penso
1824 3151 1953 3211 che
2010 3149 2244 3230 questi
2294 3149 2683 3211 Lutherani
2748 3158 2819 3212 et
2864 3151 3021 3214 loro
3080 3173 3201 3215 se·

605 3256 813 3337 quaci
857 3275 1058 3317 come
1106 3254 1493 3318 intendono
1545 3275 1620 3318 se
1667 3254 1941 3318 rivochi
1989 3265 2242 3336 questa
2304 3256 2494 3318 dieta
2563 3257 2633 3318 di
2682 3255 2893 3338 Spita
2940 3256 3203 3338 grida-

605 3382 826 3425 ranno
876 3363 968 3424 ad
1015 3363 1278 3444 sydera
1328 3373 1398 3424 et
1445 3361 1811 3424 satannosi
1854 3363 2211 3444 gagliardi
2260 3384 2393 3426 con
2446 3362 2492 3424 li
2543 3363 2793 3445 populi
2835 3363 2971 3423 che
3021 3383 3191 3428 non

606 3469 964 3552 vogliamo
1013 3468 1071 3530 si
1118 3469 1306 3530 veda
1352 3470 1440 3532 ne
1487 3469 1780 3532 intenda
1830 3470 1899 3532 la
1946 3469 2171 3531 verita
2198 3518 2214 3548 ,
2270 3490 2385 3532 ma
2433 3479 2845 3532 mantenere
2892 3469 2961 3531 le
3012 3489 3199 3534 con·

606 3575 954 3639 stitutioni
985 3577 1290 3638 humane
1323 3589 1572 3638 contra
1606 3576 1671 3638 le
1719 3576 2159 3658 evangelice,
2209 3585 2281 3639 et
2328 3578 2546 3639 multa
2594 3576 2665 3638 in
2714 3577 2853 3638 hoc
2900 3595 3201 3658 genere

606 3703 786 3766 quae
836 3694 997 3745 sunt
1047 3682 1111 3744 ei
1161 3682 1375 3744 obvia
1425 3705 1462 3745 a
1511 3686 1715 3746 trebo
1767 3686 1856 3746 de
1907 3683 2234 3766 populari
2299 3693 2371 3746 et
2435 3684 2524 3745 de
2582 3682 2974 3765 ignoranti:
3044 3705 3203 3749 con

606 3789 849 3853 debita
920 3787 1330 3852 reverentia
1393 3790 1780 3852 ricordarei
1851 3810 1893 3851 a
1962 3787 2034 3852 S.
2099 3787 2202 3851 St*
2258 3793 2396 3852 due
2466 3809 2631 3852 cose
2699 3791 2790 3852 de
2853 3792 2920 3852 le
2982 3792 3205 3872 quali

607 3899 824 3961 credo
876 3897 1054 3958 altre
1101 3897 1296 3959 volte
1345 3897 1659 3960 haverne
1693 3897 1939 3959 scritto
1988 3899 2290 3977 qualche
2340 3917 2527 3960 cosa.
2606 3897 2883 3960 Perche
2914 3895 2988 3961 S.
3022 3899 3201 3963 Bne

606 4004 1118 4087 quamprimum
1161 4023 1583 4085 procurasse
1649 4004 1722 4065 di
1769 4005 2035 4066 havere
2082 4024 2221 4066 uno
2282 4024 2323 4066 o
2374 4003 2493 4066 doi
2542 4003 2807 4066 oratori
2871 4006 2959 4065 de
3012 4007 3205 4069 tutti

605 4113 654 4175 li
704 4111 1078 4193 principali
1133 4111 1292 4192 capi
1343 4111 1431 4172 de
1482 4109 1923 4174 christianita
1982 4121 2054 4172 et
2119 4110 2458 4192 precipue
2526 4111 2595 4170 di
2646 4108 3038 4172 Germania
3090 4115 3199 4176 de

605 4220 654 4281 li
702 4219 1006 4301 principi
1058 4217 1521 4280 ecclesiastici
1573 4227 1643 4280 et
1675 4219 1979 4280 seculari
2016 4239 2233 4280 ancor
2264 4220 2393 4280 che
2426 4220 2729 4279 dovesse
2780 4237 2822 4278 a
2870 4219 3203 4298 qualche

605 4347 745 4389 uno
797 4324 1087 4390 offerirli
1137 4325 1183 4387 il
1233 4324 1493 4388 viatico
1527 4334 1714 4387 sotto
1764 4335 2016 4406 questo
2068 4309 2401 4406 presento
2468 4325 2598 4386 6116
2662 4343 2805 4386 11011
2870 4328 3203 4392 essendo

607 4431 1077 4494 conveniente
1127 4433 1257 4493 che
1307 4432 1374 4492 le
1431 4451 1596 4494 cose
1645 4433 1736 4493 de
1800 4433 1869 4494 la
1931 4431 2095 4494 fede
2160 4451 2236 4492 se
2294 4431 2585 4492 trattino
2654 4432 2725 4492 in
2787 4429 3207 4511 particolar

607 4549 961 4601 convento
1010 4539 1098 4599 de
1147 4558 1291 4600 una
1339 4537 1626 4602 natione
1675 4547 1747 4600 et
1795 4557 1925 4620 per
1974 4538 2242 4600 evitare
2290 4538 2590 4602 tumulto
2656 4544 2728 4600 et
2789 4535 2991 4600 accio
3046 4541 3203 4604 che

606 4648 673 4709 le
723 4665 889 4708 cose
936 4648 1346 4726 procedano
1397 4666 1528 4708 con
1579 4644 1911 4708 maturita
1960 4656 2031 4707 et
2080 4647 2212 4708 che
2262 4643 2522 4706 Cesare
2582 4644 3205 4725 prudentemente

607 4773 750 4816 non
797 4755 890 4814 116
937 4753 1181 4814 voluto
1231 4754 1363 4815 che
1413 4753 1470 4815 si
1517 4751 1746 4814 faccia
1791 4754 1990 4814 detta
2039 4751 2254 4830 dieta,
2303 4771 2416 4814 ma
2450 4750 2509 4814 si
2540 4749 2817 4832 expetti
2850 4748 2897 4811 il
2930 4758 3201 4834 tempo

613 4871 684 4924 et
731 4858 1158 4924 commodita
1206 4858 1277 4922 di
1327 4880 1466 4924 uno
1515 4858 1820 4926 concilio
1870 4860 2209 4942 generale
2256 4857 2376 4922 nel
2443 4857 2657 4982 quale
2712 4875 2957 4920 omnes
3008 4879 3201 4942 quo-
