3575 5775
1333 562 1883 629 ‹Ramnes›

331 728 396 791 to
457 708 622 781 Sedi
683 712 1150 799 Apostolicae
1215 719 1592 783 veritatem
1669 720 2089 802 patefacere
2168 719 2261 783 de
2339 711 2497 801 ipso
2564 710 2877 783 auderet.

328 825 548 888 Testis
593 824 864 888 Eekius
926 824 1102 907 ipse,
1129 859 1135 867 ·
1167 843 1309 889 non
1371 827 1658 891 timidus
1715 826 2042 890 veritatis
2102 836 2409 908 amator,
2460 827 2579 908 qui
2640 835 2877 889 tamen

325 930 632 1012 pontifici
679 933 896 995 anxie
955 933 1321 995 scribebat
1365 942 1846 1017 orans·atque
1890 938 2273 997 ‘obtestans'
2317 944 2395 996 ut
2437 934 2613 997 nulli
2660 933 2876 997 homi-

325 1058 474 1100 num
525 1058 712 1120 quae
757 1040 850 1101 de
897 1038 1191 1102 Erasmo
1241 1052 1516 1103 secrete
1565 1042 1949 1124 scripserat
1993 1041 2542 1107 innotescere-nt.

491 1146 827 1209 Attamen
853 1146 1218 1209 Erasmum
1253 1148 1634 1211 maximum
1665 1147 2095 1211 Germaniae
2123 1150 2560 1211 turbatorem
2588 1146 2879 1208 dixerat

323 1250 770 1336 Alcander¹);
839 1252 1214 1335 ipsumque
1292 1252 1605 1317 Luthero
1671 1255 2250 1336 periculosiorem
2312 1253 2875 1336 praedicaverat,

319 1368 742 1439 con-questus
801 1376 942 1421 non
1015 1364 1238 1424 semel
1282 1362 1574 1425 Brevia¹
1615 1362 2011 1445 apostolica
2058 1358 2665 1442 Erasmo-··›scribi·,·
2730 1360 2875 1441 'qui-

317 1466 440 1527 bus
501 1465 622 1527 ille
687 1466 1137 1547 impudenter
1207 1470 1492 1549 abusuS,
1561 1470 1926 1535 doctrinas
1956 1469 2631 1546 ·suas‘.tutabatur,-
2708 1468 2879 1529 dum'

317 1574 560 1635 eadem
623 1573 984 1636 scribebat
1027 1594 1227 1655 quae
1292 1575 1448 1637 iam·
1495 1577 1880 1657 scripserat
1949 1573 2302 1639 Lutherus
2376 1574 2603 1655 „circa
2630 1581 2873 1637 '‘mate-

313 1678 484 1741 riam·
522 1666 1010 1761 confessionis,
1056 1682 1681 1764 indulgentiarum,
1734 1680 2487 1748 excommunicationis
2498 1729 2516 1763 ,
2558 1680 2874 1761 divortii,

313 1786 685 1867 potestatis
733 1785 1001 1868 Papae,
1050 1789 1177 1849 sed
1227 1789 1947 1871 cumpericulosiore
1995 1803 2287 1852 veneno·
2322 1777 2873 1871 quia-Lutlrefflils

310 1902 854 1976 propter-aeres
915 1902 987 1957 et
1053 1894 1368 1959 famosos
1429 1893 1712 1960 libellos
1762 1897 2003 1959 'minus
2061 1906 2216 1959 erat
2276 1894 2419 1959 fide
2482 1896 2781 1979 dignus“
2796 1893 2887 1975 ²).·

311 2000 392 2063 Et
439 2015 697 2065 revera
744 2001 814 2063 in
867 2001 1250 2065 Hollandia
1297 2004 1584 2085 publice
1635 2004 1929 2066 Lat-heri
1962 2004 2287 2067 doctrina
2317 1993 2875 2085 praedicabatur

309 2110 434 2169 sub
481 2108 916 2171 auctoritate
966 2108 1260 2190 Erasmi,
1329 2120 1400 2173 et
1455 2108 1987 2193 Saxones-³ips'i
2046 2101 2435 2175 'veridicum
2485 2127 2647 2173 esse·
2670 2110 2873 2173 ‘Mar—

309 2213 522 2277 tinum
597 2214 1059 2297 dictitabant,
1125 2217 1292 2298 quia
1351 2218 1684 2281 Erasmus
1717 2224 1901 2281 'cum'
1946 2218 2119 2301 ipso
2186 2218 2563 2281 sentiebat.¹
2667 2217 2727 2279 F
2730 2218 2871 2281 lan·

308 2320 455 2384 dria
529 2321 874 2386 universa·
936 2322 1208 2387 Erasmi
1278 2326 1492 2406 culpa
1571 2324 1840 2389 infecta
1904 2325 2435 2407 habebatur⁸);·
2486 2324 2704 2387 dubia
2739 2353 2745 2365 ·
2782 2326 2879 2387 de·

303 2428 611 2492 falsitate
659 2430 916 2493 Bullae
985 2430 1246 2494 Leonis
1295 2431 1426 2511 ·X‘.,
1515 2434 1749 2515 deque
1783 2430 2295 2497 *damnatione
2340 2430 2659 2495 'Lut-heri
2692 2430 2871 2493 ubi-

305 2556 435 2616 que
499 2539 596 2599 ab
665 2537 962 2599 Erasmo
1037 2536 1768 2619 disserninabantur⁴).
1871 2540 1976 2602 ’At
2012 2541 2202 2601 dum
2265 2536 2446 2601 haec
2504 2538 2871 2601 Aleander

303 2642 681 2706 Romanae
729 2644 1095 2707 Ecclesiae
1143 2644 1756 2709 Vice'cancellario
1781 2628 2279 2727 significabat,
2326 2644 2664 2707 Erasmus
2710 2659 2869 2725 gra-

303 2750 480 2812 viter
543 2752 636 2813 de
701 2752 1071 2815 Aleandro
1139 2736 1330 2832 apud
1393 2750 1823 2815 Pontificem·
1880 2755 2323 2835 'querebatur
2403 2753 2709 2816 eundem
2790 2762 2869 2815 ut

302 2858 722 2922 maledicum
795 2866 868 2922 et
937 2860 1518 2923 calumniatorem
1583 2864 1975 2939 accusans,
2023 2859 2147 2923 ita
2209 2870 2294 2922 ut
2350 2859 2501 2922 L'eo
2548 2858 2871 2940 graviter

301 2976 870 3030 commoveretur
913 2977 988 3030 et
1035 2967 1408 3030 Aleander
1465 2967 1955 3030 vehementius
1980 2993 1987 3004 ·
2012 2968 2303 3029 ‘doleret
2355 2969 2514 3048 plus
2571 2965 2867 3028 Erasmo

299 3072 460 3137 fidei
523 3074 684 3137 dari
743 3092 956 3155 quam
1029 3075 1166 3137 sibi
1233 3073 1599 3157 religionis
1661 3071 2099 3152 defensori-³⁵).
2209 3073 2379 3154 Leo,
2430 3071 2865 3135 eruditorum

297 3180 610 3242 virorum
665 3190 739 3242 et
787 3181 1474 3262 elegantissimorum
1523 3181 1949 3265 scriptorum
2005 3179 2075 3242 in
2114 3179 2388 3261 primis
2435 3177 2865 3261 amplissime

297 3277 556 3368 fautor,
609 3287 916 3350 fortasse
965 3295 1037 3351 et
1081 3281 1585 3370 Erasmo'plus
1634 3303 1865 3369 aequo
1913 3287 2369 3369 indulgebat;
2420 3295 2493 3348 at
2546 3275 2867 3348 'virilibus

294 3394 714 3476 apert-isque
737 3396 1084 3458 Aleandri
1115 3395 1354 3458 verbis
1396 3393 1750 3458 excitatus
1795 3394 2167 3477 pristinum
2192 3393 2517 3456 favorem
2552 3393 2861 3475 aliquan·

293 3501 518 3584 tisper
568 3501 1010 3583 imminuens»,
1059 3503 1466 3567 recentibus
1514 3503 1829 3567 eiusdem
1878 3502 2155 3565 Erasini
2196 3501 2453 3563 litteris
2501 3499 2866 3582 rescripsit

291 3611 865 3689 gratulabundus
940 3609 1031 3673 de
1102 3609 1516 3673 confirmata
1579 3610 1839 3692 ipsius·
1870 3609 2042 3672 fide:
2116 3610 2607 3691 ,declararunt
2676 3608 2866 3671 enim

291 3715 580 3779 litterae
652 3723 818 3780 tuae
882 3717 954 3779 id
1020 3718 1114 3779 de
1175 3737 1314 3799 quo
1396 3716 1821 3780 addubitare
1872 3713 2329 3797 'aliquantum
2378 3732 2861 3796 coeperamus,

293 3841 526 3905 neque
579 3833 852 3887 tantum
901 3843 990 3886 ex
1041 3824 1486 3905 quorundam
1537 3821 2340 3905 quamvis-prudentium
2372 3831 2443 3884 et
2476 3825 2863 3902 proborum

287 3930 731 4010 testimonie,
795 3940 1133 4012 quantum
1193 3943 1286 3993 ex
1369 3930 1657 4011 scriptis
1725 3929 2081 3992 nonnullis
2142 3930 2279 3991 tuis
2340 3945 2527 4009 quae
2570 3931 2861 3992 circum·

287 4037 680 4100 seruntur“.
773 4038 944 4120 NOS,
993 4038 1094 4100 ait
1141 4037 1512 4118 Pontifex,
1567 4038 1999 4119 „paulisper⁸
2030 4052 2123 4100 ex
2188 4055 2276 4099 ea
2338 4035 2675 4118 opinione
2738 4037 2859 4099 de·

285 4144 564 4208 turbati
609 4145 824 4208 valde
871 4145 1178 4208 iucunde
1227 4144 1612 4226 accipimus
1657 4144 2057 4207 restitutam
2106 4145 2181 4206 in
2225 4144 2434 4206 nobis
2483 4153 2639 4206 esse
2668 4161 2856 4206 men—

285 4261 444 4314 tem·
473 4251 852 4335 pristinam
901 4251 1247 4333 diligendi
1294 4252 1522 4332 tui“⁶).
1617 4251 1887 4314 Tamen
1956 4251 2244 4314 dubium
2296 4251 2365 4313 in
2416 4251 2632 4313 corde
2680 4251 2853 4313 Leo·

287 4357 390 4420 nis
461 4357 704 4422 haesit
752 4367 843 4439 et,
911 4357 1280 4422 Aleandro
1352 4359 1619 4422 maiore
1690 4358 1946 4421 exhinc
2020 4357 2165 4421 fide
2231 4355 2584 4438 adhibita,
2646 4358 2862 4422 enixe

285 4467 856 4529 commendatum
883 4475 1011 4546 est,
1045 4465 1415 4530 Erasmum
1442 4465 1758 4528 suaviter
1788 4467 1881 4528 ad
1912 4465 2096 4528 viam
2126 4465 2394 4528 rectam
2421 4463 2852 4550 reducere⁷);

431 4679 474 4748 ι)
511 4682 653 4773 Dec.
693 4691 780 4731 21.
817 4693 938 4744 pag.
981 4689 1063 4742 55.
1686 4698 1693 4706 ·
1741 4678 1790 4746 ²)
1827 4677 1963 4733 Doc.
2002 4692 2088 4741 32.
2126 4693 2249 4746 pag.
2288 4681 2397 4732 80.·

425 4757 472 4828 ³)
511 4761 656 4814 Ibid.
693 4776 816 4826 pag.
857 4773 923 4824 79
961 4768 1018 4810 et
1053 4763 1141 4816 81.
1517 4813 1520 4820 ,
1740 4761 1784 4826 ⁴)
1826 4765 1961 4815 Doc.
1998 4761 2085 4822 36.
2124 4777 2179 4827 p.
2223 4773 2337 4815 101.

426 4842 472 4906 ι)
510 4844 650 4892 Doc.
689 4841 780 4902 36.
816 4857 868 4906 p.
918 4853 1028 4891 100.
1741 4840 1780 4903 ⁶)
1822 4845 1955 4890 Doc.
2000 4851 2083 4904 53.
2122 4843 2172 4892 d.
2220 4854 2338 4904 129.

423 4919 471 4988 ἵ)
507 4923 652 4976 Doc.
697 4931 813 4984 117.
851 4937 906 4986 p.
941 4921 1062 4970 281.

333 5027 497 5080 Balari,
527 5029 820 5069 Documenta
837 5028 1111 5068 numerans.
2462 5008 2523 5044 *¹⁸¹
