3575 5775
1387 1854 1531 1951 Ad
1596 1856 2059 1953 lectorem.

619 2078 824 2159 Quae
875 2098 1062 2141 nunc
1109 2080 1176 2141 in
1228 2082 1454 2142 lucem
1507 2080 1797 2158 edimus,
1846 2080 2083 2143 omnia
2130 2102 2217 2143 ex
2271 2082 2589 2143 Archivo
2624 2081 3009 2143 secretiore

421 2186 753 2247 Sanctae
837 2188 1208 2249 Romanae
1276 2188 1485 2248 Sedis
1563 2198 1831 2265 tracta,
1895 2188 2175 2267 integra
2251 2199 2321 2251 et
2384 2188 2657 2250 sincera
2726 2190 3007 2257 damus:

425 2312 578 2353 non
633 2294 870 2355 omnia
939 2314 1148 2373 nova,
1200 2306 1508 2355 attamen
1563 2296 1798 2357 omnia
1847 2294 2287 2357 accuratiore
2338 2294 2571 2357 studio
2622 2296 2815 2357 edita
2865 2314 3004 2356 cre-

428 2399 674 2459 dimus
789 2400 1160 2480 Quaedam
1209 2402 1532 2463 ediderat
1563 2402 1696 2463 iam
1733 2400 2164 2487 Friedrich¹)
2201 2422 2289 2463 ex
2326 2401 2572 2463 codice
2604 2402 3007 2477 tridentino,

433 2506 556 2567 cui
623 2508 929 2569 fortasse
995 2508 1112 2569 ille
1181 2508 1465 2571 maioris
1525 2509 1866 2589 ponderis
1933 2509 2425 2571 auctoritatem
2494 2509 2739 2571 tribuit
2802 2529 3009 2589 quarn

435 2628 833 2683 mereatur:
919 2614 1138 2676 edidit
1210 2627 1445 2678 tamen
1510 2616 1681 2677 satis
1745 2617 2085 2677 mendose
2154 2625 2225 2677 et
2280 2616 2733 2698 imperfecte,
2796 2635 3005 2695 quum

434 2722 664 2780 multa
713 2720 780 2781 in
834 2720 1080 2783 codice
1129 2722 1460 2783 deessent
1506 2722 1716 2783 etiam
1751 2722 2118 2801 Aleandri,
2154 2723 2389 2785 omnia
2421 2721 3007 2785 Vicecancellarii

439 2838 516 2888 et
566 2826 884 2891 aliorum.
983 2828 1347 2910 Quaedam
1401 2830 1722 2892 ediderat
1773 2830 1983 2892 etiam
2035 2830 2492 2912 Lae1nmer²)‚
2558 2832 2716 2909 sed,
2768 2830 3009 2893 nescio

439 2935 820 3015 qu0.fat0,
889 2937 1134 2999 mutila
1205 2949 1274 3000 et
1325 2949 1559 3000 errata
1607 2937 1927 3019 pluribus
1974 2937 2043 3000 in
2093 2939 2287 3022 lociS.
2385 2938 2747 3018 Quaedam
2814 2937 3007 3017 Ray-

439 3043 700 3103 naldus
749 3053 820 3104 et
867 3043 983 3104 alii
1035 3045 1409 3107 ediderant
1460 3066 1550 3106 ex
1602 3045 1903 3107 diversis
1964 3046 2349 3107 codicibus,
2460 3045 2606 3105 Nos
2670 3065 2755 3104 ex
2822 3043 3008 3105 codi-

441 3151 650 3210 cibus
702 3151 1146 3229 authenticis,
1197 3173 1284 3213 ex
1335 3152 1793 3236 ortgrfnalae'bus
1839 3152 2117 3234 lc'tscrt'S,
2170 3175 2257 3214 ex
2312 3151 2653 3214 Aleandri
2705 3151 3007 3212 collecti-

441 3257 703 3318 onibus
741 3255 1059 3340 proprt‘t's
1116 3257 1341 3341 ipsius
1399 3259 1715 3322 manibus
1761 3259 2118 3340 amabatis,
2156 3257 2603 3343 propriisque·
2650 3257 2867 3319 oculis
2916 3277 3009 3318 re-

439 3363 616 3425 visis
664 3364 898 3426 omnia
947 3366 1514 3446 transcripsimus
1563 3369 1674 3428 vel
1725 3377 1967 3434 nostra
2018 3370 2129 3428 vel
2182 3365 2563 3428 amicorum
2615 3385 2853 3446 opera.

630 3471 714 3532 Et
777 3473 1006 3552 primo
1070 3473 1354 3553 quidem
1411 3473 1686 3535 litteras
1754 3475 2097 3535 Aleandri
2162 3495 2249 3534 ex
2320 3473 2541 3554 ipsius
2590 3472 3011 3534 collectione

441 3579 832 3660 pontificiis
878 3580 1246 3642 tabulariis
1295 3590 1692 3660 asservata,
1744 3592 1813 3642 et
1864 3583 2275 3642 charactere
2323 3579 2615 3660 proprio
2668 3578 3010 3640 Aleandri

439 3697 773 3748 correcta
844 3685 981 3748 illis
1051 3687 1226 3748 locis
1291 3689 1362 3749 in
1431 3688 1685 3768 quibus
1771 3687 2146 3750 oscitantia
2236 3687 2515 3749 scribae
2592 3688 3010 3766 apparebat,

441 3793 1046 3874 transcripsimus,
1157 3794 1357 3856 Haec
1420 3795 1746 3856 collectio
1798 3795 1979 3856 iusto
2028 3794 2387 3855 volumine
2448 3791 2879 3871 continetur,
2942 3791 3011 3850 in

437 3901 644 3963 cuius
691 3899 929 3962 fronte
977 3901 1153 3963 haec
1203 3904 1427 3964 verba
1475 3905 1566 3963 ab
1619 3902 1987 3964 Aleandro
2034 3901 2377 3982 inscripta
2424 3911 2617 3962 sunt:
2670 3897 3014 3981 Epzls‘lalae

435 4005 713 4070 t'lalt'cae
761 4006 836 4070 t'n
877 4006 1110 4090 prima
1159 4029 1302 4070 mea
1351 4009 1676 4092 legatione
1734 4007 2163 4072 Germanica.
2258 4009 2415 4069 Hoc
2464 4008 2793 4068 volumen
2847 4005 3008 4066 olim

431 4117 746 4198 primum
797 4113 1276 4177 Nunciaturae
1326 4115 1815 4192 Germanicae,
1866 4137 2049 4178 nunc
2098 4117 2402 4177 habetur
2451 4113 2697 4176 ordine
2748 4112 2824 4174 L.

624 4221 988 4303 Epistolas
1035 4243 1318 4304 quoque
1367 4223 1955 4286 Vicecancellarii
2007 4243 2095 4284 ex
2160 4222 2451 4303 proprio
2503 4219 2835 4301 originali
2899 4220 3011 4280 de-

429 4329 890 4412 scripsimuffi
989 4330 1354 4392 Aleander
1447 4330 1628 4393 enim
1712 4332 2053 4413 epistolas
2123 4329 2313 4410 ipsas
2386 4327 2709 4410 collegit,
2780 4325 3011 4406 sigilla

417 4441 590 4503 fere
641 4456 930 4516 semper
979 4427 1246 4498 intacta
1293 4439 1640 4518 servavit,
1711 4450 1781 4499 et
1845 4457 2083 4499 secum
2147 4437 2379 4498 omnia
2444 4434 2804 4508 referenS,
2868 4433 3013 4494 Ro-

411 4565 622 4612 mam
673 4543 748 4604 in
801 4541 1192 4605 Pontificiis
1242 4545 1608 4608 tabulariis
1657 4557 2010 4624 tamquam
2062 4563 2292 4604 rerum
2358 4553 2719 4622 gestarum
2778 4559 3013 4601 monu-

410 4693 683 4704 ,μθ--

577 4763 622 4832 ¹)
667 4765 734 4812 In
779 4761 1214 4826 Abhandlungen
1253 4763 1346 4810 der
1385 4760 1754 4809 Historischen
1797 4760 1977 4808 Classe
2018 4759 2111 4806 der
2156 4755 2431 4818 kfmiglich
2472 4755 2823 4820 Bayerischen
2864 4753 3016 4802 Aka-

393 4849 598 4904 demie
641 4847 749 4894 der
791 4843 1270 4896 wissenschaften.
1345 4843 1538 4890 Eilster
1577 4842 1744 4894 Band.
1822 4841 2104 4888 Miinchen.
2154 4839 2301 4900 1870.

567 4931 620 5000 ¹)
667 4929 1026 4976 Monumenta
1063 4925 1323 4974 vaticana.
1397 4925 1444 4970 F
1448 4923 1644 4988 riburgi
1687 4921 1993 4986 Brisgoviae
2040 4919 2191 4978 1861.
