3575 5775
1711 533 1746 548 ›-

1331 537 1449 593 ΜΒ
1531 537 1632 594 17ὸ
1709 547 1826 590 &w

1529 740 1634 805 68.

500 850 675 930 Acta
732 850 1272 950 comparitionis
1325 848 1624 930 Lutheri
1679 848 1758 927 in
1814 847 2070 927 Diaeta
2124 842 2651 924 wormatiensi.

1119 997 1286 1064 (Aeta
1321 996 1754 1056 wormaciensia
1790 994 1881 1053 fol.
1917 995 2048 1066 ne.)

327 1133 612 1212 Joannes
645 1135 733 1196 de
767 1134 966 1214 Acie,
1018 1136 1274 1198 artium
1307 1147 1376 1198 et
1407 1136 1534 1198 iur.
1566 1145 1698 1198 utr.
1733 1137 1986 1196 doctor
2017 1131 2343 1194 officialis
2377 1127 2862 1191 'l'reverensis

1076 1250 1411 1313 Notarius
1457 1259 1680 1332 ponat
1726 1249 2075 1312 formalia.

484 1381 916 1445 Constitutus
966 1383 1281 1447 notarius
1315 1385 1460 1446 alta
1493 1395 1563 1446 et
1597 1383 2029 1465 intelligibili
2064 1403 2241 1444 voce
2275 1379 2493 1442 latine
2540 1377 2862 1460 primum,

325 1489 558 1551 deinde
621 1491 1029 1568 germanice
1104 1491 1296 1553 iussu
1383 1492 1733 1554 Caesar-ee
1804 1489 2025 1552 Sacre
2096 1487 2489 1570 Majestatis
2550 1485 2732 1547 dixit
2794 1494 2863 1546 et

323 1596 672 1676 proposuit
718 1597 788 1658 in
823 1599 1032 1676 hune,
1084 1608 1202 1660 aut
1252 1598 1321 1659 in
1367 1599 1626 1660 effectu
1678 1597 1996 1676 similem,
2047 1597 2165 1678 qui
2209 1595 2525 1676 sequitur
2558 1593 2859 1654 modum.

483 1703 784 1766 Martine
847 1705 1136 1785 Lutere,
1199 1705 1423 1767 Sacra
1483 1715 1552 1766 et
1613 1703 1879 1766 invicta
1930 1703 2283 1766 Caesarea
2342 1700 2713 1780 Maiestas,
2774 1700 2862 1760 de

323 1811 596 1873 consilio
648 1812 954 1874 omnium
1006 1812 1187 1874 sacri
1224 1810 1534 1874 Romani
1587 1811 1862 1893 imperii
1898 1809 2242 1888 ordinum,
2292 1809 2381 1869 ad
2417 1808 2666 1870 solium
2694 1827 2862 1867 suae

323 1917 687 1997 majestatis
747 1919 884 1980 huc
948 1920 1188 1981 vocari
1253 1930 1322 1981 te
1380 1919 1601 1982 iussit.
1725 1919 1823 1980 Ut
1889 1918 2108 1979 libros
2168 1929 2311 1978 tam
2372 1915 2587 1977 latine
2653 1934 2862 1994 quam

323 2025 710 2102 germanice
763 2028 891 2087 abs
923 2036 994 2088 te
1040 2026 1316 2088 aeditos
1365 2038 1435 2089 et
1485 2025 1780 2107 sparsim
1834 2025 2240 2104 divulgatos
2288 2030 2761 2102 contentaque
2794 2019 2862 2082 in

321 2131 566 2194 eisdem
617 2141 1050 2196 retractares
1097 2144 1168 2196 et
1215 2144 1624 2196 recantares
1673 2133 1873 2194 iuxta
1906 2133 2047 2194 vim
2079 2132 2375 2193 formam
2426 2139 2497 2191 et
2543 2141 2861 2190 tenorem

319 2237 601 2300 citatorii
653 2241 999 2321 mandati,
1067 2251 1314 2303 contra
1382 2251 1451 2302 te
1520 2261 1560 2302 a
1623 2240 2003 2302 Maiestate
2062 2258 2189 2300 sua
2252 2236 2552 2310 decreti,
2602 2257 2685 2297 ac
2736 2233 2863 2295 tibi

318 2345 646 2426 legittime
692 2347 1049 2427 insinuati,
1100 2351 1194 2410 ob
1244 2368 1452 2429 quam
1502 2368 1651 2409 rem
1701 2347 2053 2410 Caesaree
2088 2343 2481 2426 Majestatis
2532 2351 2603 2404 et
2640 2341 2864 2423 Impe-

319 2451 394 2514 rii
439 2473 808 2533 procerum
861 2454 1291 2533 nominibuS‚
1369 2455 1471 2516 Te
1519 2454 1885 2536 interrogo
1943 2453 2241 2536 primum
2306 2450 2597 2512 fatearis
2646 2447 2865 2512 libros

316 2559 436 2621 hos
503 2570 916 2642 praesentes
987 2561 1207 2642 (fasce
1280 2561 1618 2623 librorum
1691 2581 1975 2624 suorum
2039 2559 2256 2622 latine
2335 2567 2405 2621 et
2474 2555 2863 2619 alemanice

316 2665 724 2748 scriptorum
773 2669 840 2730 ei
891 2671 1205 2748 ostenso)
1255 2669 1543 2748 publice
1607 2667 1734 2729 tibi
1802 2677 1872 2730 et
1934 2666 2341 2748 singulatim
2406 2685 2589 2725 nunc
2650 2662 2861 2726 nomi·

315 2783 542 2854 natos,
602 2775 722 2856 qui
779 2785 904 2836 tuo
976 2775 1259 2838 nomine
1324 2775 1716 2857 pretitulati
1789 2774 2377 2837 circumferuntur
2444 2780 2601 2833 tuos
2673 2790 2861 2842 esse;

315 2879 600 2963 illosque
649 2904 781 2964 pro
831 2882 970 2943 tuis
1018 2903 1370 2964 agnoscas
1419 2904 1548 2945 nec
1593 2904 1711 2955 ne;
1764 2883 2023 2945 deinde
2058 2903 2146 2943 an
2184 2881 2341 2944 illos
2376 2888 2445 2941 et
2480 2875 2865 2940 eorundem

317 2999 637 3052 contenta
683 2999 1076 3053 retractare
1129 3000 1198 3052 et
1246 3010 1589 3052 revocare
1643 2992 1752 3052 vel
1804 2990 2131 3051 inherere
2184 2988 2446 3050 eisdem
2498 2984 2747 3066 pocius
2796 2993 2867 3045 et

315 3092 706 3159 inseverare
739 3096 937 3159 velis.
1021 3096 1178 3176 Qua
1211 3096 1774 3178 interrogatione
1811 3116 1939 3177 per
1973 3096 2360 3157 Lutherum
2397 3093 2463 3154 in
2504 3094 2678 3153 duas
2708 3110 2863 3171 par-

315 3212 412 3263 tes
457 3212 652 3265 secta
700 3214 772 3265 et
821 3203 1112 3284 partita,
1164 3206 1252 3265 ad
1317 3204 1610 3285 primam
1676 3203 2098 3285 interrogati
2150 3212 2424 3283 partem
2475 3198 2865 3280 respondit,

317 3308 524 3371 libros
574 3310 705 3372 sibi
757 3320 1075 3371 ostentes
1124 3320 1196 3374 et
1242 3310 1446 3372 titulo
1495 3322 1703 3373 tenus
1738 3312 2097 3391 prelectos
2131 3308 2347 3371 latine
2382 3318 2452 3369 et
2478 3305 2865 3369 alemanice

315 3417 626 3499 scriptOS,
676 3438 842 3479 suos
891 3438 1078 3497 esse,
1143 3418 1331 3480 domi
1381 3439 1505 3479 sue
1557 3418 1823 3498 editos,
1894 3428 1965 3480 et
2014 3416 2317 3479 feturam
2368 3436 2561 3477 suam
2613 3434 2865 3495 agnos-

317 3542 500 3603 cere,
552 3532 620 3586 et
667 3524 1074 3605 agniturum
1121 3546 1424 3606 semper.
1495 3528 1590 3605 (et
1640 3546 1775 3586 non
1810 3526 2041 3587 nullos
2085 3525 2306 3586 adletas:
2352 3522 2525 3585 allas
2570 3520 2683 3585 ln’c
2730 3542 2867 3583 non

319 3630 684 3693 flammatos
748 3651 910 3691 suos
964 3651 1104 3693 esse
1165 3630 1637 3693 stannus-siam
1698 3630 2051 3713 aliquante)
2070 3680 2086 3711 ‚
2148 3631 2271 3693 sed
2325 3628 2403 3692 in
2450 3624 2877 3711 intelligibili

315 3756 452 3799 voce
497 3736 756 3817 dt'xz'lst)

483 3845 602 3907 Ad
650 3844 992 3925 reliquam
1057 3864 1228 3907 vero
1295 3844 1718 3927 interrogati
1779 3855 2089 3925 partem,
2158 3864 2246 3905 an
2316 3844 2602 3905 eosdem
2660 3851 2731 3903 et
2792 3839 2860 3901 in

317 3948 409 4011 eis
473 3960 808 4013 contenta
869 3959 1297 4031 retractare,
1374 3972 1454 4013 ac
1521 3951 1957 4032 palinodiam
2023 3971 2278 4012 canere
2338 3950 2546 4029 velit,
2615 3967 2865 4009 causas

316 4066 622 4135 nectere,
682 4068 754 4119 et
802 4057 1099 4137 diffugia
1165 4079 1464 4138 querere
1514 4060 1782 4141 coepit;
1852 4070 2177 4139 paratum
2228 4078 2305 4119 se
2355 4056 2534 4117 dixit
2582 4052 2863 4117 Petenti

318 4182 462 4225 eum
513 4186 598 4226 ex
650 4164 870 4226 sacris
918 4164 1176 4226 litteris
1223 4164 1608 4227 informare
1656 4164 2001 4228 assentire
2054 4176 2125 4227 et
2150 4164 2624 4246 acquiescere,
2674 4160 2866 4243 quod

317 4290 458 4333 cum
507 4272 851 4334 hactenus
898 4271 1110 4333 toties
1160 4271 1490 4334 offerenti
1539 4294 1678 4334 non
1731 4272 2140 4353 contigerit,
2193 4281 2263 4333 et
2311 4272 2400 4333 de
2449 4289 2525 4332 re
2576 4267 2864 4331 difficile

319 4394 390 4437 ac
437 4378 686 4457 ardua,
734 4376 876 4440 imo
927 4378 1233 4443 maxima
1269 4383 1384 4456 ·(ut
1432 4387 1600 4459 pote
1651 4380 1741 4442 de
1788 4379 1991 4460 fide),
2050 4386 2378 4459 rogetur,
2428 4397 2505 4439 se
2556 4396 2647 4438 ex
2696 4386 2861 4436 tem·

321 4502 478 4562 pore
528 4492 601 4547 et
644 4484 1216 4565 impremeditate
1280 4488 1722 4567 respondere
1793 4508 1932 4548 non
1999 4506 2231 4567 posse.
2346 4482 2642 4563 Sibique
2706 4502 2859 4564 pro·

320 4598 552 4668 pterea
584 4590 1027 4654 deliberandi
1061 4592 1378 4675 spacium
1410 4592 1564 4655 dari
1599 4602 1670 4655 et
1701 4592 1999 4655 concedi
2049 4590 2511 4655 demisissime
2560 4588 2862 4671 rogavit.

373 4798 416 4845 ‘l
455 4796 560 4845 Hic
609 4788 891 4845 adnotatur
938 4797 992 4845 in
1044 4799 1277 4859 margine
1328 4797 1630 4847 charactere
1681 4798 2016 4847 teuthonico:
2075 4796 2391 4857 „Addidit“,
2449 4797 2545 4847 rite
2596 4796 2860 4855 recordor,

449 4876 546 4925 nisi
585 4878 760 4926 forsan
799 4878 1060 4942 quispiam
1102 4879 1378 4942 quicquam
1419 4877 1526 4926 illis
1565 4879 1841 4928 inseruerit
1878 4879 2077 4930 libris.··
