3575 5775
1680 563 2176 618 0-43292sp-z>

648 705 1044 791 extirparlo
1074 708 1406 770 havendo
1438 707 1525 770 N.
1559 705 1665 771 8Νι
1703 708 1898 771 facto
1945 717 2132 770 tutto
2179 708 2419 790 quello
2469 728 2593 772 era
2638 712 2710 771 in
2757 711 2906 772 Sua
2939 707 3042 772 δή
3079 729 3211 790 per

648 814 1075 879 remediarli.
1169 815 1273 877 La
1322 834 1491 878 cosa
1536 835 1677 878 non
1724 817 2079 897 potrebbe
2129 835 2368 878 essere
2434 815 2504 878 di
2565 815 2688 897 piu
2751 815 3210 898 importanza‚

657 922 745 985 ne
806 921 927 984 voi
986 921 1109 1003 piu
1179 921 1477 984 ardente
1526 921 1594 984 in
1646 921 1695 984 li
1743 921 2013 984 servitii
2063 921 2136 984 di
2184 920 2330 986 Sua
2379 919 2484 984 St*
2539 931 2612 985 et
2659 923 2848 986 della
2895 920 2969 984 S.
3019 921 3212 986 Sede

651 1028 1111 1111 Apostolica;
1160 1048 1291 1111 per
1339 1031 1389 1091 il
1437 1030 1569 1091 che
1618 1049 1761 1092 non
1809 1028 1882 1091 vi
1929 1029 2202 1092 faremo
2252 1030 2432 1092 altra
2479 1030 3004 1111 exhortatione,
3051 1032 3212 1093 solo

646 1137 719 1198 vi
767 1136 1189 1199 ricordiamo
1252 1157 1395 1199 non
1458 1136 1715 1200 essersi
1776 1137 2018 1199 vincto
2081 1134 2314 1200 finche
2377 1136 2436 1198 ci
2503 1147 2696 1200 resta
2756 1137 3058 1219 reliquie
3119 1139 3214 1200 de

648 1242 930 1324 inimici,
980 1252 1051 1306 et
1081 1243 1269 1306 istud
1316 1263 1545 1326 genus
1594 1243 2128 1306 daemoniorum
2186 1244 2325 1306 iam
2395 1263 2536 1307 non
2599 1253 2840 1325 potest
2898 1245 3056 1308 eiici
3117 1245 3214 1308 ie-

645 1348 853 1414 iuniis
902 1359 972 1412 et
1019 1349 1459 1413 orationibus
1506 1357 1628 1412 aut
1676 1349 1927 1414 edictis
1978 1349 2382 1430 Caesareis,
2429 1371 2712 1432 verum,
2760 1363 2836 1413 ut
2882 1351 3214 1432 scribitiS‚

647 1457 1059 1522 adhibenda
1105 1457 1391 1521 omnino
1440 1467 1603 1520 sunt
1648 1457 1946 1521 fortiora
1995 1456 2331 1522 remedia.
2424 1457 2674 1540 Itaque
2707 1468 2950 1522 curate
2999 1459 3216 1522 etiarn

646 1574 861 1646 atque
911 1564 1123 1627 etiam
1170 1575 1247 1627 ut
1294 1563 1853 1646 quibuscumque
1919 1563 2075 1628 fieri
2131 1573 2372 1646 potest
2416 1565 2750 1630 remediis
2797 1564 3218 1630 saevissima

646 1671 1041 1735 istiusmodi
1088 1671 1497 1754 pestilentia
1546 1682 1620 1736 et
1666 1671 2004 1755 contagio
2059 1671 2252 1735 illico
2325 1682 2396 1736 et
2443 1675 2534 1735 ab
2594 1671 2956 1735 radicibus
3023 1672 3214 1736 exci-

645 1780 874 1842 datur.
968 1779 1170 1842 Bene
1217 1781 1474 1841 valete.
1570 1779 1695 1840 Ex.
1728 1779 2125 1858 Florentia,
2201 1781 2297 1841 18.
2348 1777 2792 1860 Septembris
2841 1777 3216 1842 MDXXI.

826 1885 1011 1968 Quel
1072 1887 1451 1949 maladicto
1501 1887 1912 1950 Lutherano
1973 1886 2214 1968 priore
2278 1887 2350 1949 di
2397 1885 2908 1967 Augustiniani
2972 1887 3102 1948 che
3173 1885 3218 1948 e

647 2004 934 2057 tornato
982 2015 1027 2056 a
1072 1994 1448 2075 predicare
1496 1993 1567 2057 in
1616 1995 1969 2075 Anversa,
2018 1994 2166 2057 fate
2216 2014 2438 2076 opera
2485 2015 2620 2057 con
2670 1994 2933 2057 Cesare
2981 2002 3053 2055 et
3099 1994 3220 2055 col

648 2101 1089 2164 Reverendo
1154 2101 1379 2183 padre
1442 2101 1828 2165 Confessor
1894 2109 1967 2166 et
2046 2121 2181 2164 con
2261 2101 2422 2164 tutti
2484 2101 2531 2164 li
2614 2101 2782 2164 boni
2848 2098 2964 2162 voi
3030 2107 3103 2162 et
3163 2099 3220 2163 il

649 2207 896 2270 nuntio
959 2209 1091 2272 che
1154 2207 1242 2270 sii
1306 2209 1667 2290 gastigato
1730 2229 1808 2272 se
1872 2218 2138 2290 puncto
2212 2208 2672 2272 contraviene
2748 2208 2887 2269 allo
2953 2205 3219 2285 edicto,

651 2314 1032 2378 altrimenti
1086 2335 1165 2378 se
1214 2313 1361 2378 Sua
1406 2316 1687 2380 Maesta
1732 2316 1805 2379 in
1855 2335 2022 2379 cosa
2068 2325 2269 2379 tanto
2331 2325 2579 2380 sancta
2649 2324 2722 2378 et
2781 2314 3220 2396 importante

650 2442 792 2484 non
842 2421 900 2484 si
948 2423 1021 2485 fa
1066 2422 1397 2486 ubbidire
1446 2432 1517 2486 et
1562 2423 1633 2486 in
1682 2423 2044 2506 presentia
2091 2444 2239 2505 sua,
2291 2424 2422 2486 che
2471 2445 2548 2486 se
2595 2421 2752 2485 fara
2799 2421 2868 2484 in
2913 2420 2955 2482 1’
2993 2420 3222 2484 altre?

650 2529 710 2591 E
756 2527 935 2592 siate
980 2528 1273 2591 insieme
1321 2531 1432 2593 col
1480 2530 1653 2593 Rdo
1703 2529 2116 2594 Caracciolo
2165 2537 2237 2592 et
2291 2529 2622 2593 amendui
2671 2539 2741 2592 et
2789 2530 3072 2590 ciascun
3121 2527 3226 2590 da

651 2656 727 2698 se
775 2635 925 2698 fate
970 2655 1173 2699 corne
1220 2645 1469 2717 sapete
1518 2645 1590 2700 et
1634 2639 1862 2700 solete
1910 2637 2104 2718 fare,
2171 2638 2305 2699 che
2367 2634 2486 2718 gia
2550 2637 2624 2698 16
2668 2654 2885 2699 causa
2931 2654 3070 2698 non
3119 2635 3224 2696 ha

646 2741 953 2825 bisogno
1001 2742 1074 2805 di
1122 2742 1375 2807 minori
1422 2745 1774 2807 advocati.

1860 3207 2008 3273 125.

1182 3324 2102 3406 vicecancellarius
2165 3323 2676 3404 AloandrO.

1520 3464 1812 3536 (Nunssafi.
1849 3464 2100 3523 German.
2137 3462 2200 3521 1⁴.
2236 3463 2338 3533 91..)

1587 3574 1697 3643 (27.
1737 3576 2062 3641 Septembris
2107 3570 2281 3643 1521.)

830 3702 899 3765 A
945 3704 1013 3767 le
1060 3712 1301 3764 vostre
1351 3702 1440 3764 de
1489 3700 1605 3763 IX
1654 3701 1769 3763 del
1817 3708 2153 3781 presente
2188 3718 2330 3761 non
2364 3698 2628 3762 accade
2677 3700 2860 3761 altra
2906 3697 3222 3777 risposta

650 3812 785 3874 che
832 3810 1069 3893 quella
1116 3808 1177 3872 si
1224 3808 1264 3870 ὲ
1310 3808 1520 3872 solito
1567 3807 1679 3871 far
1708 3828 1751 3869 a
1783 3816 1963 3870 tutte
1995 3808 2061 3869 le
2089 3816 2351 3885 vostre,
2403 3805 2860 3870 commendat
2905 3807 2976 3868 16
3021 3803 3218 3885 fede,

647 3916 1027 3998 industria,
1096 3926 1168 3979 et
1230 3914 1522 3978 solertia
1584 3922 1828 3977 vostra
1875 3914 1946 3975 in
1995 3923 2248 3995 questa
2294 3912 2603 3994 impresa
2650 3913 2740 3974 de
2789 3910 3219 3991 extinguere

647 4025 720 4088 in
768 4032 952 4087 tutto
1012 4025 1080 4087 la
1125 4023 1467 4087 velenosa
1530 4022 1773 4103 hidra,
1843 4022 1913 4085 la
1977 4022 2184 4102 quale
2254 4030 2520 4101 quanto
2585 4018 2705 4100 piu
2769 4018 3065 4081 molesta
3137 4028 3219 4081 et

650 4130 984 4212 difficile,
1046 4138 1245 4194 tanto
1309 4150 1398 4193 ne
1444 4130 1743 4191 havrete
1793 4147 2138 4210 appresso
2199 4126 2286 4191 N.
2335 4124 2440 4189 S‘0
2495 4125 2823 4207 maggior
2878 4126 3087 4189 laude
3135 4136 3218 4188 et

649 4238 881 4321 gloria
929 4240 1111 4301 oltre
1158 4240 1226 4300 16
1272 4235 1868 4300 remuneratione.

826 4345 1033 4409 Circa
1081 4346 1151 4408 lo
1208 4344 1435 4409 amico
1484 4346 1616 4407 che
1666 4342 1970 4406 scrivete
2019 4344 2151 4405 che
2198 4349 2399 4403 tanto
2447 4360 2634 4403 noce
2664 4340 3208 4418 occultamente‚

648 4452 957 4533 bisogna
1002 4472 1133 4534 per
1181 4451 1487 4515 addesso
1534 4462 1882 4513 mostrare
1931 4449 2002 4511 di
2050 4470 2191 4511 non
2250 4449 2514 4511 vedere
2563 4456 2634 4510 et
2679 4454 3036 4509 accettare
3083 4466 3218 4527 per

648 4560 888 4620 buono
938 4559 1178 4639 quello
1228 4559 1359 4621 che
1406 4558 1479 4620 vi
1526 4560 1622 4622 ha
1668 4558 1867 4620 detto
1917 4566 1990 4620 et
2037 4575 2404 4639 promesso
2452 4553 2574 4635 piu
2607 4554 2801 4617 volte
2850 4574 2894 4615 a
2938 4552 3210 4633 parole.

650 4664 933 4747 Quanto
981 4686 1024 4729 a
1072 4667 1236 4747 quel
1282 4665 1561 4728 ribaldo
1610 4663 1850 4746 priore
1900 4664 2032 4725 che
2081 4663 2118 4725 ὲ
2165 4670 2452 4725 tornato
2499 4661 2572 4723 in
2620 4660 3040 4739 Antwersa‚
3090 4679 3210 4723 ve·

651 4773 815 4837 dete
864 4794 940 4837 se
988 4792 1199 4837 senza
1246 4772 1585 4835 scandalo
1634 4771 1694 4833 si
1742 4778 2030 4853 potesse
2080 4768 2446 4851 gastigare
2467 4816 2484 4847 ‚
2543 4768 2964 4830 altramente
3011 4764 3212 4828 dissi·

648 4882 910 4945 mulate
966 4900 1098 4964 per
1143 4881 1323 4943 hora
1370 4889 1441 4941 et
1488 4898 1701 4961 sopra
1758 4886 1941 4940 tutto
1999 4876 2061 4940 si
2124 4875 2234 4939 usi
2293 4874 2464 4958 ogni
2533 4874 2848 4938 remedio
2913 4894 3043 4957 per
3107 4892 3212 4937 re·
