<?xml version="1.0" encoding="UTF-8"?>
<!DOCTYPE html PUBLIC "-//W3C//DTD XHTML 1.0 Transitional//EN"
    "http://www.w3.org/TR/xhtml1/DTD/xhtml1-transitional.dtd">
<html xmlns="http://www.w3.org/1999/xhtml" xml:lang="en" lang="en">
 <head>
  <title>
</title>
<meta http-equiv="Content-Type" content="text/html;charset=utf-8" />
  <meta name='ocr-system' content='tesseract 3.04.00' />
  <meta name='ocr-capabilities' content='ocr_page ocr_carea ocr_par ocr_line ocrx_word'/>
</head>
<body>
  <div class='ocr_page' id='page_1' title='image "./monumentareform02vatigoog_0625.png"; bbox 0 0 3575 5775; ppageno 0'>
   <div class='ocr_carea' id='block_1_1' title="bbox 1512 579 2004 635">
    <p class='ocr_par' dir='ltr' id='par_1_1' title="bbox 1512 579 2004 635">
     <span class='ocr_line' id='line_1_1' title="bbox 1512 579 2004 635; baseline -0.006 0"><span class='ocrx_word' id='word_1_1' title='bbox 1512 579 2004 635; x_wconf 74' lang='lat'><strong>0-&lt;35318&gt;—0</strong></span> 
     </span>
    </p>
   </div>
   <div class='ocr_carea' id='block_1_2' title="bbox 473 725 3057 4984">
    <p class='ocr_par' dir='ltr' id='par_1_2' title="bbox 473 725 3045 2200">
     <span class='ocr_line' id='line_1_2' title="bbox 474 725 3038 810; baseline 0.002 -25"><span class='ocrx_word' id='word_1_2' title='bbox 474 725 613 786; x_wconf 89' lang='lat' dir='ltr'>che</span> <span class='ocrx_word' id='word_1_3' title='bbox 662 728 987 788; x_wconf 85' lang='lat' dir='ltr'>bastasse</span> <span class='ocrx_word' id='word_1_4' title='bbox 1033 725 1379 789; x_wconf 87' lang='lat' dir='ltr'>mandarli</span> <span class='ocrx_word' id='word_1_5' title='bbox 1441 747 1531 789; x_wconf 88' lang='lat' dir='ltr'>un</span> <span class='ocrx_word' id='word_1_6' title='bbox 1601 746 1837 788; x_wconf 86' lang='lat' dir='ltr'>nuovo</span> <span class='ocrx_word' id='word_1_7' title='bbox 1901 726 2164 788; x_wconf 86' lang='lat' dir='ltr'>nuncio</span> <span class='ocrx_word' id='word_1_8' title='bbox 2219 746 2354 790; x_wconf 90' lang='lat' dir='ltr'>con</span> <span class='ocrx_word' id='word_1_9' title='bbox 2401 727 2606 790; x_wconf 85' lang='lat' dir='ltr'>brevi</span> <span class='ocrx_word' id='word_1_10' title='bbox 2655 728 3038 810; x_wconf 88' lang='lat' dir='ltr'>opportuni</span> 
     </span>
     <span class='ocr_line' id='line_1_3' title="bbox 473 830 3041 915; baseline 0.002 -24"><span class='ocrx_word' id='word_1_11' title='bbox 473 830 681 893; x_wconf 86' lang='lat' dir='ltr'>iuxta</span> <span class='ocrx_word' id='word_1_12' title='bbox 728 834 791 894; x_wconf 91' lang='lat' dir='ltr'>el</span> <span class='ocrx_word' id='word_1_13' title='bbox 847 832 1115 897; x_wconf 81' lang='lat' dir='ltr'>scriver.</span> <span class='ocrx_word' id='word_1_14' title='bbox 1163 833 1279 895; x_wconf 88' lang='lat' dir='ltr'>del</span> <span class='ocrx_word' id='word_1_15' title='bbox 1324 832 1611 915; x_wconf 88' lang='lat' dir='ltr'>prefato</span> <span class='ocrx_word' id='word_1_16' title='bbox 1659 834 2082 895; x_wconf 82' lang='lat' dir='ltr'>Tridentino</span> <span class='ocrx_word' id='word_1_17' title='bbox 2141 842 2212 895; x_wconf 90' lang='lat' dir='ltr'>et</span> <span class='ocrx_word' id='word_1_18' title='bbox 2257 854 2302 897; x_wconf 86' lang='lat' dir='ltr'>a</span> <span class='ocrx_word' id='word_1_19' title='bbox 2347 844 2600 915; x_wconf 86' lang='lat' dir='ltr'>questo</span> <span class='ocrx_word' id='word_1_20' title='bbox 2651 832 2897 897; x_wconf 87' lang='lat' dir='ltr'>effetto</span> <span class='ocrx_word' id='word_1_21' title='bbox 2944 835 3041 897; x_wconf 90' lang='lat' dir='ltr'>iu-</span> 
     </span>
     <span class='ocr_line' id='line_1_4' title="bbox 474 930 3041 1022; baseline 0.002 -23"><span class='ocrx_word' id='word_1_22' title='bbox 474 937 747 1001; x_wconf 87' lang='lat' dir='ltr'>dicarei</span> <span class='ocrx_word' id='word_1_23' title='bbox 795 941 1037 1001; x_wconf 90' lang='lat' dir='ltr'>buono</span> <span class='ocrx_word' id='word_1_24' title='bbox 1084 940 1153 1001; x_wconf 92' lang='lat' dir='ltr'>lo</span> <span class='ocrx_word' id='word_1_25' title='bbox 1200 939 1559 1022; x_wconf 88' lang='lat' dir='ltr'>Episcopo</span> <span class='ocrx_word' id='word_1_26' title='bbox 1618 941 1757 1004; x_wconf 90' lang='lat' dir='ltr'>mio</span> <span class='ocrx_word' id='word_1_27' title='bbox 1821 930 2208 1020; x_wconf 84' lang='lat' dir='ltr'>Scarense,</span> <span class='ocrx_word' id='word_1_28' title='bbox 2265 941 2316 1003; x_wconf 88' lang='lat' dir='ltr'>il</span> <span class='ocrx_word' id='word_1_29' title='bbox 2370 943 2580 1022; x_wconf 87' lang='lat' dir='ltr'>quale</span> <span class='ocrx_word' id='word_1_30' title='bbox 2635 943 2796 1005; x_wconf 87' lang='lat' dir='ltr'>vale</span> <span class='ocrx_word' id='word_1_31' title='bbox 2829 942 3041 1005; x_wconf 75' lang='lat' dir='ltr'>assai</span> 
     </span>
     <span class='ocr_line' id='line_1_5' title="bbox 475 1044 3044 1131; baseline 0.002 -25"><span class='ocrx_word' id='word_1_32' title='bbox 475 1044 731 1127; x_wconf 84' lang='lat' dir='ltr'>lingua</span> <span class='ocrx_word' id='word_1_33' title='bbox 782 1055 853 1107; x_wconf 90' lang='lat' dir='ltr'>et</span> <span class='ocrx_word' id='word_1_34' title='bbox 882 1045 1206 1108; x_wconf 86' lang='lat' dir='ltr'>doctrina</span> <span class='ocrx_word' id='word_1_35' title='bbox 1256 1056 1326 1108; x_wconf 91' lang='lat' dir='ltr'>et</span> <span class='ocrx_word' id='word_1_36' title='bbox 1372 1050 1549 1110; x_wconf 86' lang='lat' dir='ltr'>hora</span> <span class='ocrx_word' id='word_1_37' title='bbox 1598 1068 1902 1111; x_wconf 88' lang='lat' dir='ltr'>conosce</span> <span class='ocrx_word' id='word_1_38' title='bbox 1951 1047 2114 1110; x_wconf 87' lang='lat' dir='ltr'>tutti</span> <span class='ocrx_word' id='word_1_39' title='bbox 2161 1047 2209 1109; x_wconf 91' lang='lat' dir='ltr'>li</span> <span class='ocrx_word' id='word_1_40' title='bbox 2265 1047 2590 1131; x_wconf 82' lang='lat' dir='ltr'>principi,</span> <span class='ocrx_word' id='word_1_41' title='bbox 2641 1058 2712 1111; x_wconf 86' lang='lat' dir='ltr'>et</span> <span class='ocrx_word' id='word_1_42' title='bbox 2759 1051 3044 1129; x_wconf 84' lang='lat' dir='ltr'>quando</span> 
     </span>
     <span class='ocr_line' id='line_1_6' title="bbox 476 1153 3042 1237; baseline 0.002 -23"><span class='ocrx_word' id='word_1_43' title='bbox 476 1172 617 1233; x_wconf 88' lang='lat' dir='ltr'>per</span> <span class='ocrx_word' id='word_1_44' title='bbox 660 1155 927 1217; x_wconf 86' lang='lat' dir='ltr'>maiore</span> <span class='ocrx_word' id='word_1_45' title='bbox 979 1155 1331 1217; x_wconf 68' lang='lat' dir='ltr'>authorita</span> <span class='ocrx_word' id='word_1_46' title='bbox 1382 1154 1622 1235; x_wconf 87' lang='lat' dir='ltr'>voglia</span> <span class='ocrx_word' id='word_1_47' title='bbox 1670 1154 1756 1216; x_wconf 87' lang='lat' dir='ltr'>N.</span> <span class='ocrx_word' id='word_1_48' title='bbox 1806 1153 1879 1216; x_wconf 77' lang='lat' dir='ltr'>S.</span> <span class='ocrx_word' id='word_1_49' title='bbox 1929 1154 2385 1237; x_wconf 87' lang='lat' dir='ltr'>agginngerli</span> <span class='ocrx_word' id='word_1_50' title='bbox 2453 1154 2502 1217; x_wconf 90' lang='lat' dir='ltr'>il</span> <span class='ocrx_word' id='word_1_51' title='bbox 2566 1155 2848 1236; x_wconf 84' lang='lat' dir='ltr'>prefato</span> <span class='ocrx_word' id='word_1_52' title='bbox 2897 1156 3042 1218; x_wconf 83' lang='lat' dir='ltr'>Tri·</span> 
     </span>
     <span class='ocr_line' id='line_1_7' title="bbox 476 1259 3042 1334; baseline 0.002 -15"><span class='ocrx_word' id='word_1_53' title='bbox 476 1259 775 1321; x_wconf 89' lang='lat' dir='ltr'>dentino</span> <span class='ocrx_word' id='word_1_54' title='bbox 824 1259 1017 1323; x_wconf 85' lang='lat' dir='ltr'>forse</span> <span class='ocrx_word' id='word_1_55' title='bbox 1068 1281 1209 1323; x_wconf 90' lang='lat' dir='ltr'>non</span> <span class='ocrx_word' id='word_1_56' title='bbox 1260 1264 1564 1324; x_wconf 86' lang='lat' dir='ltr'>sarebbe</span> <span class='ocrx_word' id='word_1_57' title='bbox 1612 1263 1834 1334; x_wconf 80' lang='lat' dir='ltr'>male3</span> <span class='ocrx_word' id='word_1_58' title='bbox 1883 1260 2117 1323; x_wconf 88' lang='lat' dir='ltr'>iudico</span> <span class='ocrx_word' id='word_1_59' title='bbox 2152 1264 2291 1324; x_wconf 88' lang='lat' dir='ltr'>ben</span> <span class='ocrx_word' id='word_1_60' title='bbox 2325 1262 2460 1323; x_wconf 86' lang='lat' dir='ltr'>che</span> <span class='ocrx_word' id='word_1_61' title='bbox 2489 1280 2632 1324; x_wconf 90' lang='lat' dir='ltr'>non</span> <span class='ocrx_word' id='word_1_62' title='bbox 2673 1262 2778 1325; x_wconf 89' lang='lat' dir='ltr'>sia</span> <span class='ocrx_word' id='word_1_63' title='bbox 2823 1266 3042 1325; x_wconf 82' lang='lat' dir='ltr'>molto</span> 
     </span>
     <span class='ocr_line' id='line_1_8' title="bbox 478 1367 3044 1451; baseline 0.001 -23"><span class='ocrx_word' id='word_1_64' title='bbox 478 1368 553 1428; x_wconf 86' lang='lat' dir='ltr'>a1</span> <span class='ocrx_word' id='word_1_65' title='bbox 604 1367 971 1448; x_wconf 88' lang='lat' dir='ltr'>proposito</span> <span class='ocrx_word' id='word_1_66' title='bbox 1019 1386 1406 1450; x_wconf 82' lang='lat' dir='ltr'>procurare</span> <span class='ocrx_word' id='word_1_67' title='bbox 1454 1371 1587 1430; x_wconf 91' lang='lat' dir='ltr'>che</span> <span class='ocrx_word' id='word_1_68' title='bbox 1636 1368 1683 1431; x_wconf 90' lang='lat' dir='ltr'>li</span> <span class='ocrx_word' id='word_1_69' title='bbox 1733 1368 1998 1431; x_wconf 89' lang='lat' dir='ltr'>oratori</span> <span class='ocrx_word' id='word_1_70' title='bbox 2047 1370 2137 1429; x_wconf 89' lang='lat' dir='ltr'>de</span> <span class='ocrx_word' id='word_1_71' title='bbox 2185 1368 2232 1430; x_wconf 89' lang='lat' dir='ltr'>li</span> <span class='ocrx_word' id='word_1_72' title='bbox 2283 1368 2440 1431; x_wconf 85' lang='lat' dir='ltr'>altri</span> <span class='ocrx_word' id='word_1_73' title='bbox 2487 1390 2564 1431; x_wconf 88' lang='lat' dir='ltr'>re</span> <span class='ocrx_word' id='word_1_74' title='bbox 2615 1380 2686 1431; x_wconf 94' lang='lat' dir='ltr'>et</span> <span class='ocrx_word' id='word_1_75' title='bbox 2741 1370 3044 1451; x_wconf 85' lang='lat' dir='ltr'>principi</span> 
     </span>
     <span class='ocr_line' id='line_1_9' title="bbox 478 1461 3042 1557; baseline 0.002 -23"><span class='ocrx_word' id='word_1_76' title='bbox 478 1474 532 1535; x_wconf 87' lang='lat' dir='ltr'>li</span> <span class='ocrx_word' id='word_1_77' title='bbox 582 1474 1127 1556; x_wconf 86' lang='lat' dir='ltr'>intervengan0‚</span> <span class='ocrx_word' id='word_1_78' title='bbox 1177 1476 1526 1539; x_wconf 63' lang='lat' dir='ltr'>ancorche</span> <span class='ocrx_word' id='word_1_79' title='bbox 1574 1496 1651 1537; x_wconf 89' lang='lat' dir='ltr'>se</span> <span class='ocrx_word' id='word_1_80' title='bbox 1700 1496 1836 1557; x_wconf 89' lang='lat' dir='ltr'>pur</span> <span class='ocrx_word' id='word_1_81' title='bbox 1883 1475 1933 1537; x_wconf 91' lang='lat' dir='ltr'>li</span> <span class='ocrx_word' id='word_1_82' title='bbox 1981 1496 2056 1538; x_wconf 93' lang='lat' dir='ltr'>se</span> <span class='ocrx_word' id='word_1_83' title='bbox 2105 1461 2382 1539; x_wconf 77' lang='lat' dir='ltr'>facesse</span> <span class='ocrx_word' id='word_1_84' title='bbox 2431 1479 2732 1557; x_wconf 84' lang='lat' dir='ltr'>qualche</span> <span class='ocrx_word' id='word_1_85' title='bbox 2779 1480 3042 1541; x_wconf 51' lang='lat' dir='ltr'>resolur</span> 
     </span>
     <span class='ocr_line' id='line_1_10' title="bbox 476 1580 3044 1665; baseline 0.002 -24"><span class='ocrx_word' id='word_1_86' title='bbox 476 1580 677 1642; x_wconf 89' lang='lat' dir='ltr'>tione</span> <span class='ocrx_word' id='word_1_87' title='bbox 726 1602 867 1644; x_wconf 89' lang='lat' dir='ltr'>non</span> <span class='ocrx_word' id='word_1_88' title='bbox 917 1584 1155 1644; x_wconf 88' lang='lat' dir='ltr'>buona</span> <span class='ocrx_word' id='word_1_89' title='bbox 1206 1585 1339 1645; x_wconf 87' lang='lat' dir='ltr'>che</span> <span class='ocrx_word' id='word_1_90' title='bbox 1384 1582 1661 1645; x_wconf 84' lang='lat' dir='ltr'>fussero</span> <span class='ocrx_word' id='word_1_91' title='bbox 1710 1582 1864 1645; x_wconf 88' lang='lat' dir='ltr'>loro</span> <span class='ocrx_word' id='word_1_92' title='bbox 1913 1582 2067 1662; x_wconf 81' lang='lat' dir='ltr'>soli,</span> <span class='ocrx_word' id='word_1_93' title='bbox 2117 1592 2189 1645; x_wconf 88' lang='lat' dir='ltr'>et</span> <span class='ocrx_word' id='word_1_94' title='bbox 2245 1584 2314 1645; x_wconf 90' lang='lat' dir='ltr'>la</span> <span class='ocrx_word' id='word_1_95' title='bbox 2376 1582 2582 1645; x_wconf 88' lang='lat' dir='ltr'>Sede·</span> <span class='ocrx_word' id='word_1_96' title='bbox 2625 1585 3044 1665; x_wconf 84' lang='lat' dir='ltr'>Apostolica</span> 
     </span>
     <span class='ocr_line' id='line_1_11' title="bbox 478 1690 3041 1771; baseline 0.002 -22"><span class='ocrx_word' id='word_1_97' title='bbox 478 1708 563 1750; x_wconf 86' lang='lat' dir='ltr'>se</span> <span class='ocrx_word' id='word_1_98' title='bbox 614 1697 901 1769; x_wconf 86' lang='lat' dir='ltr'>potesse</span> <span class='ocrx_word' id='word_1_99' title='bbox 948 1693 1325 1771; x_wconf 81' lang='lat' dir='ltr'>prevalere</span> <span class='ocrx_word' id='word_1_100' title='bbox 1374 1691 1463 1751; x_wconf 89' lang='lat' dir='ltr'>de</span> <span class='ocrx_word' id='word_1_101' title='bbox 1527 1692 1593 1752; x_wconf 91' lang='lat' dir='ltr'>le</span> <span class='ocrx_word' id='word_1_102' title='bbox 1640 1692 1822 1752; x_wconf 88' lang='lat' dir='ltr'>altre</span> <span class='ocrx_word' id='word_1_103' title='bbox 1872 1690 2138 1752; x_wconf 90' lang='lat' dir='ltr'>nationi</span> <span class='ocrx_word' id='word_1_104' title='bbox 2189 1710 2388 1752; x_wconf 90' lang='lat' dir='ltr'>come</span> <span class='ocrx_word' id='word_1_105' title='bbox 2437 1692 2672 1771; x_wconf 86' lang='lat' dir='ltr'>quelle</span> <span class='ocrx_word' id='word_1_106' title='bbox 2722 1694 2852 1754; x_wconf 88' lang='lat' dir='ltr'>che</span> <span class='ocrx_word' id='word_1_107' title='bbox 2899 1709 3041 1753; x_wconf 89' lang='lat' dir='ltr'>non</span> 
     </span>
     <span class='ocr_line' id='line_1_12' title="bbox 484 1794 3040 1878; baseline 0.002 -23"><span class='ocrx_word' id='word_1_108' title='bbox 484 1794 549 1855; x_wconf 87' lang='lat' dir='ltr'>ci</span> <span class='ocrx_word' id='word_1_109' title='bbox 600 1794 876 1858; x_wconf 81' lang='lat' dir='ltr'>fussero</span> <span class='ocrx_word' id='word_1_110' title='bbox 925 1796 1374 1860; x_wconf 83' lang='lat' dir='ltr'>intervenute</span> <span class='ocrx_word' id='word_1_111' title='bbox 1422 1798 1509 1859; x_wconf 72' lang='lat' dir='ltr'>nc</span> <span class='ocrx_word' id='word_1_112' title='bbox 1560 1798 1729 1859; x_wconf 88' lang='lat' dir='ltr'>dato</span> <span class='ocrx_word' id='word_1_113' title='bbox 1776 1796 1827 1859; x_wconf 87' lang='lat' dir='ltr'>il</span> <span class='ocrx_word' id='word_1_114' title='bbox 1875 1816 2251 1867; x_wconf 82' lang='lat' dir='ltr'>consenso;</span> <span class='ocrx_word' id='word_1_115' title='bbox 2303 1807 2376 1860; x_wconf 89' lang='lat' dir='ltr'>et</span> <span class='ocrx_word' id='word_1_116' title='bbox 2403 1810 2656 1878; x_wconf 85' lang='lat' dir='ltr'>reputo</span> <span class='ocrx_word' id='word_1_117' title='bbox 2691 1798 2822 1860; x_wconf 84' lang='lat' dir='ltr'>che</span> <span class='ocrx_word' id='word_1_118' title='bbox 2855 1818 3040 1861; x_wconf 85' lang='lat' dir='ltr'>man-</span> 
     </span>
     <span class='ocr_line' id='line_1_13' title="bbox 485 1903 3044 1988; baseline 0.002 -25"><span class='ocrx_word' id='word_1_119' title='bbox 485 1904 660 1964; x_wconf 89' lang='lat' dir='ltr'>dare</span> <span class='ocrx_word' id='word_1_120' title='bbox 707 1904 831 1965; x_wconf 89' lang='lat' dir='ltr'>tali</span> <span class='ocrx_word' id='word_1_121' title='bbox 883 1905 1148 1967; x_wconf 89' lang='lat' dir='ltr'>oratori</span> <span class='ocrx_word' id='word_1_122' title='bbox 1197 1904 1267 1966; x_wconf 89' lang='lat' dir='ltr'>in</span> <span class='ocrx_word' id='word_1_123' title='bbox 1319 1903 1699 1967; x_wconf 83' lang='lat' dir='ltr'>Germania</span> <span class='ocrx_word' id='word_1_124' title='bbox 1760 1925 1902 1966; x_wconf 89' lang='lat' dir='ltr'>non</span> <span class='ocrx_word' id='word_1_125' title='bbox 1965 1904 2160 1967; x_wconf 87' lang='lat' dir='ltr'>fusse</span> <span class='ocrx_word' id='word_1_126' title='bbox 2220 1908 2438 1967; x_wconf 89' lang='lat' dir='ltr'>molto</span> <span class='ocrx_word' id='word_1_127' title='bbox 2495 1905 2728 1967; x_wconf 82' lang='lat' dir='ltr'>sicuro</span> <span class='ocrx_word' id='word_1_128' title='bbox 2781 1906 3044 1988; x_wconf 69' lang='lat' dir='ltr'>perche</span> 
     </span>
     <span class='ocr_line' id='line_1_14' title="bbox 478 2010 3045 2093; baseline 0.001 -22"><span class='ocrx_word' id='word_1_129' title='bbox 478 2010 893 2073; x_wconf 77' lang='lat' dir='ltr'>facilmente</span> <span class='ocrx_word' id='word_1_130' title='bbox 944 2021 1014 2073; x_wconf 90' lang='lat' dir='ltr'>et</span> <span class='ocrx_word' id='word_1_131' title='bbox 1064 2032 1195 2074; x_wconf 90' lang='lat' dir='ltr'>con</span> <span class='ocrx_word' id='word_1_132' title='bbox 1249 2012 1437 2075; x_wconf 87' lang='lat' dir='ltr'>mille</span> <span class='ocrx_word' id='word_1_133' title='bbox 1494 2012 1608 2074; x_wconf 82' lang='lat' dir='ltr'>vie</span> <span class='ocrx_word' id='word_1_134' title='bbox 1670 2014 2123 2093; x_wconf 89' lang='lat' dir='ltr'>potrebbono</span> <span class='ocrx_word' id='word_1_135' title='bbox 2175 2032 2412 2075; x_wconf 85' lang='lat' dir='ltr'>essere</span> <span class='ocrx_word' id='word_1_136' title='bbox 2462 2012 2755 2075; x_wconf 85' lang='lat' dir='ltr'>corrotti</span> <span class='ocrx_word' id='word_1_137' title='bbox 2803 2022 2878 2074; x_wconf 91' lang='lat' dir='ltr'>et</span> <span class='ocrx_word' id='word_1_138' title='bbox 2944 2010 3045 2074; x_wconf 84' lang='lat' dir='ltr'>in-</span> 
     </span>
     <span class='ocr_line' id='line_1_15' title="bbox 482 2118 2009 2200; baseline 0.003 -23"><span class='ocrx_word' id='word_1_139' title='bbox 482 2118 668 2178; x_wconf 86' lang='lat' dir='ltr'>dutti</span> <span class='ocrx_word' id='word_1_140' title='bbox 722 2140 759 2180; x_wconf 84' lang='lat' dir='ltr'>a</span> <span class='ocrx_word' id='word_1_141' title='bbox 809 2119 1216 2182; x_wconf 89' lang='lat' dir='ltr'>consentire</span> <span class='ocrx_word' id='word_1_142' title='bbox 1266 2122 1573 2200; x_wconf 84' lang='lat' dir='ltr'>qualche</span> <span class='ocrx_word' id='word_1_143' title='bbox 1623 2120 2009 2182; x_wconf 87' lang='lat' dir='ltr'>disordine.</span> 
     </span>
    </p>

    <p class='ocr_par' dir='ltr' id='par_1_3' title="bbox 482 2224 3048 2629">
     <span class='ocr_line' id='line_1_16' title="bbox 668 2224 3045 2308; baseline 0 -21"><span class='ocrx_word' id='word_1_144' title='bbox 668 2224 937 2304; x_wconf 78' lang='lat' dir='ltr'>Questo</span> <span class='ocrx_word' id='word_1_145' title='bbox 986 2228 1021 2289; x_wconf 71' lang='lat' dir='ltr'>e</span> <span class='ocrx_word' id='word_1_146' title='bbox 1073 2238 1339 2307; x_wconf 82' lang='lat' dir='ltr'>quanto</span> <span class='ocrx_word' id='word_1_147' title='bbox 1388 2229 1456 2289; x_wconf 89' lang='lat' dir='ltr'>al</span> <span class='ocrx_word' id='word_1_148' title='bbox 1506 2234 1838 2308; x_wconf 78' lang='lat' dir='ltr'>presente</span> <span class='ocrx_word' id='word_1_149' title='bbox 1875 2226 1967 2288; x_wconf 91' lang='lat' dir='ltr'>mi</span> <span class='ocrx_word' id='word_1_150' title='bbox 1999 2244 2290 2289; x_wconf 88' lang='lat' dir='ltr'>occorre</span> <span class='ocrx_word' id='word_1_151' title='bbox 2325 2226 2393 2287; x_wconf 81' lang='lat' dir='ltr'>in</span> <span class='ocrx_word' id='word_1_152' title='bbox 2430 2236 2682 2307; x_wconf 85' lang='lat' dir='ltr'>questa</span> <span class='ocrx_word' id='word_1_153' title='bbox 2709 2226 3045 2298; x_wconf 59' lang='lat' dir='ltr'>mater-iffi</span> 
     </span>
     <span class='ocr_line' id='line_1_17' title="bbox 482 2330 3048 2413; baseline 0.001 -21"><span class='ocrx_word' id='word_1_154' title='bbox 482 2330 532 2393; x_wconf 89' lang='lat' dir='ltr'>il</span> <span class='ocrx_word' id='word_1_155' title='bbox 568 2333 773 2409; x_wconf 86' lang='lat' dir='ltr'>quale</span> <span class='ocrx_word' id='word_1_156' title='bbox 802 2342 985 2395; x_wconf 87' lang='lat' dir='ltr'>tutto</span> <span class='ocrx_word' id='word_1_157' title='bbox 1013 2333 1295 2396; x_wconf 88' lang='lat' dir='ltr'>rimetto</span> <span class='ocrx_word' id='word_1_158' title='bbox 1329 2335 1397 2396; x_wconf 89' lang='lat' dir='ltr'>al</span> <span class='ocrx_word' id='word_1_159' title='bbox 1428 2334 1951 2413; x_wconf 86' lang='lat' dir='ltr'>sapientissimo</span> <span class='ocrx_word' id='word_1_160' title='bbox 1983 2332 2246 2395; x_wconf 88' lang='lat' dir='ltr'>iudicio</span> <span class='ocrx_word' id='word_1_161' title='bbox 2281 2332 2350 2394; x_wconf 92' lang='lat' dir='ltr'>di</span> <span class='ocrx_word' id='word_1_162' title='bbox 2387 2332 2458 2396; x_wconf 83' lang='lat' dir='ltr'>S.</span> <span class='ocrx_word' id='word_1_163' title='bbox 2495 2334 2617 2394; x_wconf 61' lang='grc' dir='ltr'>ΒΜ</span> <span class='ocrx_word' id='word_1_164' title='bbox 2661 2344 2732 2395; x_wconf 89' lang='lat' dir='ltr'>et</span> <span class='ocrx_word' id='word_1_165' title='bbox 2764 2334 3048 2413; x_wconf 85' lang='lat' dir='ltr'>quando</span> 
     </span>
     <span class='ocr_line' id='line_1_18' title="bbox 490 2437 3047 2523; baseline 0.002 -26"><span class='ocrx_word' id='word_1_166' title='bbox 490 2438 571 2497; x_wconf 89' lang='lat' dir='ltr'>V.</span> <span class='ocrx_word' id='word_1_167' title='bbox 630 2437 703 2500; x_wconf 75' lang='lat' dir='ltr'>S.</span> <span class='ocrx_word' id='word_1_168' title='bbox 754 2459 1059 2502; x_wconf 90' lang='lat' dir='ltr'>conosca</span> <span class='ocrx_word' id='word_1_169' title='bbox 1111 2444 1240 2503; x_wconf 87' lang='lat' dir='ltr'>che</span> <span class='ocrx_word' id='word_1_170' title='bbox 1305 2441 1373 2502; x_wconf 87' lang='lat' dir='ltr'>in</span> <span class='ocrx_word' id='word_1_171' title='bbox 1440 2442 1743 2523; x_wconf 82' lang='lat' dir='ltr'>qualche</span> <span class='ocrx_word' id='word_1_172' title='bbox 1809 2451 2014 2522; x_wconf 84' lang='lat' dir='ltr'>parte</span> <span class='ocrx_word' id='word_1_173' title='bbox 2075 2440 2389 2516; x_wconf 81' lang='lat' dir='ltr'>manchi,</span> <span class='ocrx_word' id='word_1_174' title='bbox 2455 2440 2758 2523; x_wconf 82' lang='lat' dir='ltr'>pregola</span> <span class='ocrx_word' id='word_1_175' title='bbox 2819 2456 2950 2521; x_wconf 89' lang='lat' dir='ltr'>per</span> <span class='ocrx_word' id='word_1_176' title='bbox 3005 2438 3047 2501; x_wconf 91' lang='lat' dir='ltr'>l&#39;</span> 
     </span>
     <span class='ocr_line' id='line_1_19' title="bbox 483 2544 3048 2629; baseline 0.002 -23"><span class='ocrx_word' id='word_1_177' title='bbox 483 2564 687 2606; x_wconf 87' lang='lat' dir='ltr'>amor</span> <span class='ocrx_word' id='word_1_178' title='bbox 732 2548 867 2607; x_wconf 90' lang='lat' dir='ltr'>che</span> <span class='ocrx_word' id='word_1_179' title='bbox 914 2548 981 2609; x_wconf 82' lang='lat' dir='ltr'>la</span> <span class='ocrx_word' id='word_1_180' title='bbox 1032 2548 1121 2609; x_wconf 88' lang='lat' dir='ltr'>mi</span> <span class='ocrx_word' id='word_1_181' title='bbox 1170 2558 1377 2629; x_wconf 83' lang='lat' dir='ltr'>porta</span> <span class='ocrx_word' id='word_1_182' title='bbox 1426 2548 1665 2629; x_wconf 82' lang='lat' dir='ltr'>voglia</span> <span class='ocrx_word' id='word_1_183' title='bbox 1716 2550 2122 2628; x_wconf 81' lang='lat' dir='ltr'>corregerlo</span> <span class='ocrx_word' id='word_1_184' title='bbox 2169 2557 2239 2609; x_wconf 88' lang='lat' dir='ltr'>et</span> <span class='ocrx_word' id='word_1_185' title='bbox 2268 2548 2388 2609; x_wconf 92' lang='lat' dir='ltr'>nol</span> <span class='ocrx_word' id='word_1_186' title='bbox 2421 2549 2664 2627; x_wconf 83' lang='lat' dir='ltr'>legere</span> <span class='ocrx_word' id='word_1_187' title='bbox 2691 2568 2734 2609; x_wconf 86' lang='lat' dir='ltr'>a</span> <span class='ocrx_word' id='word_1_188' title='bbox 2769 2544 2841 2611; x_wconf 90' lang='lat' dir='ltr'>S.</span> <span class='ocrx_word' id='word_1_189' title='bbox 2874 2546 3048 2611; x_wconf 89' lang='lat' dir='ltr'>Bne.</span> 
     </span>
    </p>

    <p class='ocr_par' dir='ltr' id='par_1_4' title="bbox 480 2652 3057 4984">
     <span class='ocr_line' id='line_1_20' title="bbox 669 2652 3050 2717; baseline 0.001 -4"><span class='ocrx_word' id='word_1_190' title='bbox 669 2653 823 2715; x_wconf 85' lang='lat' dir='ltr'>Non</span> <span class='ocrx_word' id='word_1_191' title='bbox 874 2656 1148 2716; x_wconf 67' lang='lat' dir='ltr'>restare</span> <span class='ocrx_word' id='word_1_192' title='bbox 1196 2656 1462 2717; x_wconf 85' lang='lat' dir='ltr'>anchor</span> <span class='ocrx_word' id='word_1_193' title='bbox 1512 2653 1582 2716; x_wconf 91' lang='lat' dir='ltr'>di</span> <span class='ocrx_word' id='word_1_194' title='bbox 1632 2653 1784 2717; x_wconf 90' lang='lat' dir='ltr'>dire</span> <span class='ocrx_word' id='word_1_195' title='bbox 1833 2674 1876 2715; x_wconf 92' lang='lat' dir='ltr'>a</span> <span class='ocrx_word' id='word_1_196' title='bbox 1926 2652 2010 2716; x_wconf 88' lang='lat' dir='ltr'>V.</span> <span class='ocrx_word' id='word_1_197' title='bbox 2063 2652 2134 2717; x_wconf 73' lang='lat' dir='ltr'>S.</span> <span class='ocrx_word' id='word_1_198' title='bbox 2199 2654 2331 2716; x_wconf 87' lang='lat' dir='ltr'>che</span> <span class='ocrx_word' id='word_1_199' title='bbox 2391 2655 2610 2716; x_wconf 89' lang='lat' dir='ltr'>molto</span> <span class='ocrx_word' id='word_1_200' title='bbox 2671 2662 2784 2715; x_wconf 83' lang='lat' dir='ltr'>sto</span> <span class='ocrx_word' id='word_1_201' title='bbox 2829 2672 3050 2715; x_wconf 84' lang='lat' dir='ltr'>mera-</span> 
     </span>
     <span class='ocr_line' id='line_1_21' title="bbox 482 2760 3050 2843; baseline 0.001 -22"><span class='ocrx_word' id='word_1_202' title='bbox 482 2760 787 2840; x_wconf 86' lang='lat' dir='ltr'>vigliato</span> <span class='ocrx_word' id='word_1_203' title='bbox 839 2762 925 2821; x_wconf 84' lang='lat' dir='ltr'>de</span> <span class='ocrx_word' id='word_1_204' title='bbox 974 2781 1115 2823; x_wconf 87' lang='lat' dir='ltr'>una</span> <span class='ocrx_word' id='word_1_205' title='bbox 1163 2763 1415 2843; x_wconf 89' lang='lat' dir='ltr'>parola</span> <span class='ocrx_word' id='word_1_206' title='bbox 1460 2763 1591 2824; x_wconf 90' lang='lat' dir='ltr'>che</span> <span class='ocrx_word' id='word_1_207' title='bbox 1642 2762 1698 2823; x_wconf 87' lang='lat' dir='ltr'>si</span> <span class='ocrx_word' id='word_1_208' title='bbox 1763 2760 1954 2842; x_wconf 86' lang='lat' dir='ltr'>legia</span> <span class='ocrx_word' id='word_1_209' title='bbox 2015 2762 2204 2823; x_wconf 83' lang='lat' dir='ltr'>nella</span> <span class='ocrx_word' id='word_1_210' title='bbox 2261 2762 2525 2823; x_wconf 79' lang='lat' dir='ltr'>lettera¹</span> <span class='ocrx_word' id='word_1_211' title='bbox 2583 2762 2698 2823; x_wconf 86' lang='lat' dir='ltr'>del</span> <span class='ocrx_word' id='word_1_212' title='bbox 2759 2760 3050 2823; x_wconf 87' lang='lat' dir='ltr'>Triden-</span> 
     </span>
     <span class='ocr_line' id='line_1_22' title="bbox 482 2866 3054 2948; baseline 0 -20"><span class='ocrx_word' id='word_1_213' title='bbox 482 2866 638 2929; x_wconf 87' lang='lat' dir='ltr'>tino</span> <span class='ocrx_word' id='word_1_214' title='bbox 690 2868 875 2930; x_wconf 87' lang='lat' dir='ltr'>dove</span> <span class='ocrx_word' id='word_1_215' title='bbox 924 2868 1292 2933; x_wconf 88' lang='lat' dir='ltr'>soadendo</span> <span class='ocrx_word' id='word_1_216' title='bbox 1342 2891 1383 2931; x_wconf 89' lang='lat' dir='ltr'>a</span> <span class='ocrx_word' id='word_1_217' title='bbox 1433 2868 1506 2932; x_wconf 81' lang='lat' dir='ltr'>S.</span> <span class='ocrx_word' id='word_1_218' title='bbox 1558 2866 1663 2931; x_wconf 56' lang='lat' dir='ltr'>S‘ib</span> <span class='ocrx_word' id='word_1_219' title='bbox 1712 2870 2054 2932; x_wconf 85' lang='lat' dir='ltr'>mandare</span> <span class='ocrx_word' id='word_1_220' title='bbox 2119 2889 2209 2929; x_wconf 90' lang='lat' dir='ltr'>un</span> <span class='ocrx_word' id='word_1_221' title='bbox 2283 2869 2526 2948; x_wconf 79' lang='lat' dir='ltr'>legato</span> <span class='ocrx_word' id='word_1_222' title='bbox 2590 2868 2746 2930; x_wconf 93' lang='lat' dir='ltr'>dice</span> <span class='ocrx_word' id='word_1_223' title='bbox 2803 2869 2936 2931; x_wconf 89' lang='lat' dir='ltr'>che</span> <span class='ocrx_word' id='word_1_224' title='bbox 2984 2870 3054 2929; x_wconf 81' lang='lat' dir='ltr'>la</span> 
     </span>
     <span class='ocr_line' id='line_1_23' title="bbox 484 2973 3051 3058; baseline 0 -22"><span class='ocrx_word' id='word_1_225' title='bbox 484 2995 631 3036; x_wconf 85' lang='lat' dir='ltr'>non</span> <span class='ocrx_word' id='word_1_226' title='bbox 684 2975 869 3037; x_wconf 90' lang='lat' dir='ltr'>deve</span> <span class='ocrx_word' id='word_1_227' title='bbox 911 2977 1296 3040; x_wconf 87' lang='lat' dir='ltr'>retrahersi</span> <span class='ocrx_word' id='word_1_228' title='bbox 1349 2979 1439 3039; x_wconf 92' lang='lat' dir='ltr'>da</span> <span class='ocrx_word' id='word_1_229' title='bbox 1499 2988 1751 3058; x_wconf 87' lang='lat' dir='ltr'>questo</span> <span class='ocrx_word' id='word_1_230' title='bbox 1800 2977 1965 3057; x_wconf 90' lang='lat' dir='ltr'>quia</span> <span class='ocrx_word' id='word_1_231' title='bbox 2014 2975 2132 3057; x_wconf 87' lang='lat' dir='ltr'>qui</span> <span class='ocrx_word' id='word_1_232' title='bbox 2164 2984 2375 3037; x_wconf 85' lang='lat' dir='ltr'>antea</span> <span class='ocrx_word' id='word_1_233' title='bbox 2423 2973 2614 3037; x_wconf 81' lang='lat' dir='ltr'>missi</span> <span class='ocrx_word' id='word_1_234' title='bbox 2663 2985 2827 3036; x_wconf 87' lang='lat' dir='ltr'>sunt</span> <span class='ocrx_word' id='word_1_235' title='bbox 2873 2975 3051 3036; x_wconf 82' lang='lat' dir='ltr'>fruc·-</span> 
     </span>
     <span class='ocr_line' id='line_1_24' title="bbox 480 3078 3053 3165; baseline -0 -22"><span class='ocrx_word' id='word_1_236' title='bbox 480 3093 605 3143; x_wconf 81' lang='lat' dir='ltr'>tus</span> <span class='ocrx_word' id='word_1_237' title='bbox 637 3081 891 3145; x_wconf 78' lang='lat' dir='ltr'>afferre</span> <span class='ocrx_word' id='word_1_238' title='bbox 940 3085 1410 3164; x_wconf 85' lang='lat' dir='ltr'>nequiverunt</span> <span class='ocrx_word' id='word_1_239' title='bbox 1445 3093 1516 3146; x_wconf 93' lang='lat' dir='ltr'>et</span> <span class='ocrx_word' id='word_1_240' title='bbox 1566 3083 1794 3165; x_wconf 85' lang='lat' dir='ltr'>magis</span> <span class='ocrx_word' id='word_1_241' title='bbox 1842 3082 2146 3145; x_wconf 86' lang='lat' dir='ltr'>ludibrio</span> <span class='ocrx_word' id='word_1_242' title='bbox 2195 3078 2422 3144; x_wconf 88' lang='lat' dir='ltr'>habiti</span> <span class='ocrx_word' id='word_1_243' title='bbox 2473 3096 2668 3152; x_wconf 77' lang='lat' dir='ltr'>sunt:</span> <span class='ocrx_word' id='word_1_244' title='bbox 2717 3091 2788 3142; x_wconf 90' lang='lat' dir='ltr'>et</span> <span class='ocrx_word' id='word_1_245' title='bbox 2827 3080 3053 3162; x_wconf 83' lang='lat' dir='ltr'>parmi</span> 
     </span>
     <span class='ocr_line' id='line_1_25' title="bbox 482 3188 3054 3271; baseline -0.001 -22"><span class='ocrx_word' id='word_1_246' title='bbox 482 3191 623 3250; x_wconf 89' lang='lat' dir='ltr'>che</span> <span class='ocrx_word' id='word_1_247' title='bbox 677 3209 803 3251; x_wconf 83' lang='lat' dir='ltr'>sua</span> <span class='ocrx_word' id='word_1_248' title='bbox 851 3189 1187 3271; x_wconf 82' lang='lat' dir='ltr'>Signoria</span> <span class='ocrx_word' id='word_1_249' title='bbox 1234 3192 1453 3254; x_wconf 81' lang='lat' dir='ltr'>habia</span> <span class='ocrx_word' id='word_1_250' title='bbox 1500 3193 1684 3253; x_wconf 88' lang='lat' dir='ltr'>male</span> <span class='ocrx_word' id='word_1_251' title='bbox 1732 3201 1986 3271; x_wconf 84' lang='lat' dir='ltr'>pesate</span> <span class='ocrx_word' id='word_1_252' title='bbox 2035 3191 2272 3270; x_wconf 89' lang='lat' dir='ltr'>quelle</span> <span class='ocrx_word' id='word_1_253' title='bbox 2319 3190 2566 3270; x_wconf 84' lang='lat' dir='ltr'>parole</span> <span class='ocrx_word' id='word_1_254' title='bbox 2614 3188 2916 3269; x_wconf 71' lang='lat' dir='ltr'>perche,</span> <span class='ocrx_word' id='word_1_255' title='bbox 2977 3195 3054 3247; x_wconf 86' lang='lat' dir='ltr'>ut</span> 
     </span>
     <span class='ocr_line' id='line_1_26' title="bbox 488 3295 3053 3378; baseline -0.001 -21"><span class='ocrx_word' id='word_1_256' title='bbox 488 3297 589 3358; x_wconf 89' lang='lat' dir='ltr'>de</span> <span class='ocrx_word' id='word_1_257' title='bbox 638 3317 747 3358; x_wconf 90' lang='lat' dir='ltr'>me</span> <span class='ocrx_word' id='word_1_258' title='bbox 796 3297 1061 3378; x_wconf 83' lang='lat' dir='ltr'>aliquid</span> <span class='ocrx_word' id='word_1_259' title='bbox 1114 3299 1365 3378; x_wconf 86' lang='lat' dir='ltr'>dicam,</span> <span class='ocrx_word' id='word_1_260' title='bbox 1416 3297 1483 3361; x_wconf 90' lang='lat' dir='ltr'>io</span> <span class='ocrx_word' id='word_1_261' title='bbox 1534 3317 1673 3360; x_wconf 89' lang='lat' dir='ltr'>non</span> <span class='ocrx_word' id='word_1_262' title='bbox 1724 3297 1940 3360; x_wconf 88' lang='lat' dir='ltr'>credo</span> <span class='ocrx_word' id='word_1_263' title='bbox 1990 3315 2183 3358; x_wconf 88' lang='lat' dir='ltr'>esser</span> <span class='ocrx_word' id='word_1_264' title='bbox 2231 3307 2416 3358; x_wconf 87' lang='lat' dir='ltr'>stato</span> <span class='ocrx_word' id='word_1_265' title='bbox 2467 3295 2772 3357; x_wconf 89' lang='lat' dir='ltr'>ludibrio</span> <span class='ocrx_word' id='word_1_266' title='bbox 2821 3315 2934 3356; x_wconf 88' lang='lat' dir='ltr'>ma</span> <span class='ocrx_word' id='word_1_267' title='bbox 2983 3295 3053 3356; x_wconf 91' lang='lat' dir='ltr'>di</span> 
     </span>
     <span class='ocr_line' id='line_1_27' title="bbox 488 3403 3048 3487; baseline 0 -24"><span class='ocrx_word' id='word_1_268' title='bbox 488 3405 713 3464; x_wconf 86' lang='lat' dir='ltr'>haver</span> <span class='ocrx_word' id='word_1_269' title='bbox 782 3403 957 3465; x_wconf 81' lang='lat' dir='ltr'>fatto</span> <span class='ocrx_word' id='word_1_270' title='bbox 1035 3407 1334 3486; x_wconf 86' lang='lat' dir='ltr'>qualche</span> <span class='ocrx_word' id='word_1_271' title='bbox 1408 3409 1601 3466; x_wconf 88' lang='lat' dir='ltr'>bona</span> <span class='ocrx_word' id='word_1_272' title='bbox 1651 3424 1910 3487; x_wconf 83' lang='lat' dir='ltr'>opera,</span> <span class='ocrx_word' id='word_1_273' title='bbox 1962 3404 2032 3465; x_wconf 89' lang='lat' dir='ltr'>di</span> <span class='ocrx_word' id='word_1_274' title='bbox 2112 3405 2246 3465; x_wconf 89' lang='lat' dir='ltr'>che</span> <span class='ocrx_word' id='word_1_275' title='bbox 2303 3411 2736 3465; x_wconf 83' lang='lat' dir='ltr'>certarnente</span> <span class='ocrx_word' id='word_1_276' title='bbox 2799 3423 2888 3463; x_wconf 86' lang='lat' dir='ltr'>ne</span> <span class='ocrx_word' id='word_1_277' title='bbox 2954 3404 3048 3464; x_wconf 90' lang='lat' dir='ltr'>ho</span> 
     </span>
     <span class='ocr_line' id='line_1_28' title="bbox 484 3509 3057 3590; baseline -0 -19"><span class='ocrx_word' id='word_1_278' title='bbox 484 3510 814 3571; x_wconf 77' lang='lat' dir='ltr'>avvisato</span> <span class='ocrx_word' id='word_1_279' title='bbox 846 3511 927 3574; x_wconf 91' lang='lat' dir='ltr'>V.</span> <span class='ocrx_word' id='word_1_280' title='bbox 958 3511 1030 3573; x_wconf 76' lang='lat' dir='ltr'>S.</span> <span class='ocrx_word' id='word_1_281' title='bbox 1065 3523 1134 3572; x_wconf 89' lang='lat' dir='ltr'>et</span> <span class='ocrx_word' id='word_1_282' title='bbox 1169 3511 1240 3578; x_wconf 81' lang='lat' dir='ltr'>S.</span> <span class='ocrx_word' id='word_1_283' title='bbox 1287 3513 1469 3585; x_wconf 90' lang='lat' dir='ltr'>Bne;</span> <span class='ocrx_word' id='word_1_284' title='bbox 1522 3522 1591 3574; x_wconf 93' lang='lat' dir='ltr'>et</span> <span class='ocrx_word' id='word_1_285' title='bbox 1640 3511 1914 3574; x_wconf 76' lang='lat' dir='ltr'>benche</span> <span class='ocrx_word' id='word_1_286' title='bbox 1963 3531 2102 3573; x_wconf 88' lang='lat' dir='ltr'>non</span> <span class='ocrx_word' id='word_1_287' title='bbox 2155 3509 2260 3572; x_wconf 88' lang='lat' dir='ltr'>sia</span> <span class='ocrx_word' id='word_1_288' title='bbox 2308 3521 2418 3572; x_wconf 86' lang='lat' dir='ltr'>sta</span> <span class='ocrx_word' id='word_1_289' title='bbox 2447 3509 2763 3572; x_wconf 84' lang='lat' dir='ltr'>extincta</span> <span class='ocrx_word' id='word_1_290' title='bbox 2804 3519 3057 3590; x_wconf 85' lang='lat' dir='ltr'>questa</span> 
     </span>
     <span class='ocr_line' id='line_1_29' title="bbox 490 3616 3054 3699; baseline 0 -21"><span class='ocrx_word' id='word_1_291' title='bbox 490 3617 775 3679; x_wconf 84' lang='lat' dir='ltr'>heresia</span> <span class='ocrx_word' id='word_1_292' title='bbox 845 3628 915 3679; x_wconf 91' lang='lat' dir='ltr'>et</span> <span class='ocrx_word' id='word_1_293' title='bbox 978 3618 1378 3698; x_wconf 87' lang='lat' dir='ltr'>sedicione,</span> <span class='ocrx_word' id='word_1_294' title='bbox 1450 3619 1519 3680; x_wconf 92' lang='lat' dir='ltr'>la</span> <span class='ocrx_word' id='word_1_295' title='bbox 1584 3620 1791 3699; x_wconf 87' lang='lat' dir='ltr'>quale</span> <span class='ocrx_word' id='word_1_296' title='bbox 1853 3620 2028 3699; x_wconf 79' lang='lat' dir='ltr'>pero</span> <span class='ocrx_word' id='word_1_297' title='bbox 2097 3637 2234 3678; x_wconf 89' lang='lat' dir='ltr'>non</span> <span class='ocrx_word' id='word_1_298' title='bbox 2305 3635 2426 3678; x_wconf 84' lang='lat' dir='ltr'>era</span> <span class='ocrx_word' id='word_1_299' title='bbox 2486 3617 2558 3678; x_wconf 87' lang='lat' dir='ltr'>in</span> <span class='ocrx_word' id='word_1_300' title='bbox 2625 3626 2836 3697; x_wconf 89' lang='lat' dir='ltr'>poter</span> <span class='ocrx_word' id='word_1_301' title='bbox 2893 3616 3054 3694; x_wconf 82' lang='lat' dir='ltr'>mic,</span> 
     </span>
     <span class='ocr_line' id='line_1_30' title="bbox 488 3723 3052 3805; baseline 0 -21"><span class='ocrx_word' id='word_1_302' title='bbox 488 3743 629 3804; x_wconf 89' lang='lat' dir='ltr'>pur</span> <span class='ocrx_word' id='word_1_303' title='bbox 676 3726 867 3786; x_wconf 83' lang='lat' dir='ltr'>dalla</span> <span class='ocrx_word' id='word_1_304' title='bbox 910 3725 1101 3787; x_wconf 88' lang='lat' dir='ltr'>dieta</span> <span class='ocrx_word' id='word_1_305' title='bbox 1150 3727 1217 3787; x_wconf 90' lang='lat' dir='ltr'>di</span> <span class='ocrx_word' id='word_1_306' title='bbox 1254 3723 1747 3805; x_wconf 87' lang='lat' dir='ltr'>Nuremberga</span> <span class='ocrx_word' id='word_1_307' title='bbox 1797 3745 1934 3786; x_wconf 89' lang='lat' dir='ltr'>non</span> <span class='ocrx_word' id='word_1_308' title='bbox 1993 3725 2052 3785; x_wconf 82' lang='lat' dir='ltr'>si</span> <span class='ocrx_word' id='word_1_309' title='bbox 2081 3723 2352 3805; x_wconf 79' lang='lat' dir='ltr'>riporto</span> <span class='ocrx_word' id='word_1_310' title='bbox 2385 3723 2722 3786; x_wconf 86' lang='lat' dir='ltr'>obrobrio</span> <span class='ocrx_word' id='word_1_311' title='bbox 2755 3725 3052 3792; x_wconf 77' lang='lat' dir='ltr'>alcimo:</span> 
     </span>
     <span class='ocr_line' id='line_1_31' title="bbox 495 3830 3054 3914; baseline -0.001 -22"><span class='ocrx_word' id='word_1_312' title='bbox 495 3845 569 3892; x_wconf 91' lang='lat' dir='ltr'>et</span> <span class='ocrx_word' id='word_1_313' title='bbox 620 3835 737 3912; x_wconf 86' lang='lat' dir='ltr'>qul</span> <span class='ocrx_word' id='word_1_314' title='bbox 787 3833 977 3894; x_wconf 86' lang='lat' dir='ltr'>lasso</span> <span class='ocrx_word' id='word_1_315' title='bbox 1029 3833 1121 3894; x_wconf 90' lang='lat' dir='ltr'>da</span> <span class='ocrx_word' id='word_1_316' title='bbox 1169 3843 1375 3914; x_wconf 88' lang='lat' dir='ltr'>parte</span> <span class='ocrx_word' id='word_1_317' title='bbox 1423 3833 1469 3896; x_wconf 92' lang='lat' dir='ltr'>li</span> <span class='ocrx_word' id='word_1_318' title='bbox 1520 3832 1783 3894; x_wconf 87' lang='lat' dir='ltr'>assidui</span> <span class='ocrx_word' id='word_1_319' title='bbox 1849 3830 2065 3893; x_wconf 81' lang='lat' dir='ltr'>officii</span> <span class='ocrx_word' id='word_1_320' title='bbox 2129 3843 2198 3893; x_wconf 91' lang='lat' dir='ltr'>et</span> <span class='ocrx_word' id='word_1_321' title='bbox 2248 3849 2466 3913; x_wconf 88' lang='lat' dir='ltr'>opere</span> <span class='ocrx_word' id='word_1_322' title='bbox 2515 3833 2646 3893; x_wconf 91' lang='lat' dir='ltr'>che</span> <span class='ocrx_word' id='word_1_323' title='bbox 2695 3831 3054 3892; x_wconf 85' lang='lat' dir='ltr'>continua-</span> 
     </span>
     <span class='ocr_line' id='line_1_32' title="bbox 489 3936 3054 4021; baseline -0.002 -19"><span class='ocrx_word' id='word_1_324' title='bbox 489 3949 731 4002; x_wconf 86' lang='lat' dir='ltr'>mente</span> <span class='ocrx_word' id='word_1_325' title='bbox 778 3939 836 4000; x_wconf 89' lang='lat' dir='ltr'>si</span> <span class='ocrx_word' id='word_1_326' title='bbox 884 3959 1061 4002; x_wconf 84' lang='lat' dir='ltr'>sono</span> <span class='ocrx_word' id='word_1_327' title='bbox 1110 3940 1320 4011; x_wconf 80' lang='lat' dir='ltr'>fatte:</span> <span class='ocrx_word' id='word_1_328' title='bbox 1390 3941 2016 4021; x_wconf 87' lang='lat' dir='ltr'>particolarmente</span> <span class='ocrx_word' id='word_1_329' title='bbox 2089 3959 2218 4000; x_wconf 91' lang='lat' dir='ltr'>con</span> <span class='ocrx_word' id='word_1_330' title='bbox 2277 3938 2438 4001; x_wconf 86' lang='lat' dir='ltr'>tutti</span> <span class='ocrx_word' id='word_1_331' title='bbox 2488 3939 2533 4000; x_wconf 89' lang='lat' dir='ltr'>li</span> <span class='ocrx_word' id='word_1_332' title='bbox 2585 3937 2884 4020; x_wconf 86' lang='lat' dir='ltr'>principi</span> <span class='ocrx_word' id='word_1_333' title='bbox 2933 3936 3054 3997; x_wconf 86' lang='lat' dir='ltr'>alli</span> 
     </span>
     <span class='ocr_line' id='line_1_33' title="bbox 490 4043 3050 4127; baseline -0.001 -20"><span class='ocrx_word' id='word_1_334' title='bbox 490 4047 684 4127; x_wconf 86' lang='lat' dir='ltr'>quali</span> <span class='ocrx_word' id='word_1_335' title='bbox 732 4045 1036 4127; x_wconf 77' lang='lat' dir='ltr'>predissi</span> <span class='ocrx_word' id='word_1_336' title='bbox 1070 4055 1253 4109; x_wconf 84' lang='lat' dir='ltr'>tutto</span> <span class='ocrx_word' id='word_1_337' title='bbox 1300 4048 1348 4109; x_wconf 91' lang='lat' dir='ltr'>il</span> <span class='ocrx_word' id='word_1_338' title='bbox 1398 4049 1633 4109; x_wconf 89' lang='lat' dir='ltr'>danno</span> <span class='ocrx_word' id='word_1_339' title='bbox 1682 4056 1752 4108; x_wconf 92' lang='lat' dir='ltr'>et</span> <span class='ocrx_word' id='word_1_340' title='bbox 1799 4047 2096 4108; x_wconf 89' lang='lat' dir='ltr'>tumulto</span> <span class='ocrx_word' id='word_1_341' title='bbox 2147 4047 2276 4107; x_wconf 91' lang='lat' dir='ltr'>che</span> <span class='ocrx_word' id='word_1_342' title='bbox 2325 4044 2442 4127; x_wconf 90' lang='lat' dir='ltr'>poi</span> <span class='ocrx_word' id='word_1_343' title='bbox 2487 4045 2526 4106; x_wconf 78' lang='grc' dir='ltr'>ὲ</span> <span class='ocrx_word' id='word_1_344' title='bbox 2559 4043 2860 4124; x_wconf 82' lang='lat' dir='ltr'>seguitO,</span> <span class='ocrx_word' id='word_1_345' title='bbox 2912 4063 3050 4105; x_wconf 91' lang='lat' dir='ltr'>non</span> 
     </span>
     <span class='ocr_line' id='line_1_34' title="bbox 490 4152 3056 4236; baseline -0.001 -21"><span class='ocrx_word' id='word_1_346' title='bbox 490 4154 863 4235; x_wconf 85' lang='lat' dir='ltr'>pigliando</span> <span class='ocrx_word' id='word_1_347' title='bbox 914 4154 962 4215; x_wconf 93' lang='lat' dir='ltr'>li</span> <span class='ocrx_word' id='word_1_348' title='bbox 1010 4153 1304 4216; x_wconf 89' lang='lat' dir='ltr'>remedii</span> <span class='ocrx_word' id='word_1_349' title='bbox 1354 4156 1483 4216; x_wconf 82' lang='lat' dir='ltr'>che</span> <span class='ocrx_word' id='word_1_350' title='bbox 1532 4153 1580 4216; x_wconf 90' lang='lat' dir='ltr'>li</span> <span class='ocrx_word' id='word_1_351' title='bbox 1626 4171 2079 4236; x_wconf 86' lang='lat' dir='ltr'>proponeva;</span> <span class='ocrx_word' id='word_1_352' title='bbox 2145 4152 2216 4213; x_wconf 90' lang='lat' dir='ltr'>di</span> <span class='ocrx_word' id='word_1_353' title='bbox 2277 4154 2408 4214; x_wconf 91' lang='lat' dir='ltr'>che</span> <span class='ocrx_word' id='word_1_354' title='bbox 2470 4169 2600 4213; x_wconf 89' lang='lat' dir='ltr'>son</span> <span class='ocrx_word' id='word_1_355' title='bbox 2666 4163 2863 4213; x_wconf 91' lang='lat' dir='ltr'>certo</span> <span class='ocrx_word' id='word_1_356' title='bbox 2923 4153 3056 4212; x_wconf 89' lang='lat' dir='ltr'>che</span> 
     </span>
     <span class='ocr_line' id='line_1_35' title="bbox 494 4257 3056 4342; baseline -0.001 -20"><span class='ocrx_word' id='word_1_357' title='bbox 494 4260 975 4334; x_wconf 79' lang='lat' dir='ltr'>ciaschaduno</span> <span class='ocrx_word' id='word_1_358' title='bbox 1026 4281 1114 4322; x_wconf 88' lang='lat' dir='ltr'>ne</span> <span class='ocrx_word' id='word_1_359' title='bbox 1150 4259 1397 4342; x_wconf 84' lang='lat' dir='ltr'>tenghi</span> <span class='ocrx_word' id='word_1_360' title='bbox 1430 4262 1667 4322; x_wconf 87' lang='lat' dir='ltr'>buona</span> <span class='ocrx_word' id='word_1_361' title='bbox 1696 4260 2056 4339; x_wconf 88' lang='lat' dir='ltr'>memoria,</span> <span class='ocrx_word' id='word_1_362' title='bbox 2104 4261 2366 4340; x_wconf 74' lang='lat' dir='ltr'>perche</span> <span class='ocrx_word' id='word_1_363' title='bbox 2417 4259 2538 4340; x_wconf 88' lang='lat' dir='ltr'>poi</span> <span class='ocrx_word' id='word_1_364' title='bbox 2585 4261 2726 4320; x_wconf 87' lang='lat' dir='ltr'>alla</span> <span class='ocrx_word' id='word_1_365' title='bbox 2753 4257 2896 4320; x_wconf 89' lang='lat' dir='ltr'>fine</span> <span class='ocrx_word' id='word_1_366' title='bbox 2925 4277 3056 4339; x_wconf 88' lang='lat' dir='ltr'>per</span> 
     </span>
     <span class='ocr_line' id='line_1_36' title="bbox 500 4365 3053 4448; baseline -0.001 -19"><span class='ocrx_word' id='word_1_367' title='bbox 500 4367 693 4433; x_wconf 84' lang='lat' dir='ltr'>forza</span> <span class='ocrx_word' id='word_1_368' title='bbox 740 4369 979 4429; x_wconf 88' lang='lat' dir='ltr'>hanno</span> <span class='ocrx_word' id='word_1_369' title='bbox 1027 4365 1208 4429; x_wconf 84' lang='lat' dir='ltr'>fatto</span> <span class='ocrx_word' id='word_1_370' title='bbox 1258 4369 1495 4448; x_wconf 91' lang='lat' dir='ltr'>quello</span> <span class='ocrx_word' id='word_1_371' title='bbox 1546 4369 1677 4428; x_wconf 89' lang='lat' dir='ltr'>che</span> <span class='ocrx_word' id='word_1_372' title='bbox 1729 4368 1822 4428; x_wconf 91' lang='lat' dir='ltr'>da</span> <span class='ocrx_word' id='word_1_373' title='bbox 1869 4365 2218 4448; x_wconf 88' lang='lat' dir='ltr'>principio</span> <span class='ocrx_word' id='word_1_374' title='bbox 2269 4369 2596 4428; x_wconf 85' lang='lat' dir='ltr'>doveano</span> <span class='ocrx_word' id='word_1_375' title='bbox 2645 4375 2718 4428; x_wconf 93' lang='lat' dir='ltr'>et</span> <span class='ocrx_word' id='word_1_376' title='bbox 2741 4376 3053 4446; x_wconf 87' lang='lat' dir='ltr'>poteano</span> 
     </span>
     <span class='ocr_line' id='line_1_37' title="bbox 495 4472 3056 4555; baseline -0 -20"><span class='ocrx_word' id='word_1_377' title='bbox 495 4473 617 4555; x_wconf 74' lang='lat' dir='ltr'>piu</span> <span class='ocrx_word' id='word_1_378' title='bbox 664 4474 1069 4536; x_wconf 88' lang='lat' dir='ltr'>facilmente</span> <span class='ocrx_word' id='word_1_379' title='bbox 1117 4473 1291 4537; x_wconf 88' lang='lat' dir='ltr'>fare.</span> <span class='ocrx_word' id='word_1_380' title='bbox 1386 4474 1494 4537; x_wconf 68' lang='lat' dir='ltr'>Ne</span> <span class='ocrx_word' id='word_1_381' title='bbox 1544 4473 1661 4554; x_wconf 91' lang='lat' dir='ltr'>qui</span> <span class='ocrx_word' id='word_1_382' title='bbox 1730 4473 1884 4536; x_wconf 79' lang='lat' dir='ltr'>diro</span> <span class='ocrx_word' id='word_1_383' title='bbox 1954 4475 2264 4536; x_wconf 80' lang='lat' dir='ltr'>anchora</span> <span class='ocrx_word' id='word_1_384' title='bbox 2325 4475 2415 4535; x_wconf 88' lang='lat' dir='ltr'>de</span> <span class='ocrx_word' id='word_1_385' title='bbox 2475 4475 2544 4536; x_wconf 88' lang='lat' dir='ltr'>la</span> <span class='ocrx_word' id='word_1_386' title='bbox 2601 4472 3056 4535; x_wconf 84' lang='lat' dir='ltr'>conclusione</span> 
     </span>
     <span class='ocr_line' id='line_1_38' title="bbox 498 4579 3054 4663; baseline 0 -21"><span class='ocrx_word' id='word_1_387' title='bbox 498 4584 629 4643; x_wconf 87' lang='lat' dir='ltr'>che</span> <span class='ocrx_word' id='word_1_388' title='bbox 678 4582 736 4644; x_wconf 89' lang='lat' dir='ltr'>si</span> <span class='ocrx_word' id='word_1_389' title='bbox 784 4580 943 4644; x_wconf 87' lang='lat' dir='ltr'>fece</span> <span class='ocrx_word' id='word_1_390' title='bbox 992 4581 1060 4643; x_wconf 89' lang='lat' dir='ltr'>in</span> <span class='ocrx_word' id='word_1_391' title='bbox 1110 4582 1515 4663; x_wconf 83' lang='lat' dir='ltr'>Ratispona</span> <span class='ocrx_word' id='word_1_392' title='bbox 1562 4583 1632 4643; x_wconf 90' lang='lat' dir='ltr'>la</span> <span class='ocrx_word' id='word_1_393' title='bbox 1664 4582 1874 4662; x_wconf 90' lang='lat' dir='ltr'>quale</span> <span class='ocrx_word' id='word_1_394' title='bbox 1907 4591 2201 4642; x_wconf 89' lang='lat' dir='ltr'>retenne</span> <span class='ocrx_word' id='word_1_395' title='bbox 2242 4580 2436 4642; x_wconf 87' lang='lat' dir='ltr'>molti</span> <span class='ocrx_word' id='word_1_396' title='bbox 2489 4581 2582 4642; x_wconf 92' lang='lat' dir='ltr'>de</span> <span class='ocrx_word' id='word_1_397' title='bbox 2615 4580 2777 4662; x_wconf 84' lang='lat' dir='ltr'>quei</span> <span class='ocrx_word' id='word_1_398' title='bbox 2809 4579 3054 4662; x_wconf 85' lang='lat' dir='ltr'>luoghi</span> 
     </span>
     <span class='ocr_line' id='line_1_39' title="bbox 498 4685 3054 4769; baseline -0.001 -19"><span class='ocrx_word' id='word_1_399' title='bbox 498 4689 629 4750; x_wconf 88' lang='lat' dir='ltr'>che</span> <span class='ocrx_word' id='word_1_400' title='bbox 660 4708 801 4750; x_wconf 87' lang='lat' dir='ltr'>non</span> <span class='ocrx_word' id='word_1_401' title='bbox 854 4707 1030 4751; x_wconf 85' lang='lat' dir='ltr'>sono</span> <span class='ocrx_word' id='word_1_402' title='bbox 1077 4688 1157 4750; x_wconf 89' lang='lat' dir='ltr'>iti</span> <span class='ocrx_word' id='word_1_403' title='bbox 1208 4690 1323 4750; x_wconf 89' lang='lat' dir='ltr'>nel</span> <span class='ocrx_word' id='word_1_404' title='bbox 1370 4687 1745 4769; x_wconf 88' lang='lat' dir='ltr'>precipitio</span> <span class='ocrx_word' id='word_1_405' title='bbox 1779 4687 1921 4749; x_wconf 91' lang='lat' dir='ltr'>deli</span> <span class='ocrx_word' id='word_1_406' title='bbox 1953 4688 2135 4766; x_wconf 83' lang='lat' dir='ltr'>altri,</span> <span class='ocrx_word' id='word_1_407' title='bbox 2169 4698 2240 4748; x_wconf 93' lang='lat' dir='ltr'>et</span> <span class='ocrx_word' id='word_1_408' title='bbox 2269 4687 2688 4749; x_wconf 86' lang='lat' dir='ltr'>similmente</span> <span class='ocrx_word' id='word_1_409' title='bbox 2719 4685 2788 4748; x_wconf 88' lang='lat' dir='ltr'>di</span> <span class='ocrx_word' id='word_1_410' title='bbox 2820 4689 3054 4768; x_wconf 89' lang='lat' dir='ltr'>quello</span> 
     </span>
     <span class='ocr_line' id='line_1_40' title="bbox 502 4793 3054 4858; baseline -0 -2"><span class='ocrx_word' id='word_1_411' title='bbox 502 4796 634 4858; x_wconf 88' lang='lat' dir='ltr'>che</span> <span class='ocrx_word' id='word_1_412' title='bbox 680 4795 738 4857; x_wconf 88' lang='lat' dir='ltr'>si</span> <span class='ocrx_word' id='word_1_413' title='bbox 786 4793 945 4856; x_wconf 88' lang='lat' dir='ltr'>fece</span> <span class='ocrx_word' id='word_1_414' title='bbox 992 4795 1062 4856; x_wconf 89' lang='lat' dir='ltr'>in</span> <span class='ocrx_word' id='word_1_415' title='bbox 1112 4795 1403 4858; x_wconf 88' lang='lat' dir='ltr'>Austria</span> <span class='ocrx_word' id='word_1_416' title='bbox 1452 4816 1580 4857; x_wconf 88' lang='lat' dir='ltr'>con</span> <span class='ocrx_word' id='word_1_417' title='bbox 1634 4795 1674 4856; x_wconf 92' lang='lat' dir='ltr'>l&#39;</span> <span class='ocrx_word' id='word_1_418' title='bbox 1708 4796 1971 4857; x_wconf 90' lang='lat' dir='ltr'>andata</span> <span class='ocrx_word' id='word_1_419' title='bbox 2020 4795 2156 4857; x_wconf 89' lang='lat' dir='ltr'>mia</span> <span class='ocrx_word' id='word_1_420' title='bbox 2203 4795 2273 4856; x_wconf 88' lang='lat' dir='ltr'>in</span> <span class='ocrx_word' id='word_1_421' title='bbox 2338 4793 2618 4857; x_wconf 84' lang='lat' dir='ltr'>Vienna</span> <span class='ocrx_word' id='word_1_422' title='bbox 2683 4794 3054 4857; x_wconf 87' lang='lat' dir='ltr'>retinendo</span> 
     </span>
     <span class='ocr_line' id='line_1_41' title="bbox 496 4901 3056 4984; baseline -0.001 -18"><span class='ocrx_word' id='word_1_423' title='bbox 496 4912 677 4968; x_wconf 88' lang='lat' dir='ltr'>tutta</span> <span class='ocrx_word' id='word_1_424' title='bbox 754 4903 993 4983; x_wconf 84' lang='lat' dir='ltr'>quella</span> <span class='ocrx_word' id='word_1_425' title='bbox 1068 4911 1273 4984; x_wconf 82' lang='lat' dir='ltr'>parte</span> <span class='ocrx_word' id='word_1_426' title='bbox 1359 4903 1429 4963; x_wconf 83' lang='lat' dir='ltr'>la</span> <span class='ocrx_word' id='word_1_427' title='bbox 1515 4904 1723 4984; x_wconf 86' lang='lat' dir='ltr'>quale</span> <span class='ocrx_word' id='word_1_428' title='bbox 1797 4921 1918 4962; x_wconf 88' lang='lat' dir='ltr'>era</span> <span class='ocrx_word' id='word_1_429' title='bbox 1997 4921 2127 4982; x_wconf 89' lang='lat' dir='ltr'>per</span> <span class='ocrx_word' id='word_1_430' title='bbox 2204 4902 2440 4983; x_wconf 87' lang='lat' dir='ltr'>perire</span> <span class='ocrx_word' id='word_1_431' title='bbox 2508 4921 2708 4964; x_wconf 89' lang='lat' dir='ltr'>come</span> <span class='ocrx_word' id='word_1_432' title='bbox 2775 4901 2818 4962; x_wconf 89' lang='lat' dir='ltr'>l&#39;</span> <span class='ocrx_word' id='word_1_433' title='bbox 2877 4903 3056 4964; x_wconf 84' lang='lat' dir='ltr'>altre</span> 
     </span>
    </p>
   </div>
   <div class='ocr_carea' id='block_1_3' title="bbox 2632 5007 2734 5072">
    <p class='ocr_par' dir='ltr' id='par_1_5' title="bbox 2632 5007 2734 5072">
     <span class='ocr_line' id='line_1_42' title="bbox 2632 5007 2734 5072; baseline 0 -34"><span class='ocrx_word' id='word_1_434' title='bbox 2632 5007 2734 5072; x_wconf 48' lang='lat'>34*</span> 
     </span>
    </p>
   </div>
  </div>
 </body>
</html>
