3575 5775
1271 606 1730 666 0-<13818>—o

254 757 394 819 delli
437 757 567 820 mei
617 755 930 838 pericoli,
982 755 1246 820 fatiche
1295 765 1368 820 et
1415 756 1821 820 necessitati
1873 776 2002 837 per
2050 758 2115 818 le
2166 752 2356 836 quali
2402 774 2515 816 me
2544 755 2783 816 hanno

253 883 488 926 summa
547 864 1076 945 compassione,
1147 866 1277 927 che
1347 863 1565 945 dopoi
1612 883 1789 926 sono
1846 872 2014 925 nato
2066 862 2202 926 mai
2251 881 2429 925 sono
2478 871 2663 924 stato
2716 861 2785 922 in

252 981 421 1034 tanta
464 971 746 1035 miseria
797 980 866 1034 et
915 969 1313 1052 afflittione,
1383 992 1612 1053 neque
1663 969 1924 1033 obiicio
1972 970 2299 1052 profecto
2356 970 2483 1032 sed
2534 969 2789 1031 iterum

253 1089 470 1159 repeto
485 1129 501 1159 ,
550 1082 683 1142 che
731 1100 864 1142 con
911 1079 1147 1143 falsitiz
1199 1101 1338 1142 non
1387 1081 1805 1143 detrahatur
1852 1077 2105 1141 honori
2154 1098 2333 1158 meo,
2396 1079 2526 1140 che
2577 1077 2790 1138 credo

254 1189 385 1250 chel
431 1187 734 1252 Diabolo
795 1187 1058 1270 instiga
1121 1197 1458 1270 questoro
1528 1196 2115 1270 expressamente
2183 1184 2377 1248 accio
2441 1185 2572 1246 che
2631 1183 2699 1244 io
2749 1202 2791 1243 o

257 1295 470 1377 creppi
529 1295 600 1356 di
659 1296 906 1357 dolore
957 1314 998 1356 o
1047 1315 1160 1358 me
1222 1295 1433 1357 amali
1493 1294 1614 1377 piu
1679 1296 1769 1356 de
1824 1296 1895 1355 lo
1946 1295 2077 1356 che
2126 1313 2336 1373 sono,
2409 1313 2450 1354 o
2500 1292 2631 1354 che
2680 1310 2792 1352 me

257 1400 404 1461 ritiri
451 1411 520 1464 et
566 1399 733 1463 lassi
783 1401 898 1463 del
948 1410 1131 1463 tutto
1182 1410 1438 1483 questa
1485 1401 1816 1483 impresa,
1872 1421 2010 1482 quo
2061 1401 2237 1464 nihil
2286 1409 2475 1462 esset
2522 1396 2795 1482 gratius

261 1507 650 1570 Lutheranis
699 1507 1042 1570 omnibus
1117 1507 1174 1570 Il
1226 1510 1357 1572 che
1407 1509 1544 1570 mai
1593 1506 1750 1570 faro
1801 1505 1943 1570 fino
1994 1509 2123 1569 che
2173 1505 2338 1569 vedi
2372 1508 2501 1569 che
2530 1505 2793 1567 Nostro

260 1611 533 1694 Signore
595 1634 636 1677 o
686 1614 954 1678 Vostra
1003 1611 1338 1697 Signoria
1389 1615 1540 1677 ΚΜ
1603 1615 1772 1677 doni
1820 1615 1986 1678 fede
2036 1615 2173 1678 alle
2223 1613 2568 1677 calumnie
2615 1612 2796 1676 false

260 1721 317 1781 di
359 1722 578 1802 questi
626 1721 976 1802 maledici,
1026 1721 1144 1785 alli
1195 1721 1385 1806 quali
1435 1723 1574 1785 Dio
1622 1721 1945 1803 perdoni.

411 1827 622 1892 Cesar
685 1832 778 1893 ha
845 1829 966 1912 gi&
1019 1831 1264 1893 scritto
1330 1831 1473 1893 alla
1538 1829 1924 1892 universitii
1992 1827 2063 1890 di
2126 1827 2411 1892 Vienna
2471 1837 2799 1910 resposta

260 1937 368 1998 che
408 1937 780 2000 brusciano
829 1937 1066 2000 statim
1129 1937 1362 2019 questi
1423 1935 1682 2016 libri¹);
1747 1935 1917 1998 item
1979 1937 2072 1997 ha
2120 1937 2452 1998 concluso
2504 1934 2799 1998 mandat

262 2063 378 2104 uno
421 2064 540 2107 suo
591 2043 977 2107 secretario
1026 2044 1097 2106 in
1131 2043 1444 2107 Fiandra
1492 2065 1534 2106 8
1581 2043 1842 2127 pigliar
1891 2043 2051 2106 libri
2095 2042 2482 2106 Lutherani
2532 2053 2603 2105 et
2650 2042 2797 2104 fau-

263 2150 376 2212 tori
434 2163 500 2213 et
565 2150 903 2233 piacerni,
972 2152 1233 2232 perche
1284 2151 1320 2213 ὲ
1371 2171 1510 2214 uno
1573 2151 1712 2214 mio
1771 2150 2047 2231 grande
2098 2151 2349 2213 Amico
2399 2131 2658 2213 huomo
2712 2149 2803 2211 da

265 2257 434 2338 bene,
488 2259 556 2320 al
607 2259 816 2339 quale
864 2259 957 2320 ho
1009 2259 1173 2321 date
1221 2267 1404 2322 tutte
1453 2260 1522 2321 18
1572 2257 2029 2336 instruttioni,
2100 2272 2169 2320 et
2217 2257 2407 2320 modi
2457 2256 2682 2320 debiti
2732 2266 2803 2318 et

266 2383 326 2424 se
377 2363 523 2426 fare
587 2365 630 2427 1’
664 2364 902 2428 officio
971 2365 1132 2428 sar&
1199 2386 1366 2428 cosa
1436 2363 1911 2444 sanctissima,
1984 2365 2245 2446 perche
2314 2373 2498 2427 tutto
2566 2364 2802 2446 quello

265 2489 450 2549 paese
495 2473 530 2534 ὲ
581 2471 835 2535 infetto
885 2492 1016 2552 per
1062 2473 1442 2536 seddution
1494 2472 1566 2535 di
1615 2472 1912 2535 Erasmo
1977 2483 2047 2534 et
2109 2470 2436 2553 complici
2497 2471 2621 2552 piu
2672 2472 2802 2536 che

269 2577 402 2638 tutti
455 2578 503 2640 li
561 2579 800 2642 luochi
867 2578 937 2641 di
987 2577 1410 2656 Germania,
1479 2580 1670 2662 quod
1733 2577 2058 2660 profecto
2110 2600 2253 2641 non
2302 2590 2491 2642 esset
2538 2599 2613 2642 se
2664 2598 2802 2640 non

269 2681 433 2746 fusse
462 2687 529 2747 la
577 2706 795 2748 causa
841 2686 972 2748 che
1021 2685 1090 2748 io
1125 2685 1321 2760 dico;
1374 2686 1542 2768 quid
1579 2685 1764 2748 enirn
1800 2683 2207 2748 Saxonibus
2241 2707 2397 2749 curn
2429 2685 2804 2749 Flandris?

274 2789 344 2850 Et
399 2803 640 2872 questo
691 2793 727 2855 ὲ
775 2792 1146 2856 verissimo
1163 2842 1180 2872 ,
1247 2803 1318 2856 et
1378 2793 1498 2876 piu
1550 2793 1807 2876 grandi
1857 2793 2353 2872 Justificationi
2404 2815 2491 2856 ne
2542 2795 2671 2874 ho,
2739 2794 2806 2855 le

273 2898 432 2977 quali
478 2921 616 2963 non
663 2920 881 2982 posso
931 2900 1200 2963 scriver
1249 2904 1314 2963 al
1364 2913 1736 2982 presente,
1807 2902 1893 2965 ne
1944 2902 2082 2965 mai
2132 2904 2222 2966 ho
2270 2905 2537 2966 havuto
2587 2900 2804 2964 inimi-

274 3003 408 3067 citie
468 3028 618 3071 curn
667 3006 985 3070 ErasmO.
1081 3008 1265 3071 Anci
1331 3029 1462 3092 per
1523 3013 1594 3072 la
1655 3030 1782 3071 sua
1846 3009 2158 3072 dottrina
2209 3010 2251 3071 l’
2285 3030 2443 3072 arno
2495 3008 2565 3071 di
2614 3012 2807 3071 buon

275 3130 482 3187 cuore;
531 3112 675 3177 cosi
702 3114 841 3177 Dio
891 3114 984 3177 mi
1032 3115 1278 3179 adiuti.
1352 3114 1498 3177 Sed
1547 3116 1775 3198 magis
1826 3136 1983 3178 amo
2032 3116 2427 3197 veritatem,
2474 3114 2686 3179 fidem
2738 3125 2808 3179 et

280 3216 496 3283 Deum.
563 3220 647 3283 El
680 3207 1068 3284 Confessoi·
1117 3218 1209 3284 mi
1257 3223 1351 3284 ha
1399 3223 1598 3285 detto
1648 3225 1777 3286 che
1828 3223 1884 3286 si
1934 3226 2139 3286 trovo
2188 3222 2412 3305 hoggi
2463 3224 2649 3285 dove
2681 3222 2803 3285 Ce-

277 3342 372 3385 sar
411 3328 728 3391 concluse
777 3328 849 3390 in
899 3329 965 3389 el
1014 3329 1325 3391 conselio
1377 3341 1653 3394 secreto
1705 3342 1776 3393 et
1826 3331 2280 3411 commando,
2330 3333 2461 3393 che
2513 3332 2571 3394 si
2618 3351 2806 3393 man-

279 3430 453 3495 dasse
511 3434 744 3498 subito
799 3456 942 3498 uno
992 3436 1062 3498 in
1113 3438 1536 3520 Antwerpia
1586 3447 1656 3500 et
1705 3440 1798 3500 ad
1848 3438 2007 3501 altri
2056 3438 2303 3522 luoghi
2353 3438 2424 3500 di
2472 3439 2809 3519 Fiandra,

279 3555 387 3615 per
425 3539 528 3603 far
574 3544 688 3605 del
739 3552 920 3605 tutto
971 3544 1289 3625 extirpar
1338 3546 1388 3607 li
1436 3544 1595 3608 libri
1647 3547 1736 3608 de
1767 3546 2056 3627 Luther‚
2108 3556 2179 3609 et
2226 3546 2434 3628 piliar
2463 3545 2509 3608 li
2544 3544 2812 3608 fautori

282 3652 338 3703 et
387 3644 490 3708 far
551 3650 722 3731 ogni
770 3651 1099 3712 absoluta
1145 3650 1590 3732 provisione,
1639 3652 1688 3715 il
1737 3654 1869 3715 che
1928 3652 2084 3716 sarh
2136 3674 2305 3718 cosa
2351 3653 2810 3733 sanctissima,

282 3753 510 3827 purch&
559 3758 613 3817 si
661 3756 843 3819 faeci
891 3756 941 3819 il
990 3756 1236 3820 debito
1285 3778 1413 3840 per
1461 3758 1511 3821 li
1561 3760 1964 3840 executori,
2016 3762 2279 3841 perche
2336 3770 2521 3823 tutto
2574 3761 2812 3841 quello

283 3875 466 3934 paese
511 3884 637 3946 per
667 3863 962 3926 Erasmo
1013 3874 1084 3927 et
1132 3871 1284 3927 suoi
1334 3866 1595 3929 fautori
1644 3866 1679 3929 ὲ
1731 3867 2013 3929 sedotto
2064 3878 2134 3929 et
2182 3888 2395 3949 perso
2444 3868 2513 3930 in
2564 3876 2817 3947 questa

285 3964 544 4032 heresia.
639 3972 704 4035 A
755 3972 1020 4035 Vostra
1069 3972 1708 4037 Reverendissirna
1754 3972 1826 4037 S.
1878 3975 2181 4055 genibus
2244 3974 2449 4037 flexis
2510 3976 2685 4036 baso
2749 3975 2815 4033 le

289 4088 464 4139 mam.

433 4198 838 4267 Vormatiae
894 4204 1140 4267 ultima
1187 4204 1560 4270 Februarii
1609 4207 1977 4273 MDXXI.

330 4430 360 4487 ἰ
410 4432 532 4482 Vide
573 4438 797 4487 Docum.
843 4448 890 4499 7.

355 5056 486 5115 Balari,
507 5066 782 5110 noc-umnam
805 5070 1080 5111 Luna-rana.
2473 5056 2505 5109 6
