3575 5775
107 5435 132 5738 ---·--
97 4887 115 5422 “··““-·“-·““-“’“““““““ᾈ

1337 549 1454 616 ΗΕΒ
1530 549 1636 615 217
1713 557 1867 618 zib-0.

315 699 746 771 Sanctissimi
825 702 1110 770 Domini
1201 707 1424 770 nostri
1506 716 1575 769 et
1652 703 1861 768 Sedis
1950 699 2414 788 Apostolicae
2493 701 2862 791 dignitate.

313 815 516 877 Tutto
565 835 642 878 se
690 815 970 877 rimette
1019 815 1160 876 alla
1207 815 1587 896 prudentia
1627 816 1716 877 de
1764 814 1809 875 l'
1844 833 1983 876 uno
2035 824 2106 876 et
2163 816 2253 877 de
2303 815 2345 877 1’
2391 817 2593 878 altr0.
2688 817 2744 878 F
2750 826 2865 879 ate

309 921 422 1004 poi
468 921 1038 1005 ringratiamenti
1104 931 1176 986 et
1233 921 1486 985 offerte
1543 921 1957 1003 particulari
2017 923 2084 983 al
2143 921 2237 984 R.
2306 921 2763 1002 Confessore‚
2824 945 2867 986 a

310 1029 756 1110 Magontino‚
805 1030 1313 1110 Brandeburg,
1375 1039 1445 1092 et
1504 1029 1791 1092 fratello
1860 1037 1932 1090 et
1991 1028 2041 1090 il
2102 1049 2412 1092 vescovo
2479 1033 2630 1092 loro
2682 1041 2753 1093 et
2799 1033 2867 1093 al

309 1137 453 1199 R¹¹¹⁰
515 1138 808 1201 Treveri
878 1148 949 1200 et
1003 1137 1120 1199 all’
1183 1135 1479 1198 offitiale
1536 1155 1664 1198 suo
1728 1156 1770 1198 a
1835 1135 1945 1198 cui
2018 1145 2304 1216 possete
2379 1137 2533 1200 dire
2603 1138 2866 1201 Nostro

312 1241 568 1324 Signor
616 1243 882 1306 tenersi
931 1244 1024 1306 lui
1075 1235 1417 1325 obligato,
1469 1253 1540 1305 et
1588 1244 1704 1305 del
1746 1252 2083 1324 presente
2132 1229 2307 1306 delli‘
2332 1245 2520 1307 mille
2550 1244 2781 1307 fiorini
2832 1247 2867 1308 ὲ·

313 1360 488 1412 stato
540 1353 934 1414 solamente
982 1371 1114 1432 per
1142 1371 1236 1413 un
1271 1371 1519 1432 segne,
1569 1371 1682 1412 ma
1714 1349 1991 1431 piaccia
2040 1371 2081 1410 a
2131 1351 2217 1414 N.
2266 1349 2338 1414 S.
2387 1352 2527 1414 Dio
2576 1354 2707 1414 che
2740 1373 2871 1434 per

316 1457 502 1520 detto
523 1458 620 1520 R.
641 1457 1068 1521 Confessore
1088 1459 1449 1539 possiamo
1480 1457 1634 1520 fare
1659 1477 1748 1519 un
1778 1457 1850 1518 di
1877 1459 2178 1538 qualche
2202 1458 2441 1540 degna
2468 1479 2867 1521 remunera-

315 1565 496 1626 tione
529 1575 600 1627 et
629 1567 859 1628 anche
887 1585 1020 1647 per
1045 1566 1244 1627 detto
1270 1564 1602 1627 officiale.
1667 1563 1952 1644 Quanto
1976 1585 2019 1626 a
2050 1563 2163 1626 vui
2189 1575 2379 1626 resta
2413 1567 2564 1646 che,
2600 1577 2872 1629 mentre

316 1673 382 1734 la
426 1692 590 1734 cosa
637 1673 674 1734 ὲ
725 1675 866 1735 ben
915 1673 1236 1753 disposta
1285 1671 1666 1753 seguitiate
1713 1671 1859 1734 fino
1908 1674 2049 1733 alla
2084 1670 2515 1752 perfettione
2566 1673 2637 1734 di
2686 1683 2870 1735 tutto

317 1777 609 1841 facendo
659 1779 792 1841 tuti
839 1779 885 1842 li
931 1779 1120 1842 soliti
1169 1777 1386 1840 officii
1433 1799 1565 1860 per
1613 1779 2041 1860 extinguere
2101 1779 2174 1840 in
2240 1787 2422 1841 tutto
2490 1781 2555 1842 el
2612 1782 2867 1843 veleno

319 1897 385 1948 et
441 1887 829 1949 sradicarlo
898 1887 1084 1948 delle
1147 1885 1365 1948 menti
1428 1885 1542 1948 dei
1604 1887 1851 1968 populi
1919 1895 1992 1948 et
2056 1907 2097 1948 a
2172 1897 2423 1968 questo
2485 1887 2601 1948 vui
2661 1909 2870 1952 meSS.

318 1993 749 2077 Hieronymo
797 1993 1104 2056 maxime
1153 1993 1330 2056 siate
1378 1992 1673 2056 intento,

487 2101 812 2164 Havemo
881 2100 1112 2163 inteso
1181 2122 1224 2162 a
1288 2101 1558 2182 longho
1626 2101 1719 2162 da
1766 2121 1971 2163 mess,
2021 2100 2358 2182 Raphael
2426 2117 2667 2165 nostro
2735 2123 2865 2165 con

323 2220 572 2289 quanta
617 2209 788 2270 fede
837 2217 906 2269 et
958 2208 1357 2271 constantia
1405 2228 1546 2270 non
1584 2210 1914 2269 obstante
1956 2208 2117 2269 tutti
2152 2209 2209 2270 e'
2246 2209 2541 2291 pericoli
2594 2209 2660 2271 vi
2692 2210 2871 2272 siate

324 2316 594 2395 portati,
646 2316 778 2376 che
828 2315 899 2376 di
945 2323 1132 2377 tutto
1197 2311 1297 2377 Su
1362 2313 1639 2376 Santita
1707 2316 1801 2376 ha
1862 2313 2265 2394 gratissima
2322 2317 2683 2379 memoria.
2779 2317 2871 2378 Vi

323 2422 374 2482 si
418 2423 672 2484 mando
721 2443 765 2485 a
812 2422 1041 2503 questi
1092 2421 1164 2483 di
1211 2423 1281 2483 la
1330 2423 1644 2484 seconda
1675 2423 1870 2483 bolla
1904 2431 2151 2484 contra
2192 2423 2500 2486 Martino
2552 2444 2589 2484 e
2638 2424 2871 2486 alcuni

325 2529 592 2612 exempi
644 2530 714 2591 di
765 2551 856 2591 un
907 2529 1090 2592 libro
1139 2530 1256 2590 del
1307 2528 1686 2590 Cardinale
1749 2529 1821 2590 di
1873 2527 2097 2591 Santo
2159 2527 2365 2593 Sixto
2429 2531 2499 2592 in
2559 2540 2867 2613 stampa;

323 2637 487 2699 hora
535 2658 618 2700 ve
675 2657 767 2698 ne
829 2637 1233 2698 mandiamo
1300 2645 1408 2698 tre
1470 2637 1632 2698 altri
1696 2648 1766 2698 et
1825 2637 1944 2698 dui
2005 2637 2073 2698 d'
2127 2658 2217 2699 un
2293 2639 2475 2700 altro
2537 2638 2719 2700 libro
2782 2639 2872 2700 de

325 2742 494 2806 frate
545 2743 958 2816 Ambrosio;
1011 2743 1491 2806 comunicatili
1541 2744 1652 2805 col
1701 2743 1938 2806 Padre
1988 2743 2415 2807 Confessore
2484 2756 2554 2808 et
2618 2766 2751 2807 con
2805 2747 2871 2807 lo

326 2849 632 2913 officiale.

489 2960 595 3020 De
644 2959 1079 3039 Inghilterra
1126 2960 1429 3021 havemo
1481 2979 1664 3021 nove
1714 2958 1997 3021 fresche
2048 2978 2249 3020 como
2301 2961 2465 3040 quel
2514 2960 2632 3021 Re
2682 2960 2717 3022 ὲ
2768 2980 2865 3022 ar-

328 3064 722 3129 dentissimo
772 3074 1020 3127 contra
1071 3074 1322 3146 queste
1370 3064 1649 3128 heresie
1700 3074 1770 3127 et
1820 3063 1891 3126 fa
1943 3084 2079 3127 non
2116 3067 2269 3127 solo
2302 3068 2643 3128 abrusare
2690 3076 2873 3128 tutte

325 3174 386 3233 le
430 3172 830 3254 malvaggie
881 3192 1099 3253 opere
1151 3174 1239 3233 de
1289 3172 1631 3252 Mai-tino,
1695 3194 1811 3234 ma
1874 3175 2101 3234 anche
2162 3174 2292 3234 che
2340 3174 2504 3234 tutti
2554 3174 2598 3235 li
2649 3174 2871 3235 Theo-

324 3278 461 3359 logi
507 3290 575 3341 et
623 3278 800 3342 dotti
852 3279 968 3341 del
1017 3278 1285 3360 Regno
1335 3280 1663 3341 scrivano
1715 3288 1962 3341 contra
2011 3279 2080 3340 di
2130 3279 2249 3359 lui,
2300 3290 2371 3341 et
2419 3280 2618 3342 molti
2668 3280 2869 3343 affer-

329 3405 518 3448 mano
566 3388 696 3449 che
743 3385 793 3447 il
841 3386 959 3449 Re
1009 3384 1301 3468 proprio
1353 3406 1702 3467 compone
1753 3396 2005 3448 contra
2054 3386 2119 3448 el
2182 3388 2401 3449 detto,
2498 3384 2871 3468 Seguitate

329 3493 435 3553 vui
499 3514 626 3557 con
691 3493 738 3556 il
787 3495 1145 3556 medesmo
1209 3496 1466 3556 ardore
1531 3494 1796 3575 perche
1878 3497 1948 3555 la
2014 3513 2182 3555 cosa
2247 3493 2318 3555 in
2369 3504 2621 3575 questa
2684 3497 2875 3557 bona

330 3599 774 3681 dispositione
831 3600 1200 3684 perseveri
1267 3610 1337 3662 et
1403 3601 1461 3663 si
1529 3602 1853 3663 conduca
1919 3600 2036 3663 del
2096 3609 2280 3662 tutto
2348 3622 2389 3663 a
2454 3603 2644 3663 buon
2711 3600 2873 3665 fine.

329 3707 512 3771 Bene
561 3711 810 3772 valete.

496 3816 688 3880 Oltre
739 3815 811 3877 di
866 3825 1116 3896 questo
1179 3815 1250 3877 vi
1314 3814 1714 3877 mandiamo
1782 3823 1889 3876 tre
1951 3817 2129 3877 altre
2194 3816 2399 3897 copie
2465 3815 2532 3877 in
2596 3825 2874 3897 stampa

335 3919 398 3981 di
457 3942 545 3984 un
594 3924 775 3985 libro
841 3922 910 3984 di
977 3922 1088 3984 fra
1134 3922 1492 3983 Thomaso
1541 3920 1865 4001 Radin0‚
1934 3931 2004 3983 et
2070 3923 2206 3983 due
2272 3922 2341 3983 di
2406 3943 2549 3983 una
2596 3921 2869 3985 oration

334 4026 395 4088 di
453 4050 710 4093 messer
768 4029 1126 4093 Giovanni
1195 4030 1508 4091 Antonio
1575 4029 1948 4112 ModestO,
2011 4048 2142 4109 per
2207 4028 2255 4090 il
2322 4039 2611 4110 passato
2673 4030 2868 4091 here·

332 4134 478 4197 tico.
567 4136 1058 4200 Distribuitele
1124 4156 1323 4197 corne
1387 4148 1457 4198 et
1517 4156 1560 4197 a
1627 4134 1738 4196 chi
1788 4136 1857 4196 vi
1906 4154 2102 4216 pare.
2199 4134 2605 4198 Florentiae
2654 4134 2873 4197 XIIII

333 4238 487 4303 Maii
533 4244 892 4306 MDXXI.
1005 4295 1014 4308 .

2151 4372 2243 4420 Uti
2280 4365 2482 4428 vector
2517 4365 2731 4437 Frater,

2074 4460 2804 4514 Vice-Cancellarius,
