3575 5775
1735 576 2231 637 0-43322{:>-0

700 726 961 788 lectum
1005 723 1225 789 filium
1271 733 1589 788 nostrum
1639 722 2090 789 Cardinalem
2138 726 2640 810 Campegium,
2705 726 2909 809 hujus
2956 724 3273 791 Sanctae

703 829 940 912 Sedis,
991 841 1063 895 et
1110 842 1427 895 nostrum
1479 833 1568 895 de
1617 830 1877 896 Latere
1926 833 2275 916 Legatum
2323 854 2467 897 non
2515 832 2671 897 sine
2718 833 3073 898 Caesarae
3120 832 3271 897 Ma-

693 938 973 1020 jestatis
1019 940 1387 1002 voluntate
1435 939 1616 1002 istuc
1663 939 2083 1003 mittendum
2139 940 2703 1021 decreverimuS,
2766 959 2898 1023 pro
2964 961 3273 1005 commu-

701 1046 906 1109 nibus
975 1046 1190 1109 totius
1255 1046 1732 1128 Reipublicae
1797 1046 2243 1111 Christianae
2312 1047 2733 1129 commodis,
2804 1047 3277 1111 Nobilitatem

699 1162 892 1216 tuam
939 1155 1305 1216 hortamur
1347 1152 1419 1216 in
1467 1154 1810 1235 Domin0,
1861 1164 1933 1217 et
1980 1163 2280 1237 paterne
2326 1155 2791 1236 requirimus,
2838 1166 2917 1217 ut
2960 1174 3095 1238 pro
3144 1165 3274 1219 tuo

699 1260 1053 1343 Principis
1080 1260 1369 1342 Imperii
1403 1259 1661 1342 offici0,
1699 1270 1773 1325 et
1798 1261 2011 1325 solita
2040 1280 2216 1343 erga
2232 1263 2464 1325 Deum
2480 1262 2772 1343 pietate,
2798 1280 3073 1344 proque
3091 1262 3275 1326 eius-

700 1368 881 1451 dem,
914 1377 987 1432 et
1017 1378 1140 1431 tuo
1171 1370 1465 1450 honore,
1499 1370 1591 1432 ad
1617 1367 2062 1432 Conventum
2087 1367 2996 1451 Norimbergae'indictum,
3023 1369 3082 1431 si
3108 1388 3273 1451 pro-

697 1474 927 1539 fectus
976 1494 1117 1538 non
1168 1494 1266 1556 eS,
1314 1473 1690 1557 proficisci,
1740 1496 1824 1537 ac
1874 1485 2120 1539 nostro
2164 1475 2465 1558 Legato,
2510 1475 2935 1557 praesertim
2983 1496 3069 1540 ea
3117 1476 3275 1557 dig·

698 1582 920 1646 nitate
967 1582 1391 1665 hujusmodi,
1440 1591 1513 1645 et
1558 1602 1691 1663 pro
1741 1592 1887 1645 tam
1936 1582 2341 1647 necessaria
2388 1602 2606 1645 causa
2634 1585 2728 1646 ad
2756 1602 2885 1645 vos
2928 1581 3274 1662 venienti,

698 1709 842 1753 non
890 1690 1103 1755 modo
1150 1699 1376 1753 tutum
1426 1690 1590 1771 iter,
1637 1688 2184 1771 transitumque,
2234 1698 2307 1751 et
2352 1707 2655 1769 moram,
2704 1689 2834 1753 sed
2880 1688 3274 1769 benignam

701 1798 1232 1880 exceptionem,
1281 1808 1426 1861 tam
1473 1796 1544 1861 in
1595 1796 1971 1860 Conventu
2019 1796 2206 1879 ipso,
2266 1815 2478 1877 quam
2527 1797 2789 1878 ubique
2834 1814 3273 1878 procurare;

699 1904 908 1987 eique
943 1905 1130 1969 omni
1166 1924 1328 1987 ope,
1363 1913 1432 1968 et
1467 1924 1689 1987 opera
1722 1904 1978 1967 adesse
2002 1902 2203 1967 velis.
2254 1902 2465 1985 Quod
2478 1902 2849 1967 Nobilitati
2864 1912 3031 1965 tuae
3046 1903 3274 1965 hono-

697 2010 996 2094 rificum,
1047 2020 1120 2076 et
1166 2030 1582 2093 congruum,
1631 2010 1841 2074 nobis
1886 2031 2061 2074 vero
2110 2030 2327 2092 supra
2374 2029 2585 2093 quam
2633 2010 2777 2073 dici
2822 2010 3085 2093 possit,
3134 2008 3276 2073 erit

698 2127 1002 2201 gratum.
1095 2118 1259 2182 Dat.
1311 2119 1592 2182 Romae
1642 2128 1774 2181 etc.
1824 2118 1940 2182 die
1972 2117 2215 2181 XVII.
2264 2118 2580 2198 Januarii
2639 2138 2826 2197 15²4·
2904 2117 3120 2180 Anno
3166 2124 3275 2198 ΡΟ.

877 2241 1126 2307 Simile
1173 2243 1327 2305 ΗοΠ
1376 2242 1447 2305 in
1497 2242 1727 2306 Albis.
1793 2278 1881 2287 —
1948 2240 2195 2305 Simile
2239 2242 2417 2324 Ep0.
2482 2240 2555 2305 in
2603 2241 2835 2305 Albis.
2882 2278 2969 2286 —
3018 2238 3273 2303 Simile

697 2350 977 2415 Enrioe.

873 2456 1059 2521 Duci
1106 2455 1571 2521 Brunsuicen.

877 2560 1124 2627 Simile
1172 2562 1488 2627 Henrico
1535 2562 1720 2626 Duci
1767 2562 2149 2627 Busuicen.

875 2667 1122 2735 Simile
1169 2670 1528 2735 Hernesto
1575 2670 1755 2755 Epo,
1806 2670 2173 2735 Patavien.

1904 3099 2050 3166 144.

1171 3215 1367 3298 Gal-d.
1424 3217 1632 3300 Arch.
1691 3216 2162 3318 Moguntinus
2217 3215 2563 3298 Clementi
2616 3215 2773 3298 VII.

1535 3364 1706 3438 (Am.
1745 3364 1843 3433 n,
1880 3379 2027 3439 capa.
2062 3365 2189 3436 xn,
2222 3365 2290 3424 n.
2326 3364 2431 3434 πο.)

1656 3475 1762 3541 (20.
1802 3477 2079 3526 Februarii
2123 3477 2297 3542 1524.)

871 3606 1293 3672 Beatissime
1342 3617 1416 3672 et
1461 3608 2007 3673 clementissime
2063 3610 2135 3673 in
2184 3607 2465 3673 Christo
2520 3615 2729 3690 pater
2794 3617 2867 3671 et
2930 3607 3271 3692 Domine,

693 3715 999 3778 Domine
1027 3714 1124 3777 mi
1165 3715 1369 3779 unice
1407 3715 1923 3780 colendissime.
1981 3716 2157 3779 Post
2201 3715 2541 3786 humilem„
2571 3713 3271 3780 commendationem

695 3823 956 3904 pedum
1007 3823 1250 3886 oscula
1290 3825 1682 3886 beatorum.
1773 3823 2081 3888 Vestrae
2115 3821 2589 3886 Beatitudinis
2619 3822 2892 3885 litteras
2920 3820 2993 3885 in
3027 3819 3273 3886 forma

697 3929 956 3994 Brevis
1004 3929 1249 3993 debita
1297 3951 1452 3994 cum
1501 3931 1909 3994 reverentia
1956 3930 2207 4012 accepi
2222 3978 2242 4011 ,
2292 3951 2386 3992 ex
2432 3929 2689 4013 quibus
2737 3928 3059 3992 intellexi
3106 3950 3274 3994 ves-

691 4046 874 4100 tram
935 4034 1405 4101 Sanctitatem
1472 4037 1878 4100 decrevisse
1924 4036 2632 4100 Reverendissimum
2686 4036 2757 4098 in
2808 4034 3092 4100 Christo
3142 4058 3273 4120 pa-

692 4152 872 4208 trem
917 4152 988 4207 et
1019 4143 1399 4207 Dominum
1434 4143 1892 4206 Laurentium
1937 4143 2121 4206 tituli
2172 4141 2244 4209 S.
2282 4142 2709 4207 Anastasiae
2756 4144 3275 4224 presbyterum

695 4251 1126 4314 cardinalem
1200 4248 1610 4331 Campeium
1689 4250 2070 4313 Dominum
2141 4249 2441 4313 amicum
2521 4259 2593 4313 et
2667 4248 2959 4312 fratrem
3024 4269 3275 4314 meum

695 4357 1180 4421 charissimum
1224 4359 1383 4418 loco
1415 4355 1660 4419 Nuntii
1689 4356 2091 4440 Apostolici
2122 4357 2472 4439 Legatum
2520 4358 2611 4420 de
2658 4357 2883 4419 latere
2931 4356 3024 4418 ad
3072 4355 3275 4440 prin·

698 4462 932 4546 cipum
981 4463 1266 4546 Imperii
1315 4462 1757 4526 Conventum
1808 4463 2373 4546 Nurembergam
2420 4461 2862 4544 mittendum,
2908 4461 3031 4545 qui
3088 4474 3274 4528 tem·

691 4589 944 4653 porum
989 4571 1280 4633 istorum
1339 4569 1676 4652 periculis
1737 4571 2115 4653 provideat
2170 4569 2833 4652 haereticorumque
2898 4569 3277 4634 audatiam

691 4675 999 4741 Vestrae
1047 4675 1520 4740 Beatitudinis
1569 4678 1855 4741 nomine
1890 4686 2290 4761 componat.
2341 4677 2551 4740 Hunc
2582 4685 2660 4739 ut
2690 4677 3275 4742 commendatum

691 4784 1074 4867 suscipiam
1121 4795 1420 4867 paterne
1459 4805 1570 4848 me
1619 4786 1963 4848 hortatur.
2046 4785 2206 4848 Hoc
2238 4805 2411 4848 sane
2438 4782 2917 4847 Beatitudinis
2948 4783 3274 4850 Vestrae

689 4891 1314 4980 prudentissimum
1363 4890 1729 4955 consilium
1781 4913 1922 4974 quo
1971 4894 2187 4956 rebus
2232 4891 2597 4956 Ecclesiae
2632 4911 2773 4954 non
2804 4891 3277 4958 mediocriter
