3575 5775
1500 604 1994 665 0-{3525sp-0

452 754 587 817 ille
636 754 947 837 peccatis
995 755 1254 819 nostris
1288 757 1379 818 ad
1409 756 1848 819 iracundiam
1895 767 2346 839 provocatuS,
2397 755 2691 839 exigere
2738 774 3030 840 poenaS,

452 884 733 944 suaque
782 865 1165 927 severitate
1213 885 1341 945 per
1389 863 1667 927 Italiam
1718 865 1976 927 acriter
2025 876 2095 926 et
2145 864 2448 927 Gralliam
2483 849 2570 927 'et
2613 865 3032 947 Hispaniam

453 972 873 1051 excanduit,
922 992 1106 1053 quae
1153 971 1567 1053 provinciae
1617 974 1831 1052 bello,
1879 972 2097 1051 fame,
2165 971 2574 1052 pestilentia
2622 971 3030 1053 aliquandiu

454 1090 771 1141 vexatae
844 1090 914 1141 et
984 1080 1371 1160 populatae
1442 1078 1757 1150 fuerunt:
1850 1079 2296 1142 Germaniam
2383 1098 2554 1141 vero
2625 1080 3032 1142 haereticae

450 1185 802 1267 pravitati
857 1186 1180 1267 permisit
1236 1188 1713 1251 lacerandam.
1841 1186 1981 1249 Sed
2043 1207 2200 1249 cum
2250 1206 2604 1267 nunquam
2655 1186 3004 1249 oblivisca

450 1304 582 1355 tur
646 1292 1212 1370 misericordiae,
1291 1312 1447 1355 cum
1516 1294 1783 1355 habeat
1848 1314 2130 1375 semper
2216 1295 2447 1355 oleum
2511 1294 2800 1374 pietatis
2861 1316 3032 1357 suae

450 1398 792 1481 paratum
844 1402 934 1461 ad
985 1399 1403 1462 medicinam
1456 1400 1677 1462 nostri
1725 1399 2060 1480 vulneriS,
2107 1400 2537 1481 praevidens
2565 1400 2836 1463 heresis
2877 1422 3030 1482 per-

454 1508 717 1569 niciem
768 1527 985 1588 supra
1033 1506 1267 1568 omnia
1314 1508 1501 1569 mala
1551 1528 1707 1569 esse
1756 1506 2199 1587 graviorem,
2266 1508 2514 1570 habuit
2581 1518 2866 1589 gentem
2928 1532 3024 1571 se-

448 1618 751 1694 lectam,
833 1616 1175 1695 populum
1232 1613 1677 1695 precipuum,
1742 1614 2164 1677 catholicam
2230 1616 2630 1695 nationem,
2703 1616 3030 1679 civitates

450 1725 653 1783 bene
702 1731 1031 1799 moratas,
1084 1698 1420 1802 egregios
1471 1723 1707 1798 duces,
1756 1721 2178 1784 fortissimos
2228 1723 2613 1803 exercituS,
2678 1743 2855 1805 quos
2907 1722 3027 1787 Sa-

448 1831 723 1891 thanae
775 1827 1055 1891 nimium
1128 1827 1472 1890 saevienti
1538 1840 1609 1890 et
1682 1828 1830 1891 eius
1899 1828 2132 1910 impiis
2203 1829 2538 1891 ministris
2609 1844 3028 1911 opponeret.

449 1936 677 2017 Quod
725 1935 1059 1997 iudicium
1114 1934 1247 1997 Dei
1297 1934 1802 2017 omnipotentis
1863 1936 2128 1999 factum
2179 1957 2353 2019 erga
2402 1956 2532 2000 vos
2577 1947 3029 2019 vestramque

446 2056 848 2125 propterea
898 2044 1197 2125 gloriam
1248 2054 1315 2105 et
1365 2042 1651 2123 pietatis
1719 2045 2000 2106 laudem
2059 2043 2266 2106 vobis
2328 2054 2396 2105 et
2460 2044 2592 2107 toti
2658 2043 2886 2108 sederi
2945 2066 3026 2107 ac

447 2151 902 2233 colligationi
965 2162 1251 2213 vestrae
1323 2170 1414 2212 ex
1475 2159 1625 2212 toto
1692 2154 1910 2214 corde
1977 2160 2220 2213 nostro
2289 2164 2360 2213 et
2421 2173 2512 2214 ex
2582 2165 2734 2215 tota
2797 2154 3030 2215 anima

444 2261 928 2341 gratulamur,
995 2258 1094 2318 ita
1142 2257 1375 2318 animo
1426 2258 1659 2339 parati
1709 2278 1884 2340 erga
1931 2278 2087 2338 VOS,
2136 2258 2234 2320 ita
2285 2278 2524 2321 amore
2573 2260 2879 2338 incitati,
2952 2272 3028 2323 ut

446 2366 634 2428 nihil
682 2367 771 2429 sit
820 2366 1011 2447 quod
1057 2363 1265 2426 vobis
1316 2365 1579 2426 debere
1630 2384 1757 2426 nos
1807 2386 1950 2427 non
1999 2366 2378 2435 fateamur:
2445 2366 2501 2427 si
2565 2367 2750 2429 enirn
2801 2388 3026 2431 sacer-

448 2474 721 2535 dotalis
770 2473 1083 2554 dignitas
1131 2471 1337 2533 nobis
1388 2471 1587 2533 cordi
1636 2480 1736 2533 est
1789 2471 1994 2533 sicuti
2057 2492 2212 2535 esse
2262 2474 2497 2553 debet,
2560 2485 2636 2536 ut
2697 2496 2880 2557 quae
2939 2477 3028 2538 ad

448 2582 867 2662 exemplum
919 2579 1329 2642 coelestium
1364 2578 1689 2641 ordinum
1721 2578 2043 2641 instituta
2073 2599 2454 2642 maximum
2504 2582 2714 2645 affert
2747 2593 2818 2645 et
2847 2604 3024 2645 com·

446 2688 654 2752 muni
702 2688 891 2750 vitae
955 2695 1445 2751 ornamentum
1512 2696 1583 2747 et
1639 2686 1730 2747 ad
1790 2686 2020 2747 Deum
2081 2689 2456 2751 colendum
2519 2694 3028 2753 venerandum·

446 2816 603 2877 que
650 2796 1161 2875 adiumentum,
1222 2814 1306 2855 ea
1352 2812 1483 2874 per
1533 2813 1660 2855 vos
1708 2814 1848 2854 non
1900 2796 2124 2856 solum
2175 2794 2474 2857 defensa
2523 2818 2766 2859 verum
2819 2798 3026 2860 etiam

446 2904 786 2968 restituta
834 2914 977 2976 est;
1028 2903 1087 2965 si
1144 2901 1537 2964 animarum
1603 2902 1850 2963 salutis
1899 2902 2356 2982 praecipuam
2408 2924 2644 2966 curam
2695 2906 3026 2984 gerimuS,

448 3011 684 3073 veluti
729 3032 905 3093 quas
952 3011 1123 3072 boni
1171 3029 1365 3072 more
1413 3010 1722 3090 pastoris
1771 3010 1982 3070 etiam
2031 3009 2377 3090 sanguine
2413 3021 2482 3072 et
2517 3012 2768 3092 capitis
2803 3013 3028 3075 nostri

444 3117 779 3200 periculo
826 3117 1040 3180 tutari
1092 3118 1436 3178 debemus
1485 3135 1617 3196 per
1663 3127 1975 3179 vestram
2025 3117 2353 3178 virtutem
2405 3129 2652 3198 erepta
2683 3127 2753 3181 et
2783 3121 3025 3181 ablata

446 3235 572 3288 est
618 3225 849 3308 impiis
894 3234 1215 3306 potestas
1248 3224 1405 3285 illas
1435 3224 1830 3304 populandi
1867 3234 1934 3285 et
1968 3222 2376 3285 dilaniandi.
2429 3222 2506 3285 Si
2543 3225 2696 3304 Dei,
2729 3226 2874 3287 vita
2907 3229 3022 3288 ho-

447 3353 704 3395 norem
732 3343 974 3394 nostra
1000 3342 1321 3393 tenemur
1347 3333 1613 3392 habere
1642 3331 2006 3410 cariorem,
2033 3330 2464 3413 periclitanti
2491 3331 2589 3394 illi
2617 3329 2688 3395 'et
2713 3355 2754 3394 a
2781 3333 3021 3397 furore

444 3439 777 3504 heretico
824 3440 1245 3520 perturbato
1294 3448 1533 3500 vestra
1580 3437 1912 3500 subvenit
1960 3439 2192 3519 pietas
2239 3446 2310 3499 et
2357 3438 2721 3520 fortitudo,
2769 3452 2847 3503 ut
2885 3463 3021 3504 om-

446 3547 664 3610 nibus
712 3546 944 3609 causis
992 3557 1235 3608 noster
1282 3545 1655 3608 devinctus
1703 3565 1901 3608 amor
1948 3547 2037 3608 ad
2087 3567 2424 3609 summam
2473 3547 3026 3612 benivolentiam

451 3664 533 3717 et
592 3655 683 3716 ad
748 3673 1024 3716 omnem
1112 3651 1319 3715 vobis
1396 3649 1694 3731 gratiam
1774 3654 2178 3714 habendam
2254 3665 2602 3734 perpetuo
2680 3663 3024 3720 teneatur.

451 3761 940 3842 Quamobrem
988 3760 1193 3822 vobis
1242 3758 1674 3822 affirmamus
1726 3780 2081 3840 nunquam
2129 3779 2260 3822 nos
2307 3761 2514 3824 huius
2577 3763 2796 3825 vestri
2857 3763 3026 3826 facti

451 3869 701 3932 eximii
750 3877 963 3949 atque
1013 3867 1428 3929 immortalis
1476 3867 1884 3928 memoriam
1936 3867 2419 3949 deposituros,
2489 3889 2842 3948 nunquam
2912 3889 3021 3931 ve-

450 3990 677 4038 stram
735 3977 1017 4038 laudem
1078 3985 1147 4036 et
1214 3974 1548 4035 virtutem
1621 3975 1987 4047 tacituros;
2063 3978 2255 4056 quod
2317 3976 2375 4038 si
2445 3975 2610 4057 quid
2677 3979 2767 4037 ad
2831 3977 3022 4039 illam

448 4083 685 4164 ipsam
736 4083 1065 4144 virtutem
1114 4093 1423 4143 vestram
1474 4085 1862 4144 ornandam
1913 4093 2130 4164 atque
2178 4082 2666 4145 illustrandam
2707 4083 2857 4145 fieri
2894 4105 3022 4165 per

457 4212 591 4253 nos
639 4199 899 4273 potest,
952 4190 1008 4252 si
1056 4190 1225 4270 quid
1276 4187 1485 4251 Sedis
1534 4187 1846 4251 Sanctae
1896 4189 2360 4271 Apostolicae
2413 4209 2666 4252 nomen
2717 4191 3020 4254 studium

455 4299 843 4360 auctoritas
890 4300 979 4359 ad
1031 4297 1449 4376 dignitatem
1513 4307 1583 4357 et
1645 4297 2088 4358 commodum
2151 4305 2463 4358 vestrum
2531 4297 2858 4360 conferre
2916 4309 3025 4362 est

455 4417 648 4487 apta,
732 4408 1058 4468 volumus
1134 4425 1261 4465 vos
1344 4403 1751 4466 existimare
1830 4424 2104 4466 omnem
2176 4415 2487 4465 nostram
2565 4406 3022 4486 voluntatem,

458 4533 738 4576 omnem
788 4510 1303 4591 benignitatem
1353 4509 1557 4571 vobis
1604 4510 1760 4572 fore
1810 4530 2092 4591 semper
2141 4521 2212 4572 et
2256 4511 2646 4572 honoribus
2710 4512 3018 4575 utilitati-

456 4623 733 4701 busque
784 4619 1040 4682 vestris
1090 4628 1490 4698 promptam
1556 4627 1625 4678 et
1685 4628 2040 4698 paratam:
2123 4618 2541 4679 devotiones
2606 4627 2882 4682 vestras
2949 4620 3016 4681 in

460 4728 745 4790 domino
794 4729 1165 4788 hortantes
1181 4773 1198 4805 ,
1248 4735 1325 4786 ut
1374 4743 1555 4805 quae
1605 4726 1789 4786 bene
1837 4747 1879 4786 a
1928 4723 2132 4786 vobis
2181 4733 2391 4804 cepta
2440 4733 2603 4786 sunt
2651 4727 2741 4788 ad
2792 4736 3017 4788 extre-

460 4855 644 4896 mum
694 4835 1053 4896 deducere
1102 4845 1173 4894 et
1219 4831 1501 4894 firmare
1550 4830 1922 4902 studeatis,
1974 4830 2660 4912 prestantissimique
2709 4833 3018 4896 omnium

461 4963 643 5026 quae
690 4942 927 5004 multis
973 4940 1109 5002 iam
1161 4939 1417 5000 seculis
1465 4947 1672 5020 gesta
1720 4949 1882 5000 sunt
1920 4937 2112 5016 facti,
2162 4939 2558 5001 absolutam
2602 4939 3016 5021 perfectam-
