3575 5775
1608 561 1723 614 οὐ
1800 559 1908 616 450
1984 558 2100 614 εῑ>το

569 713 820 785 questa
889 704 1296 766 defectione
1365 705 1496 767 che
1564 705 1755 767 forse
1823 727 1963 769 non
2033 710 2338 770 sat-ebbe
2405 709 2686 790 seguita
2745 709 3007 790 perche
3074 708 3130 771 si

570 815 970 876 sarebbeno
1037 810 1204 873 uniti
1268 831 1398 892 per
1445 811 1695 874 timore
1745 813 1862 875 del
1910 834 2006 878 re.
2105 815 2324 877 Forse
2389 835 2526 878 non
2597 817 2902 878 sat-ebbe
2949 818 3131 878 male

570 921 701 981 che
748 919 820 981 in
870 929 1119 1000 questo
1170 939 1245 980 se
1294 918 1641 981 scrivesse
1690 939 1733 982 a
1768 918 1841 982 S.
1876 919 2003 982 Ma
2053 941 2144 982 un
2197 923 2339 983 bon
2390 924 2613 984 breve
2663 931 2731 984 et
2781 923 3132 1004 sogiugne

570 1028 767 1088 detto
817 1024 1100 1088 Statilio
1172 1025 1302 1086 che
1350 1045 1427 1086 se
1478 1024 1737 1088 Cesare
1811 1036 1881 1088 et
1952 1037 2193 1090 nostro
2245 1027 2552 1110 Signore
2622 1040 2693 1091 et
2760 1029 2828 1092 la
2890 1029 3130 1092 nation

569 1132 980 1216 germanica
1024 1133 1403 1194 volessono
1454 1133 1812 1215 castigare
1861 1135 2092 1216 questi
2141 1135 2398 1198 ribaldi
2446 1136 2763 1217 religiosi
2815 1148 2883 1198 et
2917 1157 3130 1217 quon-

571 1243 731 1302 dam
783 1238 975 1302 Gran
1018 1239 1332 1302 Maestro
1383 1241 1513 1302 che
1548 1238 1620 1302 S.
1670 1240 1798 1302 Mt*
1848 1219 1938 1304 ne
1987 1245 2292 1304 sarebbe
2341 1245 2558 1305 molto
2605 1244 2746 1305 ben
2797 1253 3136 1307 contenta

571 1358 641 1411 et
690 1348 820 1410 che
866 1345 1119 1410 Poloni
1170 1355 1242 1408 et
1288 1367 1418 1408 rex
1465 1345 1621 1427 ipse
1670 1350 1963 1412 multum
2013 1349 2456 1428 detestantur
2506 1369 2748 1412 eorum
2795 1351 3013 1413 vitam
3065 1360 3134 1412 et

572 1453 1045 1517 defectionem
1092 1474 1135 1514 a
1182 1473 1356 1516 vera
1402 1453 1564 1516 fide.
1619 1501 1633 1516 .
1671 1503 1685 1517 .
1722 1502 1737 1517 .

748 1579 998 1642 Eudae
1049 1578 1221 1640 VIII
1269 1577 1442 1640 Maii
1488 1577 1894 1642 MDXXV.

750 1721 964 1783 Tutto
1015 1723 1080 1784 el
1130 1719 1486 1783 contrario
1534 1723 1628 1783 ha
1675 1720 1856 1782 fatto
1905 1722 1974 1783 la
2021 1721 2273 1804 regina
2321 1743 2454 1786 con
2508 1723 2557 1787 li
2605 1723 2711 1786 soi
2757 1725 3138 1808 Todeschi,

575 1850 707 1893 con
761 1828 887 1908 dir,
937 1849 1013 1891 se
1045 1827 1129 1892 N.
1159 1826 1231 1890 S.
1283 1827 1317 1890 ὲ
1369 1839 1618 1890 contra
1651 1827 1914 1890 Cesare
1963 1830 2094 1892 che
2137 1830 2477 1912 vogliono
2526 1831 2700 1894 farsi
2745 1832 3136 1908 lutherani;

572 1939 661 1999 de
710 1936 965 2017 quibus
1012 1956 1151 1998 non
1204 1943 1311 1997 est
1358 1936 1784 2014 curandum,
1833 1936 2098 2016 perche
2148 1937 2332 1999 oltra
2379 1937 2512 1999 che
2561 1937 2887 2020 Ungaria
2932 1940 2970 2004 ὲ
3020 1961 3140 2004 na-

570 2047 756 2106 tural
791 2043 1063 2106 nemica
1103 2045 1191 2104 de
1223 2041 1647 2124 Alamagna,
1698 2031 1787 2104 ne
1820 2063 1961 2104 uno
1997 2046 2206 2106 vuole
2248 2045 2411 2124 quel
2444 2046 2575 2107 che
2607 2045 2649 2108 l'
2685 2047 2868 2110 altro
2903 2049 3138 2129 vuole,

572 2172 748 2214 sono
797 2152 1024 2214 anche
1073 2151 1413 2212 talmente
1470 2149 1788 2211 inclinati
1838 2169 1880 2210 a
1929 2149 2011 2212 N.
2063 2150 2136 2212 S.
2207 2159 2277 2212 et
2324 2153 2464 2214 alla
2511 2150 2678 2215 fede
2727 2155 2860 2216 che
2907 2175 3048 2217 non
3099 2157 3136 2218 ὁ

574 2261 666 2320 da
714 2258 1063 2320 dubitare.
1158 2257 1427 2319 Dubito
1478 2260 1612 2320 ben
1679 2259 1812 2320 che
1861 2278 1990 2339 per
2041 2257 2388 2340 disdegno
2448 2281 2588 2322 non
2635 2259 2915 2325 faccino
2965 2263 3138 2344 ogni

574 2387 743 2428 cosa
789 2385 921 2446 per
967 2367 1212 2427 turbar
1260 2365 1331 2426 la
1376 2365 1655 2445 pratica
1703 2367 1791 2426 de
1823 2365 2140 2444 Boemia‚
2189 2368 2451 2446 perche
2483 2369 2800 2449 potendo
2847 2369 2941 2432 lei
2972 2373 3139 2451 quel

574 2475 707 2534 che
754 2473 824 2532 la
876 2473 1082 2534 vuole
1132 2472 1242 2533 col
1273 2472 1389 2534 Re
1441 2482 1510 2534 et
1552 2472 1959 2535 temendola
2007 2473 2239 2553 questi
2273 2475 2677 2555 consiglieri
2712 2496 2842 2556 per
2881 2477 2949 2539 la
2979 2479 3137 2540 loro

576 2581 1010 2660 corruptela,
1073 2598 1247 2640 sono
1295 2577 1547 2639 forzati
1597 2573 1910 2658 seguirla
1961 2580 2144 2642 dove
2193 2601 2268 2642 se
2319 2581 2632 2654 obstina;
2697 2603 2874 2663 pure
2923 2605 3138 2666 spero

574 2706 715 2749 non
765 2685 974 2768 potra
1014 2693 1214 2748 tanto
1258 2687 1388 2747 che
1422 2685 1647 2766 toglia
1681 2697 1882 2748 tanto
1916 2688 2122 2766 bene,
2172 2707 2214 2748 a
2247 2689 2381 2750 che
2430 2697 2500 2750 et
2529 2688 2597 2751 io
2648 2700 2718 2752 et
2751 2692 2818 2754 el
2851 2691 3139 2754 Barone

574 2815 717 2857 non
750 2813 1199 2857 mancaremo
1231 2794 1696 2874 provedendo
1732 2813 1770 2854 a
1807 2802 1989 2856 tutte
2023 2796 2089 2858 le
2121 2793 2364 2860 offese.
2447 2795 2714 2877 Questo
2745 2797 2886 2860 mio
2917 2799 3138 2861 dubio

574 2922 903 2967 accresce
950 2902 1020 2963 la
1066 2900 1429 2982 presentia
1476 2901 1565 2963 de
1611 2910 1715 2961 tre
1763 2899 2030 2963 fratelli
2080 2902 2169 2965 de
2203 2903 2683 2986 Brandeburg
2731 2908 2862 2967 che
2909 2906 2966 2969 si
2999 2918 3136 2969 tro-

573 3028 760 3070 vano
812 3028 949 3089 qua
999 3016 1070 3069 et
1112 3028 1241 3091 per
1270 3008 1338 3069 lo
1373 3008 1890 3071 ambasciatore
1924 3028 2238 3091 cesare0‚
2288 3010 2478 3092 quali
2507 3012 2670 3074 tutti
2707 3032 2885 3075 sono
2916 3014 3136 3077 luthe-

574 3116 729 3177 rani
797 3135 839 3178 ο
908 3118 1185 3177 almeno
1252 3116 1472 3177 molto
1539 3115 1838 3196 sospetti
1906 3125 1978 3177 et
2034 3117 2580 3180 maximamente
2649 3122 2714 3182 el
2763 3120 3140 3183 Marchese

576 3220 893 3304 Georgio
936 3223 1064 3284 che
1098 3223 1190 3285 ha
1222 3242 1433 3304 preso
1466 3242 1596 3303 per
1623 3221 1888 3303 moglie
1935 3244 2078 3286 una
2110 3226 2225 3285 del
2258 3226 2460 3288 Duca
2493 3224 2704 3289 Carlo
2737 3226 2809 3289 di
2843 3227 3141 3290 Boemia

575 3350 785 3392 senza
834 3329 1169 3409 dispensa
1217 3339 1288 3391 et
1335 3349 1510 3391 sono
1562 3328 1629 3390 in
1683 3340 1874 3390 terzo
1923 3331 2171 3409 grado,

1780 3828 1931 3895 207.

1480 3954 1825 4036 Rotarius
1883 3953 2226 4035 Sadalam.

1379 4102 1670 4171 (varior.
1722 4101 1809 4159 ad.
1863 4101 2059 4159 clem.
2111 4100 2184 4158 n.
2235 4100 2342 4168 43.)

1605 4211 1715 4278 (13.
1756 4213 1888 4261 Maii
1933 4208 2106 4281 1525.)

757 4348 875 4411 Ali
924 4370 961 4425 9
1025 4348 1277 4411 scrisse
1326 4347 1394 4407 al
1444 4346 1629 4408 Rev.
1681 4345 2022 4426 Capuano
2085 4346 2459 4427 pregando
2508 4343 2656 4408 Sua
2706 4345 2788 4409 S⁸
2836 4347 2989 4410 R¹¹¹²
3047 4369 3136 4411 ne

574 4460 855 4519 volesse
903 4454 1012 4517 far
1058 4454 1428 4537 partecipe
1472 4453 1558 4515 V.
1610 4450 1684 4516 S.
1734 4452 1828 4516 R.
1879 4453 1969 4514 de
2017 4453 2084 4514 le
2134 4472 2340 4531 nove,
2391 4473 2522 4534 per
2568 4474 2708 4516 non
2757 4455 3017 4535 poterli
3066 4456 3132 4518 in

576 4564 811 4644 quella
870 4563 1047 4623 hora
1096 4560 1433 4623 scriverli.
1534 4560 1621 4621 Al
1685 4568 2022 4640 presente
2071 4558 2338 4641 supliro
2390 4558 2458 4621 in
2508 4571 2713 4641 parte
2773 4561 2842 4623 al
2892 4562 3132 4625 debito

576 4670 713 4733 mio
776 4678 847 4730 et
894 4667 941 4729 li
990 4669 1249 4731 mando
1298 4688 1435 4729 una
1485 4666 1690 4748 copia
1738 4667 2012 4729 inclusa
2076 4666 2165 4728 de
2216 4686 2356 4728 una
2405 4669 2660 4729 lettera
2725 4668 2814 4729 de
2863 4668 3132 4732 Norim·

572 4778 821 4855 bergO.
914 4774 1127 4837 Tutta
1188 4776 1259 4837 la
1308 4775 1709 4855 Alemagna
1758 4794 1848 4834 va
1911 4782 2097 4835 sotto
2148 4793 2393 4854 sopra,
2467 4774 2552 4835 ne
2603 4774 2662 4836 c'
2715 4775 2750 4837 ὲ
2811 4774 2932 4856 piu
2982 4796 3131 4857 spe-

572 4902 786 4945 ranza
834 4882 1140 4943 alchuna
1188 4902 1263 4943 se
1313 4901 1452 4943 non
1503 4882 1692 4943 nella
1738 4879 2224 4943 misericordia
2273 4882 2361 4942 de
2409 4879 2548 4942 Dio
2599 4892 2672 4943 et
2716 4880 2838 4963 gia
2883 4884 2978 4946 ha
3023 4904 3130 4947 co·
