3575 5775
1697 575 2191 632 oe<234808>0

661 737 971 782 mearum
1007 741 1143 802 ego
1178 721 1484 802 partium
1516 731 1709 785 ratus
1759 744 1912 785 sum
1962 744 2203 786 eorum
2256 724 2562 788 omnium
2613 723 2685 788 S.
2719 727 2800 788 T.
2851 727 3228 790 certiorem

658 826 962 889 reddere
1011 839 1089 890 ut
1135 830 1420 910 quando
1471 830 1936 893 certissimum
1997 833 2265 895 habere
2327 853 2459 913 par
2506 841 2634 910 est,
2698 835 2832 896 hoc
2893 834 3232 916 quicquid

659 954 700 994 a
748 933 955 997 nobis
1002 946 1235 997 actum
1286 947 1393 999 est
1441 957 1582 1000 non
1631 938 1810 1000 citra
1858 938 2150 1002 fatalem
2197 939 2333 1002 Dei
2381 937 2548 1021 Opt.
2597 940 2791 1004 Max.
2851 941 3228 1022 providen-

658 1039 823 1102 tiam
872 1042 1293 1124 contigisse,
1343 1043 1465 1125 qui
1514 1043 1689 1108 nihil
1736 1065 1878 1108 non
1927 1045 2450 1127 sapientissime
2499 1047 2844 1130 disponit,
2890 1048 3010 1112 det
3063 1070 3223 1131 pro-

659 1147 825 1209 inde
875 1168 1163 1229 operam
1215 1149 1292 1214 E.
1344 1151 1421 1214 T.
1472 1151 1554 1214 B.
1605 1162 1682 1214 ut
1729 1153 2370 1234 supplicationibus
2398 1154 2675 1236 piisque
2723 1156 3230 1220 obsecrationi-

660 1257 790 1315 bus
840 1255 1065 1318 Deum
1118 1258 1356 1337 placet
1400 1257 1752 1339 Ecclesia,
1817 1279 1958 1339 quo
2022 1259 2278 1341 reliqui
2327 1260 2641 1324 eiusdem
2692 1261 3021 1324 factionis
3067 1283 3224 1344 per-

656 1360 977 1424 ditissimi
1010 1363 1353 1443 homineS,
1388 1365 1505 1446 qui
1536 1365 1814 1446 ingenti
1849 1386 1979 1428 nos
2015 1366 2394 1430 etiamnum
2426 1368 2710 1448 agmine
2745 1369 3226 1446 circumstant,

656 1469 746 1530 ad
796 1469 1157 1534 meliorem
1209 1473 1495 1534 tandem
1545 1473 1930 1554 aliquando
1993 1482 2300 1536 mentem
2365 1486 2846 1554 revertantur,
2903 1478 3228 1538 Authore

657 1595 763 1654 e0,
800 1576 917 1657 qui
946 1589 1421 1659 perstaturam
1456 1579 1650 1642 Petri
1700 1579 1912 1644 fidem
1963 1580 2126 1643 olim
2175 1581 2535 1662 pollicitus
2583 1594 2774 1646 tuam
2824 1584 3035 1646 etiam
3085 1585 3226 1646 ΒΜ

656 1685 1165 1764 componendis
1214 1688 1425 1748 rebus
1474 1688 1874 1750 mortalium
1925 1688 2042 1750 diu
2091 1699 2329 1752 servet
2377 1688 2797 1752 incolumen.
2893 1689 2998 1752 Ex
3037 1691 3224 1752 Nan-

656 1811 836 1872 ceyo
887 1791 1002 1854 die
1055 1792 1155 1854 VI
1202 1792 1471 1856 Mensis
1518 1794 1731 1872 Junii.

832 1897 911 1961 E.
964 1897 1035 1962 S.
1086 1900 1163 1960 T.

1674 2009 2057 2057 Devotissimus
2097 2011 2662 2074 obedientissimusque
2702 2011 2840 2060 filius

1325 2099 1695 2148 Calabriae
1742 2100 2030 2148 Lothari
2053 2101 2246 2161 ngiae
2286 2107 2352 2150 et
2393 2102 2580 2150 Barri
2627 2105 2742 2150 Dux·
2779 2101 3118 2164 Anthonlug,

1735 2318 1748 2328 »-
1763 2315 1908 2329 »νκγνυ-
1935 2319 1946 2324 -
1958 2315 2018 2326 Λ,-
2032 2317 2142 2326 ,νῆα-υ

1869 2587 2017 2651 222.

1522 2699 1841 2782 Clemens
1897 2703 2054 2784 VII.
2114 2701 2315 2784 Garlo
2373 2704 2449 2785 V.

953 2846 1274 2917 (clementis
1310 2848 1435 2908 vn.
1474 2849 1648 2924 Epist..
1689 2851 1763 2911 ad.
1799 2852 1970 2925 prino.
2011 2851 2336 2911 Sadoletum
2372 2853 2617 2926 scriptae
2654 2851 2745 2911 fol.
2781 2853 2912 2921 157.)

1682 2969 1751 3039 (9.
1791 2975 1939 3039 Junii
1987 2972 2160 3040 1525.)

832 3096 1207 3160 Carissime
1302 3098 1433 3161 His
1482 3098 1734 3163 diebus
1783 3120 1938 3161 cum
1990 3101 2078 3161 de
2109 3100 2525 3161 tumultibus
2557 3098 3003 3179 Germaniae,
3033 3121 3223 3181 quae

654 3204 805 3267 fere
855 3213 1005 3267 tota
1053 3205 1190 3268 illis
1239 3206 1469 3287 impiis
1531 3209 1950 3269 lutheranae
2016 3207 2464 3289 pestilentiae
2514 3206 2898 3270 seminibus
2944 3217 3224 3289 pertur-

655 3313 822 3374 bata
870 3314 961 3375 ad
1011 3314 1351 3376 nobilium
1402 3334 1473 3377 et
1520 3315 1918 3397 principum
1971 3336 2256 3379 suorum
2291 3316 2582 3377 caedem
2613 3314 3222 3396 ecclesiarumque

655 3420 1125 3502 direptionem
1170 3433 1736 3503 consurrexerat,
1770 3443 2033 3505 graves
2063 3423 2360 3487 nuncios
2384 3422 2902 3499 habuissemuS,
2951 3442 3035 3483 ac
3085 3442 3222 3503 pro

657 3537 902 3589 nostra
948 3547 1216 3591 summa
1264 3550 1432 3591 cura
1480 3528 1794 3593 tuendae
1829 3529 2086 3593 Christi
2121 3530 2488 3613 religionis
2537 3539 2608 3592 et
2640 3529 3002 3610 dignitatis
3053 3538 3224 3593 tuae

654 3632 773 3696 dil.
822 3632 917 3697 fil.
968 3635 1189 3697 nobili
1237 3636 1391 3699 viro
1440 3637 1642 3700 fratri
1690 3649 1812 3701 tuo
1863 3637 1932 3698 id
1983 3659 2024 3699 a
2073 3638 2278 3700 nobis
2325 3656 2456 3719 per
2503 3635 2774 3699 litteras
2831 3636 3224 3717 postulanti

656 3742 923 3804 auxilia
956 3743 1366 3824 pecuniaria
1399 3746 1674 3809 mittere
1710 3745 2272 3807 decrevissemus
2303 3743 2370 3806 in
2399 3743 2507 3807 his
2541 3744 2811 3805 miseris
2845 3754 2918 3805 et
2935 3742 3226 3806 afflictis

652 3848 862 3914 Sedis
889 3849 1351 3933 Apostolicae
1376 3853 1817 3932 temporibus
1843 3872 2112 3915 summo
2137 3870 2293 3913 cum
2315 3851 2562 3913 labore
2591 3870 2970 3931 expressa:
3005 3849 3220 3911 desti—

652 3978 823 4020 nare
858 3957 1283 4021 instituimus
1310 3958 1553 4020 dedita
1581 3979 1801 4040 opera
1831 3958 2278 4021 tabellarium
2311 3960 2401 4020 ad
2431 3958 2548 4020 dil.
2596 3957 2680 4019 fr.
2717 3957 3222 4019 Baldassarem

655 4064 1159 4130 Castilioneum
1208 4064 1538 4127 nuncium
1590 4077 1936 4143 nostrum,
1987 4068 2105 4147 qui
2155 4086 2312 4127 cum
2363 4062 2764 4127 Serenitate
2811 4073 2934 4126 tua
2980 4062 3225 4127 omnia

653 4172 1236 4246 communicaret;
1275 4175 1822 4255 exemplumque
1873 4173 2262 4236 litterarum
2313 4172 2574 4253 prefati
2624 4172 3050 4235 Archiducis
3097 4171 3222 4234 mi-

654 4279 869 4341 simus
916 4302 997 4344 ac
1048 4284 1259 4363 plane
1310 4302 1468 4345 eum
1518 4281 1977 4344 instruximus
2017 4301 2148 4360 per
2181 4280 2441 4362 scripta
2475 4287 2720 4341 nostra
2768 4280 2858 4341 de
2905 4299 2990 4341 eo
3027 4280 3228 4359 quod

656 4388 1011 4467 agendum
1072 4399 1143 4452 et
1205 4389 1711 4452 conferendum
1790 4409 1948 4451 cum
2011 4387 2415 4451 Serenitate
2505 4395 2628 4448 tua
2693 4396 2899 4448 esset.
3011 4384 3226 4448 Nunc

652 4513 865 4573 quum
914 4495 1050 4559 iarn
1099 4497 1435 4560 remediis
1482 4494 1876 4559 acrioribus
1923 4497 2101 4558 haec
2150 4505 2350 4556 tanta
2397 4497 2582 4556 mala
2629 4492 3032 4574 indigeant,
3081 4504 3220 4555 est·

653 4621 795 4681 que
870 4600 1037 4665 fidei
1114 4604 1540 4667 christianae
1620 4613 1689 4665 et
1760 4602 2138 4665 universae
2202 4600 2628 4664 Germaniae
2701 4600 3059 4661 sedandae
3132 4620 3226 4661 ac

650 4712 1195 4791 componendae
1264 4712 1489 4773 omnis
1538 4711 1607 4773 in
1661 4721 1824 4772 tuae
1875 4708 2296 4787 Serenitatis
2342 4708 2604 4771 virtute
2653 4716 2866 4788 atque
2913 4708 3222 4788 pruden-

652 4818 752 4879 tia
799 4838 965 4899 spes
1012 4818 1361 4901 reposita,
1423 4820 1787 4881 hortamur
1851 4818 2151 4879 eandem
2214 4824 2406 4878 tuam
2457 4813 2930 4879 Serenitatem
2974 4813 3046 4877 in
3095 4816 3222 4877 do-

652 4926 841 4995 mino
912 4938 989 4994 ut
1054 4928 1190 4989 hoc
1273 4937 1592 5007 tempore
1659 4926 1938 4987 demum
2005 4924 2292 5005 quando
2355 4924 2586 4985 adhuc
2653 4934 2772 4983 tua
2827 4921 3082 4984 lenitas
3147 4932 3228 4985 et
