3575 5775
1321 582 1816 641 ε><ἒ3201ξ1>-ο

319 749 354 792 o
393 728 624 812 piacet
672 730 927 794 alcuno
978 751 1054 792 se
1089 750 1230 794 non
1265 752 1461 794 esser
1495 732 1831 794 continuo
1864 731 2136 802 intento
2170 727 2241 792 in
2285 725 2437 792 suoi
2488 727 2851 811 conseglii,

317 838 430 900 che
475 837 508 900 ὲ
555 858 696 902 una
747 858 915 902 cosa
963 838 1400 903 incredibile.
1495 839 1587 902 Di
1635 860 1761 902 sue
1812 839 1997 901 virtu
2056 845 2129 900 et
2174 846 2499 917 resposte
2550 837 2851 918 pruden-

315 943 551 1006 tissime
598 945 919 1008 horamai
968 967 1058 1008 ne
1107 947 1340 1028 potrei
1387 945 1623 1028 implir
1679 966 1775 1007 un
1822 965 2006 1027 gran
2054 945 2277 1023 libro,
2343 953 2414 1006 et
2462 965 2673 1025 spero
2722 946 2853 1006 che

319 1053 540 1114 alcuna
588 1055 789 1114 volta
835 1074 924 1115 ne
973 1053 1272 1116 referii-‹¹›
1331 1075 1374 1116 a
1420 1057 1678 1132 bocca,
1745 1062 1817 1114 et
1878 1073 1953 1114 se
2017 1072 2156 1114 non
2230 1049 2391 1114 sara
2456 1054 2755 1116 molesto
2813 1072 2855 1114 a

323 1155 554 1220 Vostra
605 1156 946 1240 Signoria
991 1160 1629 1224 Reverendissima
1675 1159 1835 1222 udir
1880 1160 1949 1221 le
1996 1159 2179 1221 virtu
2228 1157 2293 1219 d’
2340 1159 2497 1222 altri
2548 1159 2853 1221 essendo

320 1283 457 1327 essa
499 1266 1030 1331 virtuosissima.
1659 1327 1666 1336 .

472 1373 736 1436 Mando
787 1375 906 1437 doi
956 1376 1353 1456 exemplari
1403 1376 1592 1439 della
1639 1395 1943 1439 censura
1992 1375 2062 1436 di
2113 1373 2352 1452 PariS‚
2416 1373 2471 1434 li·
2524 1373 2714 1454 quali
2761 1376 2854 1437 ho

319 1477 476 1541 fatto
539 1485 654 1563 qui
703 1481 1066 1562 imprimer
1111 1502 1244 1564 per
1291 1503 1472 1563 gran
1519 1482 1875 1544 rechiesta
1923 1482 1995 1542 di
2046 1480 2375 1543 Alemani
2434 1491 2505 1544 et
2562 1481 2632 1542 in
2682 1501 2855 1544 vero

317 1584 350 1646 ὲ
389 1587 973 1666 prudentemente
1021 1589 1202 1652 fatta
1245 1591 1349 1664 ,tal
1399 1609 1728 1660 censura;
1779 1609 1921 1650 uno
1971 1588 2123 1650 solo
2173 1590 2409 1650 hanno
2441 1587 2622 1650 fatto
2670 1590 2854 1650 male

318 1693 432 1754 che
478 1695 563 1756 de
611 1695 914 1775 primatu
958 1695 1328 1759 Pontificis
1377 1717 1516 1759 non
1567 1699 1807 1758 hanno
1856 1694 2035 1757 fatto
2084 1693 2396 1757 mention
2445 1696 2729 1775 alcuna,
2788 1694 2857 1757 la

315 1801 462 1879 qual
508 1821 672 1864 cosa
721 1801 908 1888 (meo
957 1804 1243 1866 minimo
1295 1802 1582 1886 judicio)
1653 1803 1688 1865 ὲ
1753 1802 1877 1885 piu
1935 1801 2149 1864 facile
2210 1823 2249 1865 a
2309 1821 2572 1883 provar
2619 1823 2711 1865 ex
2761 1802 2857 1865 di-

317 1905 482 1969 vinis
527 1908 802 1990 litteris,
853 1913 984 1974 che
1032 1914 1250 1974 molte
1299 1912 1478 1975 altre
1529 1932 1695 1974 cose
1744 1911 1877 1973 che
1925 1929 2101 1972 sono
2134 1909 2205 1972 in
2239 1911 2308 1971 la
2342 1910 2585 1974 chiesa
2613 1921 2857 1974 tenute

317 2014 709 2079 certissime.
804 2017 1107 2080 Intendo
1158 2019 1290 2080 che
1339 2019 1386 2080 li
1438 2017 1746 2080 Parisini
1799 2017 2056 2079 dicono
2104 2017 2328 2079 haver
2384 2028 2857 2098 pretermesso

317 2131 546 2200 questo
594 2133 850 2204 pont0‚
907 2146 998 2187 ne
1049 2126 1414 2188 videretur
1469 2126 1540 2186 in
1605 2125 1913 2206 gratiam
1971 2123 2369 2203 pontificis,
2436 2133 2557 2186 aut
2623 2127 2712 2186 ab
2773 2145 2858 2186 eo

318 2230 664 2292 subornati
715 2231 786 2293 id
836 2230 1117 2312 fecisse,
1169 2243 1240 2295 et
1270 2234 1494 2313 perho
1530 2232 1599 2294 la
1637 2234 1790 2294 loro
1825 2249 2127 2293 censura
2158 2233 2461 2293 sarebbe
2510 2241 2857 2312 suspetta:

319 2333 386 2395 Io
427 2340 804 2401 tuttavolta
853 2361 964 2402 me
1014 2341 1313 2403 dubbito
1365 2341 1496 2402 che
1543 2341 1784 2402 hanno
1834 2341 2101 2402 lassato
2150 2359 2280 2420 per
2327 2339 2397 2401 la
2426 2359 2642 2401 causa
2688 2339 2861 2401 anti-

318 2459 442 2520 qua
487 2444 675 2507 della
722 2447 966 2508 schola
1015 2447 1346 2509 Parisina
1393 2467 1608 2527 super
1641 2446 1989 2510 Pontifice
2022 2454 2093 2508 et
2126 2446 2463 2509 concilio:
2516 2445 2859 2527 quidquid

315 2549 414 2626 sit,
459 2571 687 2633 spel-0,
738 2556 1096 2634 passando
1151 2574 1280 2636 per
1319 2555 1376 2616 F
1381 2575 1594 2617 ranza
1643 2555 1827 2634 (nam
1877 2573 2008 2634 per
2045 2552 2502 2615 Germaniam
2551 2573 2693 2616 non
2754 2563 2860 2616 est

317 2659 548 2738 tutum)
595 2667 849 2721 trattar
921 2662 1174 2723 alcuna
1242 2683 1408 2724 cosa
1468 2681 1622 2723 curn
1696 2659 1874 2722 detti
1939 2660 2225 2723 Dottori
2290 2659 2597 2723 Parisini
2662 2659 2859 2723 accio

319 2763 434 2823 che
479 2784 693 2828 ancor
740 2767 894 2828 loro
945 2767 1305 2847 seguitino
1355 2767 1402 2829 l’
1439 2767 1685 2830 ordine
1735 2767 1924 2830 delle
1975 2768 2152 2828 altre
2202 2769 2467 2845 schole,
2518 2778 2588 2829 et
2620 2789 2693 2829 sc
2742 2787 2861 2848 po-

319 2869 449 2951 trb,
496 2874 625 2935 che
675 2894 764 2936 ne
813 2873 1047 2938 facino
1098 2896 1190 2938 un
1244 2876 1426 2939 altro
1476 2884 1811 2956 trattat0‚
1860 2873 2122 2956 perche
2173 2894 2348 2937 sono
2398 2874 2518 2955 qui
2567 2873 2638 2936 in
2690 2873 2859 2937 Ger-

321 2979 529 3042 mania
586 2979 658 3043 di
715 3002 896 3063 gran
961 3004 1168 3045 nome
1235 3004 1579 3065 appresso
1639 2982 1841 3063 tutti,
1906 3002 2124 3045 ancor
2192 2983 2322 3044 che
2372 2981 2419 3044 li
2470 2981 2859 3044 Lutherani

322 3085 515 3165 dopoi
563 3088 731 3151 data
777 3090 984 3152 fuora
1035 3101 1288 3171 questa
1338 3110 1638 3153 censura
1687 3110 1763 3151 se
1812 3110 1902 3152 ne
1950 3088 2314 3151 bertizano
2365 3108 2523 3169 ore,
2574 3099 2644 3150 et
2694 3089 2859 3167 risu,

323 3193 430 3253 sed
500 3197 712 3258 corde
772 3196 1343 3279 disrumpuntur,
1409 3208 1480 3259 et
1537 3206 1735 3261 tanto
1812 3197 1930 3279 piu
2004 3196 2266 3277 perche
2341 3196 2559 3257 Luter
2622 3195 2861 3258 avanti

324 3297 498 3363 detta
541 3322 842 3365 censura
887 3306 1207 3384 protest&
1257 3304 1377 3385 piu
1429 3303 1596 3367 flate
1644 3304 1845 3366 voler
1893 3312 2039 3365 star
2086 3304 2202 3365 del
2258 3311 2441 3365 tutto
2490 3304 2557 3364 al
2601 3302 2860 3364 iudicio

324 3404 382 3465 di
427 3411 653 3487 quella
699 3410 1112 3474 universita.
1209 3412 1272 3473 A
1327 3413 1588 3474 Vostra
1637 3410 1979 3492 Signoria
2040 3410 2678 3473 Reverendissima
2739 3411 2856 3472 hu-

323 3513 652 3578 milmente
701 3519 878 3579 baso
927 3518 992 3579 le
1041 3518 1229 3581 mani
1279 3528 1390 3581 etc
1440 3527 1572 3581 etc.

1529 3992 1632 4056 76.

372 4102 626 4187 Modica
681 4108 1029 4188 memoria
1083 4131 1208 4209 pro
1247 4108 1417 4189 Duo,
1461 4109 1818 4189 Aleandro
1877 4108 2367 4189 commissario
2406 4109 2808 4210 Apostolioo

1228 4244 1308 4323 in
1363 4243 1554 4324 facto
1607 4243 1923 4323 Lutheri.

1129 4392 1332 4461 (Act-a
1375 4390 1706 4449 wormac.
1752 4388 1867 4448 fol.
1904 4390 2043 4458 126.)

441 4533 803 4617 Glapionis
852 4558 894 4600 a
942 4538 1392 4601 confessione
1443 4536 1732 4599 Caesari
1782 4536 2149 4598 consilium
2201 4538 2743 4649 autographum.

486 4676 850 4762 Inprimis
900 4682 1072 4743 licet
1120 4680 1220 4742 ita
1268 4680 1357 4741 sit
1405 4679 1593 4759 quod
1645 4679 1981 4740 mandata
2042 4679 2369 4760 rigorosa
2434 4679 2574 4741 sint
2636 4680 2857 4762 publi-

339 4792 469 4843 cata
515 4785 580 4846 in
627 4788 931 4851 diversis
979 4786 1155 4849 locis
1202 4786 1627 4867 solepniter,
1685 4806 1823 4846 non
1875 4794 2111 4846 tamen
2176 4787 2650 4849 observantur
2699 4808 2857 4850 con-

340 4893 506 4953 tenta
569 4893 634 4956 in
704 4894 844 4957 illis
919 4898 1012 4957 ob
1081 4894 1437 4957 defectum
1509 4894 1784 4955 illorum
1860 4890 1978 4971 qui
2058 4891 2377 4954 ulteriori
2450 4893 2857 4957 executioni
