3575 5775
1351 593 1650 649 0-{3343
1727 592 1871 647 sp-o.

319 738 612 801 materia
659 737 864 817 fidei,
933 759 1145 819 quam
1193 759 1499 820 morum,
1564 760 1764 802 come
1814 738 2031 821 quelli
2080 738 2211 800 che
2260 758 2435 801 sono
2486 737 2651 800 stati
2698 757 2877 799 com·

319 844 500 927 posti
551 865 681 926 per
729 845 1182 925 Cancellieri,
1233 856 1304 909 et
1352 845 1746 909 Conselieri
1794 846 2175 926 lutherani,
2230 858 2299 906 et
2348 866 2423 907 :e
2473 864 2609 926 pur
2654 862 2783 926 per
2830 842 2879 905 li

319 950 534 1032 tempi
599 951 868 1033 passati
939 953 1030 1018 ad
1090 952 1566 1033 grandissima
1627 952 1968 1017 instantia
2034 954 2122 1015 de
2172 955 2240 1014 la
2288 955 2477 1015 bona
2541 950 2882 1015 memoria

319 1058 838 1139 MaximilianO,
911 1067 984 1122 et
1045 1062 1135 1121 de
1183 1057 1344 1121 altri
1393 1058 1706 1140 Principi
1769 1059 1861 1123 de
1909 1057 2325 1137 Germania,
2396 1058 2437 1121 e
2486 1067 2671 1121 stata
2718 1078 2877 1121 con-

319 1185 516 1227 cessa
565 1166 820 1227 alcuna
866 1186 1035 1228 cosa
1082 1186 1223 1229 non
1272 1169 1455 1229 cossi
1498 1167 1879 1245 ordinaria,
1928 1166 2047 1249 gia
2082 1166 2343 1229 Nostro
2376 1164 2682 1248 Signore
2728 1164 2875 1227 feli-

318 1283 636 1335 cemente
683 1281 1034 1354 regnante
1083 1273 1285 1355 Papa
1332 1273 1610 1354 Leone,
1683 1284 1754 1336 et
1802 1272 2019 1355 dopoi
2066 1271 2426 1353 Adriane,
2489 1281 2561 1335 et
2607 1272 2677 1333 al
2724 1292 2868 1353 pre·

319 1388 516 1442 sente
565 1378 828 1443 Nostro
877 1375 1187 1461 Signore
1235 1378 1438 1461 Papa
1471 1380 1837 1443 Clemente
1886 1400 2167 1461 sempre
2213 1381 2450 1443 hanno
2500 1381 2876 1441 abstenuto

318 1486 424 1550 far
469 1486 598 1549 tali
647 1486 1119 1567 concessioni,
1184 1500 1254 1549 et
1307 1486 1347 1549 ὲ
1395 1487 1844 1569 paratissima
1892 1486 2038 1551 Sua
2086 1486 2363 1550 Santita
2410 1488 2697 1568 quando
2746 1486 2876 1548 che

317 1612 441 1674 per
487 1612 530 1657 0
581 1594 1078 1656 ambasciatori
1129 1594 1218 1656 de
1267 1592 1415 1657 Sua
1459 1594 1770 1675 Maesta,
1832 1614 1874 1657 o
1923 1593 2177 1658 alcune
2225 1596 2522 1658 honeste
2570 1613 2877 1675 persone

320 1718 444 1781 per
490 1720 702 1765 nome
759 1700 829 1762 di
876 1710 1131 1781 questa
1178 1701 1485 1765 Nations
1545 1701 2063 1781 debitamente,
2126 1711 2199 1765 et
2234 1722 2401 1765 cum
2449 1700 2665 1763 filiale
2712 1701 2863 1763 obe,

323 1804 584 1869 dientia
633 1806 716 1868 sii
765 1798 1123 1871 advertita
1169 1808 1240 1871 di
1290 1810 1544 1871 alcuna
1593 1827 1762 1871 cosa
1811 1810 2051 1890 degna
2096 1809 2189 1871 de
2237 1808 2703 1888 correttione,
2769 1806 2880 1869 far

321 1922 464 1977 tuto
513 1915 755 1995 quello
805 1916 935 1978 che
983 1916 1463 1998 appartenghi
1511 1936 1554 1979 a
1601 1918 1744 1978 bon
1800 1917 2023 1997 padre
2074 1926 2145 1977 et
2176 1924 2465 1998 pastore
2523 1914 2622 1979 dil
2652 1933 2879 1996 grege

324 2020 755 2102 Christiano,
827 2031 899 2084 et
945 2022 1131 2085 cossi
1177 2022 1368 2102 fara,
1442 2032 1513 2085 et
1558 2024 1652 2085 ha
1697 2021 1879 2085 fatto
1929 2042 2088 2085 cum
2136 2021 2382 2084 effetto
2436 2042 2569 2104 per
2616 2040 2694 2083 se
2740 2040 2876 2083 me·

323 2130 594 2210 desma,
672 2129 1054 2211 dovunque
1125 2130 1196 2191 la
1254 2129 1440 2199 vede
1503 2148 1700 2192 esser
1755 2127 2161 2193 necessaria
2218 2130 2476 2193 alcuna
2543 2128 2875 2191 reforma-

319 2233 524 2300 tione.
621 2234 728 2297 Νὲ
778 2235 938 2298 sara
976 2235 1376 2319 debisogno
1425 2236 1559 2299 che
1607 2233 1666 2297 si
1713 2234 1949 2298 facino
1982 2235 2214 2317 questi
2242 2235 2541 2315 tumulti,
2590 2255 2679 2297 ne
2710 2244 2876 2297 stre-

319 2342 440 2423 piti
507 2361 642 2423 per
686 2342 876 2424 ogni
922 2342 1044 2405 via
1106 2340 1722 2425 perniciosissimi,
1796 2364 1839 2404 a
1886 2344 1957 2405 la
2003 2344 2230 2405 salute
2296 2344 2387 2405 de
2435 2343 2475 2405 1’
2507 2342 2741 2406 anima
2808 2351 2879 2405 et

321 2448 478 2511 beni
526 2447 904 2529 temporali
951 2450 1042 2511 de
1091 2459 1242 2512 tuto
1291 2451 1358 2512 el
1406 2448 1983 2513 ChristianesmO.

487 2556 600 2617 De
648 2564 797 2618 tute
845 2565 1095 2637 queste
1145 2577 1311 2619 cose
1359 2557 1622 2620 Nostro
1657 2552 1966 2637 Signore
2014 2557 2107 2619 ha
2153 2557 2399 2619 voluto
2450 2558 2581 2637 che
2630 2556 2713 2619 sii
2760 2558 2877 2619 ad·

321 2661 572 2725 vertita
619 2663 688 2725 la
718 2661 1074 2727 Caesarea
1105 2662 1382 2726 Maesta
1431 2666 1524 2726 ad
1570 2664 1813 2743 lung0,
1863 2683 2004 2725 non
2052 2665 2203 2726 solo
2253 2682 2382 2744 per
2430 2662 2709 2743 privato
2750 2684 2876 2743 suo

323 2770 685 2831 commodo
701 2816 720 2849 ,
771 2788 812 2831 o
863 2769 962 2832 dil
1012 2768 1218 2832 Stato
1266 2768 1811 2847 Ecclesiastico,
1860 2790 1973 2831 ma
2018 2789 2151 2851 per
2196 2770 2673 2834 communicer
2719 2790 2878 2833 cum

323 2872 461 2939 Sua
505 2875 784 2940 Maesta
847 2897 1047 2940 corne
1111 2877 1346 2958 quella
1416 2877 1548 2939 che
1617 2876 1656 2939 ὲ
1719 2875 1768 2938 il
1832 2877 2143 2940 secondo
2204 2878 2388 2939 lume
2454 2876 2551 2940 dil
2607 2877 2876 2959 populo

326 2981 736 3062 Christiane,
786 2983 984 3046 accio
1035 2985 1166 3046 che
1216 2983 1308 3046 da
1359 2983 1406 3046 li
1445 2983 1843 3065 sopradetti
1876 2982 2001 3045 atti
2052 2985 2120 3045 la
2152 2983 2507 3046 consideri
2537 3005 2613 3046 se
2644 2984 2877 3065 questi

325 3089 558 3170 populi
622 3089 841 3153 fanno
889 3109 1116 3171 pocco
1166 3100 1452 3172 compto
1502 3091 1594 3152 de
1641 3089 1818 3169 Dio,
1884 3099 1957 3152 et
2002 3089 2101 3153 dil
2150 3087 2296 3152 Suo
2346 3089 2672 3170 Vicario,
2746 3091 2875 3152 che

325 3204 510 3258 tanto
575 3215 818 3276 mene,
890 3217 933 3258 a
980 3197 1050 3260 la
1097 3197 1429 3278 giornata
1476 3196 1727 3260 sarano
1778 3197 1869 3260 de
1918 3194 2064 3259 Sua
2109 3196 2385 3259 Maesti
2448 3207 2519 3259 et
2577 3198 2667 3259 de
2716 3198 2877 3260 altri

327 3297 622 3382 Segnori
667 3303 1063 3384 temporali.
1159 3301 1248 3364 Et
1293 3301 1412 3384 gia
1463 3324 1551 3366 ne
1599 3306 1839 3366 hanno
1890 3313 2278 3366 monstrato
2328 3302 2516 3366 assai
2546 3303 2876 3366 evidente

328 3411 672 3492 exemplo:
725 3411 987 3490 perche
1037 3411 1219 3472 oltra
1270 3410 1401 3472 che
1450 3410 1652 3490 quasi
1703 3431 1985 3492 sempre
2034 3409 2252 3492 quelli
2298 3410 2545 3493 populi
2588 3409 2876 3475 habiino

328 3525 513 3579 usato
563 3535 790 3599 pocca
837 3516 1286 3595 obedientia,
1359 3537 1402 3579 a
1449 3516 1497 3580 li
1545 3517 1699 3580 suoi
1747 3516 2205 3599 Imperatori,
2276 3517 2759 3581 ultimamente
2807 3518 2878 3580 in

330 3635 560 3706 questa
610 3625 873 3689 Diaeta
935 3645 1077 3687 non
1146 3627 1478 3688 obstante
1546 3625 1678 3687 che
1727 3623 1909 3687 siino
1958 3624 2206 3686 vasalli
2271 3625 2360 3687 de
2407 3621 2553 3686 Sua
2602 3625 2877 3688 Maesta

329 3740 393 3793 et
433 3732 802 3813 prestatoli
851 3733 917 3793 el
963 3731 1358 3794 iuramento
1407 3750 1550 3794 non
1599 3730 1883 3794 dimeno
1932 3732 2025 3793 da
2072 3751 2150 3793 se
2180 3731 2517 3794 medesmi
2551 3733 2877 3795 haveano

330 3839 646 3902 concluso
711 3838 1006 3902 mandat
1055 3837 1582 3901 Ambasciatori
1643 3839 1713 3900 al
1759 3837 1879 3900 Re
1928 3838 2017 3900 de
2066 3837 2373 3917 Franza,
2444 3838 2493 3900 il
2554 3839 2683 3900 che
2747 3857 2878 3919 par

329 3945 450 4008 che
495 3965 636 4008 non
686 3946 874 4008 bene
921 3945 1330 4026 convenghi
1379 3945 1466 4006 ne
1515 3965 1556 4007 a
1602 3944 1646 4007 l'
1674 3946 1905 4008 honor
1946 3946 2033 4008 ne
2081 3946 2149 4007 al
2192 3945 2563 4007 commodo
2605 3944 2697 4007 de
2731 3943 2878 4008 Sua

328 4051 612 4134 Maesta,
663 4062 736 4115 et
769 4052 1009 4134 dopoi,
1057 4053 1362 4116 essendo
1392 4054 1545 4115 loro
1577 4047 1939 4134 prohibito
1973 4053 2089 4114 dal
2119 4051 2596 4114 Illustrissimo
2631 4051 2877 4117 Archi·

331 4159 516 4239 duca,
565 4169 637 4222 et
687 4161 803 4222 dal
839 4159 1099 4224 Orator
1131 4158 1440 4223 Cesareo
1489 4160 1620 4222 che
1668 4179 1812 4222 non
1860 4159 2220 4222 facessero
2270 4160 2365 4221 tal
2403 4177 2590 4238 cosa,
2639 4159 2876 4221 hanno

331 4263 498 4329 fatto
545 4268 798 4330 alcune
827 4265 1329 4348 protestationi
1361 4284 1589 4347 pocco
1630 4265 2051 4329 honorevoli
2100 4287 2141 4328 a
2176 4263 2321 4327 Sua
2353 4264 2633 4328 Maesta
2673 4284 2877 4328 como

337 4374 553 4453 quella
601 4393 694 4436 ne
744 4373 928 4436 deve
977 4393 1172 4442 esser
1222 4374 1313 4434 da
1361 4370 1513 4434 suoi
1561 4373 1680 4453 piu
1731 4375 2203 4459 amplamente
2249 4371 2649 4436 informata.

499 4479 599 4544 Le
648 4479 840 4560 quali
874 4499 1040 4543 cose
1087 4489 1238 4542 tute
1287 4482 1428 4542 ben
1475 4478 1950 4560 considerate,
1999 4477 2144 4541 Sua
2170 4477 2447 4541 Maesta
2494 4479 2676 4540 deve
2722 4479 2879 4542 hor-

335 4585 462 4649 mai
506 4587 698 4669 aprir
743 4585 792 4649 li
840 4586 1051 4667 ochii,
1101 4595 1174 4650 et
1218 4596 1594 4668 postposta
1640 4586 1813 4666 ogni
1852 4583 2034 4648 altra
2081 4605 2247 4648 cosa
2292 4586 2621 4650 attender
2665 4606 2710 4648 a
2749 4586 2881 4648 dar

337 4694 631 4756 remedio
699 4715 740 4757 a
801 4703 1002 4758 tanto
1051 4694 1424 4774 scandalo,
1495 4694 1626 4756 che
1695 4714 1829 4776 par
1874 4694 2130 4756 tender
2196 4716 2235 4757 a
2296 4696 2473 4757 total
2520 4695 2723 4758 ruina
2788 4696 2878 4757 de

337 4798 400 4860 la
428 4798 897 4881 Christianita‚
947 4809 1020 4864 et
1067 4799 1491 4881 gravissima
1538 4811 1707 4863 nota
1756 4801 1847 4864 de
1879 4799 2024 4864 Sua
2052 4800 2329 4866 Maesta
2378 4803 2448 4863 la
2496 4793 2661 4882 qual
2695 4801 2879 4864 oltra

341 4906 458 4968 che
503 4906 538 4970 ὲ
583 4907 940 4972 advocato
989 4906 1326 4989 primario
1375 4908 1464 4971 de
1515 4909 1581 4970 la
1613 4907 1895 4972 Chiesia
1944 4908 2033 4971 de
2064 4907 2223 4989 Dio,
2277 4927 2537 4972 ancora
2583 4907 2618 4970 ὲ
2660 4909 2877 4972 molto
