3575 5775
1317 564 1809 624 0-432198m

311 725 416 778 aut
479 713 712 778 verbis
775 711 1046 778 referre
1109 736 1516 797 possumuS,
1585 715 1929 777 maximas
1988 713 2310 795 quidem,
2380 723 2450 777 et
2496 724 2846 797 perpetuo

311 821 509 884 acturi
569 842 838 894 sumus;
902 823 974 883 id
1041 843 1258 903 supra
1331 823 1568 886 omnia
1637 820 2129 885 desiderantes
2192 831 2270 882 ut
2330 821 2568 903 aliqua
2631 843 2707 885 se
2771 843 2848 884 se

311 928 492 991 nobis
537 927 790 992 offerat
839 929 1142 1011 occasi0,
1192 938 1268 991 ut
1298 929 1466 1012 quid
1503 930 1593 993 de
1624 940 1748 993 tua
1785 929 2128 1010 singulari
2160 938 2414 992 natura
2462 930 2849 994 sentiamus

315 1049 718 1117 quantumve
753 1047 874 1098 tua
908 1057 1122 1099 causa
1171 1036 1557 1119 cupiamuS‚
1591 1037 1943 1119 possimus
1972 1037 2101 1099 tibi
2135 1037 2575 1099 memorabili
2610 1037 2847 1118 aliquo

311 1143 480 1204 facto
527 1144 927 1216 declarare;
980 1146 1170 1224 quod
1219 1136 1454 1207 tamen
1505 1145 1661 1208 Deo
1713 1145 2002 1227 auspice
2050 1144 2360 1206 futurum
2410 1144 2847 1208 confidimus.

313 1251 440 1312 Sed
503 1259 573 1312 et
635 1251 725 1311 de
789 1251 897 1310 his
967 1251 1291 1313 omnibus
1359 1261 1430 1313 et
1492 1272 1702 1332 quum
1772 1262 2099 1332 optemus
2148 1251 2593 1313 Maiestatem
2656 1261 2868 1332 tuam·

313 1377 476 1436 quae
521 1360 702 1419 bene
755 1367 965 1438 cepta
1014 1368 1175 1420 sunt
1224 1361 1315 1421 ad
1365 1361 1744 1422 salutarem
1791 1358 2005 1421 finem
2054 1359 2429 1436 deducere,
2478 1357 2850 1422 scribimus

311 1465 550 1525 nuntiis
597 1463 857 1526 nostris
905 1477 981 1526 ut
1030 1484 1186 1528 cum
1236 1466 1612 1528 Maiestate
1662 1476 1782 1528 tua
1833 1476 2076 1528 nostro
2126 1466 2406 1528 nomine
2472 1465 2847 1527 communi-

310 1581 474 1650 cent,
550 1571 805 1652 quibus
871 1571 992 1633 illa
1071 1571 1282 1636 fidem
1359 1576 1626 1637 habere
1704 1573 2136 1656 dignabitur.
2233 1573 2394 1636 Dat.
2488 1572 2845 1636 Malianae

313 1677 414 1738 die
459 1677 554 1738 lV
602 1677 773 1740 Maii
835 1698 990 1756 1521
1048 1700 1235 1742 anno
1285 1701 1498 1744 non0.

467 1786 538 1866 (¹)
588 1783 873 1848 Gratias
943 1786 1074 1848 tibi
1146 1807 1324 1868 quas
1389 1807 1764 1870 possumus
1832 1790 2211 1869 habemuS‚
2284 1787 2847 1868 Redemptorem

311 1901 596 1954 nostrum
642 1891 1004 1954 humiliter
1051 1894 1523 1974 deprecantes
1585 1895 1715 1958 tibi
1763 1897 2112 1958 concedat
2161 1915 2505 1976 prospera
2572 1904 2847 1976 cuncta,

313 1997 578 2078 impleat
641 2011 892 2062 sancta
970 2001 1362 2081 desideria,
1431 2003 1837 2083 tribuatque
1896 2002 2254 2064 Maiestati
2322 2011 2486 2064 tuae
2552 2001 2845 2064 similem

313 2125 568 2186 semper
615 2106 920 2168 animum
974 2119 1042 2169 et
1092 2129 1337 2190 parem
1387 2109 1740 2172 virtutem.

1484 2323 1550 2332 ΑΛ,-

1513 2573 1619 2636 85.

493 2685 883 2788 Exemplar
937 2687 1189 2768 Brevis
1244 2691 1398 2768 iam
1454 2689 1662 2769 missi
1720 2689 1811 2768 ad
1868 2687 2047 2770 offic.
2109 2689 2630 2770 Treverensem.

1189 2827 1472 2895 (Nuntiat.
1513 2828 1692 2887 Germ.
1731 2828 1794 2885 1..
1833 2828 1937 2901 59.)

1107 2946 1262 3015 (Cum
1303 2948 1491 2996 litteris
1551 2961 1626 3011 14.
1671 2949 1803 2997 Maii
1849 2948 2023 3013 1521.)

469 3070 596 3133 Dil.
628 3070 786 3135 Fili.
882 3072 990 3135 Ex
1040 3072 1296 3135 litteris
1343 3084 1743 3136 nostrorum
1796 3083 1867 3136 et
1916 3082 2293 3154 praeterea
2322 3076 2698 3136 multorum
2729 3074 2845 3135 ist-

313 3172 451 3236 hinc
497 3180 769 3242 nunciis
818 3180 1284 3261 cognovimus
1333 3197 1474 3262 qua
1525 3190 1646 3243 tua
1697 3180 1983 3243 devotio
2018 3179 2302 3259 virtute,
2353 3200 2493 3261 qua
2523 3190 2845 3243 constan·

311 3279 412 3361 tia,
457 3282 757 3365 Spiritus
808 3296 1000 3349 certe
1039 3287 1264 3351 sancti
1315 3287 1564 3350 afflata
1597 3289 1873 3368 ardore,
1915 3287 2199 3368 impiam
2233 3287 2519 3349 Martini
2554 3288 2847 3350 Lutheri

316 3400 372 3447 et
427 3402 720 3455 mentem
795 3402 868 3455 et
937 3394 1356 3456 sententiam
1436 3393 1914 3456 confutaverit
1986 3394 2355 3475 ipsumque
2429 3403 2499 3457 et
2567 3404 2846 3476 patrum

317 3495 764 3581 maiorumque
814 3510 1212 3563 nostrorum
1278 3513 1348 3563 et
1397 3500 1959 3564 sanctisimorum
2022 3501 2635 3564 oecumenicorum
2686 3522 2845 3563 con-

318 3601 602 3669 ciliorum
651 3608 982 3688 decretiS,
1023 3608 1528 3686 sanctionibuS,
1580 3608 1920 3671 institutis
1950 3608 2395 3689 impudenter
2444 3628 2527 3671 ac
2576 3618 2846 3671 temere

319 3708 752 3793 derogantem
802 3715 988 3798 aptis
1051 3725 1122 3778 et
1184 3715 1538 3796 expeditis
1604 3714 2286 3796 interrogationibus
2352 3716 2449 3777 ita
2512 3714 2845 3777 irretierit

321 3826 380 3877 ut
407 3818 530 3882 iam
562 3824 887 3886 omnibus
921 3844 1274 3906 apparere
1305 3822 1598 3904 incipiat
1629 3822 2025 3903 manifestO,
2058 3843 2216 3886 cum
2244 3821 2588 3884 innovare
2616 3822 2849 3884 omnia

319 3928 624 3991 voluisset
672 3950 814 3992 non
865 3940 940 3991 ut
989 3930 1383 4010 corrigeret
1430 3930 1551 3991 sed
1607 3939 1680 3991 ut
1738 3932 2194 4010 perturbaret
2240 3933 2579 4012 populum
2630 3928 2843 3991 Sanc·

318 4038 440 4095 tum
484 4036 610 4099 Dei
663 4048 734 4099 et
782 4048 1115 4119 tanquam
1167 4036 1482 4099 minister
1531 4034 1895 4098 Sathanae
1961 4048 2231 4099 rectum
2300 4040 2561 4115 dogma
2610 4037 2844 4097 catho-

321 4136 472 4201 licae
546 4144 1040 4206 observantiae
1120 4145 1207 4205 ad
1290 4142 1663 4223 pernitiem
1742 4142 2129 4206 animarum
2210 4154 2280 4205 et
2360 4164 2553 4205 suam
2642 4142 2846 4204 nimis

321 4246 558 4322 gloriae
605 4251 1064 4333 cupiditatem
1113 4259 1595 4331 perverterem
1647 4270 1830 4331 quau
1880 4271 1993 4312 res
2041 4260 2289 4330 utpote
2339 4260 2537 4311 tanta
2585 4249 2844 4311 virtute

324 4361 380 4410 et
419 4354 666 4433 pietate
714 4368 924 4438 gesta
971 4366 1307 4438 quantum
1357 4358 1608 4419 horum
1641 4366 2040 4438 temporum
2089 4357 2407 4436 gravitas
2442 4366 2511 4419 et
2547 4378 2845 4419 comune

325 4460 718 4541 reipublicae
791 4466 1179 4547 periculum
1257 4468 1694 4546 postulabat,
1768 4464 1900 4526 etsi
1984 4466 2207 4526 Deum
2288 4464 2843 4543 omnipotentem

326 4576 380 4626 et
449 4572 874 4635 laudatorem
949 4574 1150 4635 simul
1224 4583 1293 4633 et
1358 4581 1956 4633 remuneratorem
2026 4570 2357 4632 habitura
2420 4580 2563 4651 est,
2637 4571 2844 4633 nobis

327 4682 522 4739 tamen
572 4680 666 4742 ita
711 4690 920 4762 grata
971 4679 1250 4761 accidit,
1303 4689 1500 4740 tanta
1549 4698 1703 4740 eam
1754 4699 1909 4740 cum
1960 4677 2233 4740 laetitia
2281 4677 2721 4745 audivimus,
2768 4688 2845 4739 ut

516 4834 704 4841 --—.-—.-

377 4904 413 4971 ⁸)
447 4910 580 4971 Quae
617 4920 904 4977 sequuntur
942 4918 1060 4959 sunt
1099 4912 1259 4959 verba
1297 4912 1491 4974 scripta
1529 4926 1686 4958 manu
1725 4910 1943 4973 propria
1982 4910 2176 4958 Leonis
2216 4912 2286 4959 X.
