3575 5775
1487 539 1984 634 0-43495sp40

443 745 533 786 ac
584 724 1041 788 nobilissimis
1092 725 1431 787 fratribus
1478 726 1647 806 tuis,
1711 725 1833 807 qui
1896 725 2022 788 tibi
2083 725 2151 787 in
2222 747 2307 787 ea
2376 746 2454 788 re
2523 746 2792 788 summa
2861 743 3014 786 cum

446 831 709 895 virtute
758 831 1146 912 affuerunt,
1220 854 1349 914 per
1420 833 1595 896 alias
1665 843 1945 896 nostras
2011 833 2286 896 litteras
2355 834 2429 895 in
2494 833 2723 895 forma
2777 828 3018 894 brevis

446 939 789 1022 gratulati
836 960 1074 1002 sumus
1124 952 1194 1002 et
1240 940 1313 1003 in
1364 940 1773 1022 praesentia
1822 942 2054 1003 denuo
2105 941 2571 1021 gratulamur3
2622 961 2704 1003 ac
2753 960 2885 1021 pro
2935 959 3021 1001 ea

447 1067 590 1127 qua
638 1056 709 1109 te
758 1057 830 1109 et
878 1047 1280 1110 universam
1330 1047 1668 1110 familiam
1718 1058 1910 1110 tuam
1958 1047 2490 1130 prosequimur,
2553 1045 2900 1110 charitate
2949 1057 3020 1108 et

447 1153 855 1236 affectione,
889 1156 1071 1217 hanc
1121 1165 1313 1217 tuam
1363 1157 1644 1217 laudem
1696 1164 1765 1217 et
1813 1155 2114 1235 gloriam
2165 1154 2530 1218 nobiscum
2579 1173 3020 1217 communem

448 1282 609 1324 esse
660 1261 1001 1344 ducimuS,
1049 1282 1347 1343 cumque
1396 1261 1558 1325 Tibi
1605 1283 1648 1323 a
1698 1263 1854 1324 Deo
1913 1261 2180 1342 optimo
2229 1273 2424 1326 recte
2481 1261 2829 1324 factorum
2879 1282 3016 1324 om-

446 1369 643 1430 nium
689 1379 1222 1432 remuneratore
1270 1369 1671 1449 largissimo
1722 1367 2009 1450 pietatis
2081 1389 2164 1432 ac
2225 1368 2394 1432 fidei
2457 1379 2619 1431 tuae
2681 1368 2752 1431 in
2813 1370 3013 1431 caelo

447 1475 841 1538 constituta
889 1475 1029 1538 sint
1096 1476 1416 1558 praemia
1472 1475 1940 1559 sempiterna,
2009 1476 2078 1538 in
2145 1497 2274 1540 nos
2335 1497 2618 1559 quoque
2681 1497 2766 1539 ea
2831 1477 3022 1539 dona

446 1603 637 1666 quae
685 1585 777 1646 ab
837 1584 994 1666 ipso
1056 1584 1217 1646 Deo
1280 1605 1413 1665 pro
1480 1581 1667 1646 illius
1727 1583 2070 1646 immensa
2138 1584 2512 1648 clementia
2570 1594 2644 1647 et
2702 1583 3021 1646 bonitate

446 1690 657 1754 nobis
706 1711 1045 1754 concessa
1092 1703 1289 1770 sunt,
1342 1690 1738 1772 quibusque
1798 1710 1927 1752 nos
1991 1710 2207 1771 parce
2257 1692 2355 1753 uti
2405 1693 2713 1754 solemus
2762 1701 2832 1753 et
2877 1710 3018 1752 mo-

446 1799 721 1878 derate,
772 1808 1005 1861 tecum
1054 1801 1148 1861 ob
1196 1798 1446 1861 merita
1495 1812 1617 1862 tua
1663 1797 2030 1862 liberalius
2078 1798 2600 1861 communicare
2649 1796 3019 1860 voluimus,

362 1949 371 1956 ·
447 1905 626 1968 Cum
674 1905 914 1988 itaque
971 1905 1041 1968 in
1089 1907 1499 1988 praesentia
1555 1917 1813 1987 agatur
1873 1927 2100 1968 annus
2147 1905 2455 1985 Jubilaei
2513 1907 2604 1968 de
2659 1915 2886 1968 morte
2949 1913 3021 1967 et

444 2013 771 2076 instituto
819 2013 911 2076 fe.
962 2033 1060 2078 re.
1112 2012 1185 2075 S.
1236 2013 1329 2076 R.
1380 2013 1458 2078 E.
1510 2012 1934 2075 Pontificum
1983 2015 2570 2094 predecessorum
2618 2023 3020 2076 nostrorum

448 2120 1051 2202 vigesimoquinto
1076 2120 1395 2201 quolibet
1418 2141 1604 2182 anno
1632 2120 1980 2182 celebrari
2007 2119 2274 2202 solitus,
2301 2120 2427 2182 tibi
2455 2140 2538 2182 ac
2566 2118 2774 2182 dictis
2794 2118 3022 2182 fratri·

448 2229 583 2288 bus
598 2225 737 2290 tuis
761 2237 1067 2308 tuaeque
1090 2227 1493 2305 acinorum,
1514 2227 1633 2308 qui
1653 2228 1947 2310 habent,
1969 2227 2309 2289 uxoribus
2331 2238 2401 2288 et
2427 2227 2795 2308 utriusque
2809 2246 3023 2289 sexus

450 2334 637 2417 proli
700 2334 979 2416 tuisque
1042 2355 1125 2398 ac
1189 2335 1467 2398 illorum
1534 2334 1724 2397 veris
1781 2334 2248 2397 familiaribus
2311 2333 2672 2413 omnibus,
2747 2353 3022 2395 necnon

452 2443 781 2504 omnibus
870 2452 941 2504 et
1005 2443 1305 2524 singulis
1377 2441 1745 2522 utriusque
1812 2463 2026 2504 sexus
2102 2425 2696 2503 Christifidelibus
2779 2439 3023 2520 oppidi

451 2547 725 2612 Nancei
772 2549 842 2610 in
903 2569 1044 2630 quo
1094 2559 1169 2611 tu
1217 2549 1674 2612 residentiam
1724 2551 1949 2612 habes
2021 2547 2273 2611 incolis
2345 2557 2415 2608 et
2483 2545 3026 2625 habitatoribus,

452 2676 537 2717 ac
606 2666 985 2737 praeterea
1046 2665 1349 2737 quatuor
1428 2657 1737 2720 millibus
1823 2656 1981 2719 allis
2052 2656 2119 2719 in
2187 2665 2414 2717 totum
2475 2655 2576 2716 tui
2639 2675 2719 2716 ac
2787 2653 3024 2716 dilecti

452 2763 577 2826 filii
626 2763 851 2826 nostri
899 2763 1193 2843 Joannis
1244 2763 1638 2826 Cardinalis
1687 2761 2202 2846 Lothoringiae
2253 2772 2838 2843 caeterorumque
2885 2761 3022 2823 fra-

454 2883 635 2934 trum
688 2881 970 2934 tuorum
1018 2869 1311 2935 arbitrio
1362 2881 1433 2934 et
1478 2870 1741 2935 iudicio
1795 2871 2261 2934 communiter
2307 2871 2417 2932 ve]
2469 2889 2602 2952 pro
2635 2880 2788 2931 rata
2820 2879 3026 2950 parte

454 2978 826 3061 eligendis,
878 2980 996 3059 qui
1044 2978 1353 3041 fideliter
1400 2989 1952 3060 constanterque
2000 2977 2211 3041 armis
2244 2978 2349 3039 usi
2379 2976 2798 3058 religionem
2850 2975 3022 3037 chri-

460 3086 763 3148 stianam
812 3087 933 3169 pio
984 3085 1219 3147 animo
1267 3084 1742 3166 defenderint,
1793 3096 1870 3147 ut
1919 3095 2252 3167 quattuor
2283 3084 2624 3147 ecclesias
2657 3104 2787 3165 per
2835 3094 2904 3145 te
2955 3093 3025 3145 et

458 3192 715 3255 fratres
795 3204 954 3255 tuos
1022 3192 1451 3256 coniunctim
1507 3194 1624 3255 vel
1686 3191 1964 3255 divisim
2027 3212 2160 3274 pro
2222 3190 2600 3255 cuiuslibet
2654 3193 3024 3254 voluntate

456 3310 529 3363 et
578 3299 1016 3363 conscientia
1066 3300 1515 3381 deputandas
1562 3320 1694 3382 per
1742 3300 2148 3381 quindecim
2195 3298 2568 3362 continuos
2630 3302 2746 3362 vel
2815 3298 3024 3361 etiam

454 3407 951 3489 interpellatos
1000 3407 1153 3470 dies
1201 3408 1461 3470 devote
1508 3406 1946 3490 praeviaque
1997 3407 2446 3471 confessione
2499 3414 2569 3467 et
2603 3404 3027 3468 contritione

456 3514 837 3593 visitandO,
886 3513 1288 3595 ibidemque
1338 3514 1611 3596 aliquas
1661 3515 2021 3577 orationes
2070 3516 2330 3578 devote
2371 3514 2698 3595 dicendo,
2747 3533 3023 3576 necnon

460 3619 728 3703 aliquid
779 3622 980 3684 iuxta
1028 3621 1404 3683 cuiuslibet
1453 3621 1960 3684 conscientiam
2024 3632 2095 3684 et
2160 3622 2596 3686 confessoris
2662 3620 3028 3683 consilium

460 3729 532 3790 in
592 3728 731 3791 alia
793 3728 911 3809 pia
974 3750 1197 3810 opera
1259 3729 1627 3810 erogando
1696 3750 1778 3790 ac
1853 3728 2030 3792 alias
2097 3729 2296 3792 iuxta
2363 3729 2754 3793 litterarum
2816 3747 3030 3815 super

467 3836 799 3915 Jubilaeo
850 3858 891 3899 a
940 3836 1146 3898 nobis
1195 3836 1539 3898 editarum
1590 3846 1906 3898 tenorem
1948 3846 2054 3899 tot
2101 3847 2173 3899 et
2203 3840 2489 3899 easdem
2521 3857 2602 3898 ac
2636 3836 2793 3898 illas
2836 3854 3030 3916 pror-

464 3963 586 4005 sus
636 3944 899 4007 similes
950 3954 1019 4006 et
1069 3942 1427 4024 plenarias
1460 3942 1943 4023 indulgentias
1973 3964 2058 4005 ac
2090 3956 2544 4025 peccatorum
2573 3940 3028 4005 remissiones

462 4062 535 4111 et
606 4049 946 4113 Sanctum
996 4050 1397 4130 Jubilaeum
1456 4050 1916 4131 consequaris
1979 4062 2049 4113 et
2111 4059 2654 4133 consequantur,
2697 4068 2892 4129 ¹quas
2959 4058 3028 4110 et

465 4158 657 4237 quod
706 4157 1245 4239 consequereris
1295 4178 1377 4219 ac
1425 4168 2034 4238 consequerentur
2081 4157 2139 4221 si
2188 4158 2518 4221 basilicas
2567 4166 2639 4220 et
2687 4154 3032 4218 ecclesias

464 4266 693 4326 almae
776 4264 971 4326 urbis
1044 4276 1329 4326 nostrae
1391 4263 1672 4327 Romae
1742 4266 1860 4327 vel
1924 4276 2130 4327 extra
2191 4286 2344 4327 eam
2407 4284 2538 4346 pro
2600 4262 3028 4343 indulgenti-

463 4390 661 4433 arum
712 4369 1111 4433 huiusmodi
1163 4370 1665 4433 consecutione
1714 4371 1784 4433 in
1834 4371 2088 4434 litteris
2137 4371 2397 4435 nostris
2447 4372 2825 4453 deputatas
2874 4370 3030 4432 visi-

466 4488 657 4541 tares
705 4497 790 4539 ac
842 4475 1211 4540 visitarent
1258 4488 1505 4541 tenore
1552 4477 2034 4559 praesentium
2071 4481 2158 4541 de
2194 4477 2699 4560 omnipotentis
2730 4476 2866 4539 Dei
2915 4476 3027 4538 mi·

470 4583 862 4647 sericordia
911 4585 1363 4648 concedimus
1414 4595 1483 4647 et
1530 4585 1980 4668 indulgemus
1995 4636 2013 4666 ,
2079 4607 2219 4649 non
2271 4584 2718 4649 obstantibus
2782 4583 3034 4647 litteris

466 4692 877 4772 praedicti5‚
929 4691 1373 4774 caeterisque
1424 4692 1798 4755 contrariis
1848 4692 2424 4775 quibuscumque.
2536 4693 2697 4756 Dat.
2753 4692 3030 4754 Romae

469 4798 583 4861 die
632 4798 929 4861 XXIIIa
974 4798 1141 4878 Julii
1189 4798 1589 4863 MDXXV.

1545 4979 1562 4989 v
1576 4978 1606 4987 rx,
1620 4976 1650 4987 Α
1668 4978 1874 4990 «κγ-ΝΜ..
1891 4979 1955 4991 ,κὟ
2867 4971 2892 4991 b
