3575 5775
1329 564 1789 620 <>-<{T3''1‘7{}><>

300 731 506 775 amore
573 709 710 774 Dei
773 710 830 773 si
893 711 1138 773 habbii
1205 731 1378 773 cura
1438 731 1580 774 non
1631 731 1706 772 se
1763 709 1949 791 parli
2011 711 2229 774 molto
2278 732 2387 774 me
2437 721 2727 774 auctore
2776 711 2849 775 di

300 827 520 899 questa
581 817 763 881 tissa
825 818 994 882 delli
1061 818 1355 882 electori
1406 827 1477 880 et
1531 817 1837 900 principi
1886 827 2087 880 tanto
2136 821 2268 880 che
2316 818 2384 881 io
2435 839 2612 882 sono
2660 822 2847 882 nelle

299 926 454 988 mani
517 928 704 998 loro:
771 926 1038 1007 perche
1109 925 1510 988 essendone
1573 933 1760 986 stato
1824 925 2103 1010 parlato
2158 925 2277 1005 qui
2326 946 2456 1008 per
2504 925 2666 988 altri
2716 927 2847 988 che

299 1053 406 1114 per
443 1050 595 1112 me,
661 1032 722 1095 si
778 1033 940 1094 levo
988 1053 1082 1094 un
1133 1033 1434 1095 tumulto
1481 1041 1592 1094 tra
1639 1030 1688 1094 li
1739 1031 2055 1112 Principi
2104 1033 2235 1096 che
2282 1035 2587 1096 voleano
2638 1054 2853 1115 saper

297 1139 392 1202 chi
439 1141 530 1202 ha
591 1139 940 1220 divulgati
989 1139 1036 1201 li
1086 1141 1194 1202 lor
1243 1139 1500 1202 secreti
1549 1139 1634 1202 ne
1683 1159 1988 1200 cercano
2054 1158 2133 1202 se
2190 1159 2333 1202 non
2385 1140 2717 1204 occasion
2778 1140 2849 1202 di

299 1267 514 1310 menar
577 1249 646 1310 le
713 1246 903 1310 mani
965 1258 1038 1309 et
1099 1249 1162 1309 el
1228 1229 1457 1328 primo
1521 1245 1706 1310 sarei
1771 1244 1841 1309 io
1909 1248 2349 1309 combattuto
2399 1267 2441 1310 o
2490 1267 2663 1310 vero
2713 1268 2847 1310 con

298 1354 577 1416 excittar
605 1373 794 1417 nova
843 1353 1335 1418 controversia
1381 1362 1492 1416 tra
1540 1354 1694 1415 loro
1743 1352 2049 1434 impedit
2095 1353 2137 1414 l'
2175 1352 2422 1416 effetto
2472 1354 2662 1418 della
2710 1356 2848 1418 mia

297 1461 790 1525 commissione.

451 1567 798 1651 Supplico
845 1587 1112 1632 ancora
1160 1569 1292 1630 che
1324 1567 1408 1630 N.
1444 1564 1516 1630 S.
1567 1575 1640 1630 et
1671 1566 1759 1630 V.
1796 1565 1869 1630 S.
1904 1567 2057 1630 Rm
2103 1567 2453 1650 tenghino
2486 1588 2617 1651 per
2651 1579 2847 1632 certo

297 1678 410 1738 che
465 1696 598 1758 per
663 1675 780 1738 noi
847 1675 908 1738 si
968 1675 1043 1738 fa
1105 1695 1239 1738 con
1303 1693 1574 1738 summa
1640 1674 1807 1738 fede
1870 1683 1944 1736 et
1990 1684 2310 1738 extrema
2356 1675 2729 1758 diligentia
2777 1676 2847 1738 in

299 1792 528 1862 questa
576 1801 768 1862 cosa,
815 1783 1132 1846 secundo
1182 1784 1318 1844 che
1366 1783 1433 1844 el
1481 1781 1728 1844 debito
1775 1781 2133 1862 rechiede‚
2184 1784 2250 1844 el
2298 1781 2544 1864 signor
2589 1782 2847 1846 nuncio

297 1897 360 1950 et
387 1911 584 1953 mess.
635 1890 1017 1971 Raphaelo
1049 1889 1189 1952 mai
1221 1909 1398 1952 sono
1430 1889 1706 1952 stanchi
1748 1888 1821 1950 di
1848 1889 2474 1970 accompagnarmi
2522 1900 2594 1952 et
2640 1891 2847 1954 inter-

301 1995 521 2059 venire
571 2017 614 2059 a
661 1995 710 2058 li
773 1995 903 2058 atti
963 1995 1128 2060 miei
1195 1996 1268 2058 di
1330 2005 1586 2077 questa
1645 1985 1963 2058 materia.
2056 1996 2135 2058 Io
2198 1998 2333 2059 che
2384 1997 2567 2078 parli
2617 1996 2689 2060 di
2735 2017 2849 2061 me

297 2114 506 2167 stesso
569 2103 982 2167 indecorum
1047 2112 1272 2183 esset,
1337 2106 1480 2168 ben
1547 2124 1626 2166 so
1677 2106 1809 2167 che
1858 2124 1988 2166 son
2036 2103 2321 2167 redotto
2370 2125 2415 2166 a
2462 2106 2605 2167 tale
2654 2125 2852 2168 esser

301 2211 470 2274 della
513 2211 654 2274 mia
701 2210 932 2274 sanit&
981 2212 1112 2274 che
1173 2213 1266 2274 ho
1327 2231 1555 2294 paura
1617 2210 1688 2274 di
1751 2210 2045 2274 lassarci
2106 2212 2175 2272 13
2236 2213 2465 2292 pelle,
2530 2212 2615 2274 ne
2668 2213 2703 2274 ὲ
2756 2212 2847 2275 da

297 2319 796 2401 meravigliarsi
844 2319 1106 2400 perche
1155 2318 1225 2380 in
1275 2339 1447 2381 vero
1495 2320 1566 2381 la
1615 2317 1911 2380 materia
1960 2319 1996 2380 ὲ
2044 2319 2264 2382 molto
2314 2328 2558 2381 strana
2604 2329 2679 2380 et
2733 2339 2847 2400 pe-

298 2425 586 2489 ricolosa
647 2437 716 2489 et
781 2436 967 2490 tutto
1029 2425 1079 2488 il
1142 2428 1404 2489 mundo
1473 2425 1838 2488 immutato
1902 2434 1977 2487 et
2030 2425 2099 2487 io
2149 2428 2303 2488 solo
2352 2427 2447 2488 da
2494 2437 2849 2490 sustentat

298 2543 480 2595 tanto
525 2554 738 2616 pes0‚
806 2533 966 2597 dico
1015 2544 1282 2615 quanto
1316 2535 1398 2596 .31
1446 2551 1810 2616 proponet
1858 2532 2148 2613 publice
2199 2545 2269 2595 et
2317 2533 2689 2614 privatim,
2752 2532 2849 2596 in-

297 2638 620 2713 formare,
687 2641 1052 2722 disputare
1115 2649 1188 2704 et
1250 2639 1411 2702 altri
1461 2639 1670 2703 simili
1719 2639 1849 2702 atti
1896 2639 2299 2702 necessarii.
2396 2640 2475 2702 In
2525 2642 2850 2704 omnibus

299 2745 410 2808 fiat
466 2750 794 2810 voluntas
841 2749 978 2810 Dei
1043 2747 1160 2828 qui
1227 2767 1512 2810 causam
1576 2767 1776 2810 suam
1832 2755 2167 2828 protegat
2217 2757 2287 2810 et
2336 2747 2849 2810 sanctissimum

301 2852 375 2915 1).
399 2853 478 2916 N.
506 2875 702 2918 suum
731 2874 972 2918 verum
995 2853 1356 2919 Vicarium
1384 2864 1455 2917 et
1488 2854 1957 2918 reverendam
2005 2855 2071 2919 d.
2107 2865 2415 2917 vestram
2446 2855 2845 2917 incolumen

301 2973 538 3025 servet.
590 2962 1030 3025 VVormatiae
1081 2962 1403 3027 XXVII.
1456 2962 1827 3025 Februarii
1876 2961 2241 3025 MDXXL

1513 3374 1624 3443 32.

849 3479 1332 3561 Aloander
1406 3480 2275 3563 Vicecanoellariu

1229 3611 1423 3683 (Num.
1463 3612 1644 3671 Gem-
1679 3612 1741 3671 1..
1777 3613 1907 3683 ue.)

1303 3711 1410 3781 (28.
1457 3716 1604 3763 Febr.
1655 3714 1828 3783 1521.)

469 3830 616 3893 Non
683 3831 986 3893 essendo
1048 3831 1315 3911 partito
1381 3831 1444 3891 el
1513 3830 1803 3893 corrieri
1870 3832 1965 3894 ho
2028 3832 2273 3893 voluto
2328 3831 2734 3912 aggiugner
2780 3833 2851 3893 lo

311 3936 428 3996 che
474 3937 683 4019 hoggi
732 3936 1116 3999 habbiamo
1165 3936 1396 3999 inteso
1447 3938 1634 4001 delle
1683 3958 1852 4001 cose
1888 3948 2151 4001 nostre.
2235 3937 2311 3999 Io
2342 3958 2612 4001 summo
2646 3958 2853 3999 mane

309 4054 462 4105 ante
515 4056 740 4108 ortum
802 4044 972 4109 solis
1037 4046 1266 4125 parlai
1328 4065 1460 4108 con
1510 4044 1888 4124 ChievreS,
1957 4046 2022 4107 el
2084 4047 2249 4126 qual
2312 4044 2405 4106 mi
2466 4044 2653 4105 disse
2718 4045 2851 4107 che

311 4146 509 4214 Cesar
551 4152 878 4215 mass-ime
927 4152 1208 4215 instava
1256 4172 1386 4233 per
1435 4151 1624 4214 darsi
1675 4152 1927 4215 ordine
1973 4154 2041 4215 31
2088 4152 2269 4214 fatto
2320 4151 2390 4213 di
2440 4151 2729 4229 Luther,
2783 4159 2854 4213 et

309 4256 746 4323 discorrendo
808 4278 942 4340 per
1001 4258 1049 4321 li
1112 4258 1644 4321 inconvenienti
1695 4260 1827 4321 che
1874 4258 2230 4321 venivano
2279 4260 2371 4319 da
2417 4270 2671 4338 questa
2716 4268 2851 4321 tar-

311 4361 464 4443 dita,
506 4378 570 4429 et
615 4366 666 4429 li
713 4365 1010 4447 pericoli
1059 4366 1454 4448 emergenti
1504 4366 1572 4428 in
1625 4366 1691 4427 13
1723 4365 2175 4429 (Σὴτὶεῐίωιίῐέι
2226 4373 2297 4427 et
2344 4375 2529 4429 stato
2580 4364 2648 4427 di
2690 4366 2854 4428 tutti

313 4467 596 4554 Principi
644 4491 776 4554 per
823 4492 1042 4535 causa
1087 4474 1160 4535 di
1208 4476 1306 4535 tal
1358 4470 1656 4550 heresia,
1735 4472 1836 4535 Mi
1884 4490 2180 4554 respose
2230 4474 2361 4535 che
2412 4473 2507 4535 lui
2538 4492 2679 4535 non
2717 4484 2850 4535 tro-

313 4592 479 4637 vava
530 4581 752 4643 molta
811 4578 1160 4641 difficulte.
1221 4579 1289 4642 in
1353 4579 1778 4661 extinguere
1830 4588 2079 4661 questa
2128 4600 2330 4660 cosa,
2396 4600 2475 4643 se
2522 4580 2580 4641 si
2630 4600 2853 4659 segue

315 4680 354 4739 l’
391 4686 614 4749 ordine
677 4696 1008 4750 concetto
1071 4688 1162 4749 (13
1227 4687 1524 4767 Cesare,
1592 4707 1762 4750 casu
1829 4706 1969 4767 quo
2032 4708 2109 4749 se
2168 4687 2333 4750 vedi
2402 4708 2543 4749 non
2607 4687 2854 4751 deviar

317 4788 424 4849 del
467 4800 630 4856 tutto
679 4796 795 4857 dal
847 4795 1215 4875 conseglio
1265 4795 1338 4856 di
1387 4794 1618 4876 questi
1655 4793 1992 4874 principi,
2042 4802 2114 4857 et
2160 4792 2282 4875 gie
2329 4804 2441 4855 tre
2470 4813 2512 4855 o
2543 4802 2852 4873 quattro-

321 4896 492 4959 volte
545 4902 730 4965 hami
789 4904 988 4964 detto
1066 4902 1197 4964 che
1269 4902 1366 4964 lui
1439 4922 1578 4965 non
1650 4902 1839 4967 vede
1900 4910 2153 4983 questa
2218 4920 2387 4963 cosa
2456 4897 2603 4962 cosi
2674 4898 2850 4963 diffi-
