3575 5775
1651 575 2144 641 &moe-0

618 729 1042 797 clarissimos
1100 749 1439 815 proceres
1486 727 1752 791 factum
1818 727 1952 790 fuit
2000 747 2158 790 cum
2206 725 2383 790 Cir¹¹⁰
2448 736 2569 788 tua
2616 725 3034 806 convenire,
3103 737 3184 792 ut

618 850 807 904 esset
856 837 1162 902 omnium
1210 833 1657 897 incolumitas
1704 832 2057 896 communi
2104 835 2328 896 tutela
2377 843 2446 895 et
2495 832 2910 897 defensione
2943 835 3179 899 tutior.

618 947 798 1026 Nos,
848 945 905 1010 si
952 940 1491 1023 circumspectio
1540 950 1662 1003 tua
1708 961 1860 1004 rem
1907 943 2092 1003 bene
2141 939 2528 1022 cogitatam
2578 951 2648 1003 et
2694 951 2972 1023 ceptam
3021 945 3182 1004 insi·

617 1065 805 1120 stere
854 1063 1066 1134 atque
1116 1048 1377 1132 exequi
1424 1046 2037 1130 perseveraverit,
2087 1067 2231 1110 non
2261 1067 2498 1110 sumus
2545 1046 2649 1109 illi
2683 1065 2912 1130 neque
2943 1060 3180 1112 aucto·

616 1160 843 1224 ritatis
890 1167 1176 1220 nostrae
1224 1154 1559 1234 brachie,
1609 1173 1842 1236 neque
1891 1153 2216 1217 omnibus
2265 1153 2549 1217 auxiliis
2597 1174 2781 1236 quae
2828 1155 3182 1236 praestari

618 1289 660 1331 a
720 1266 928 1330 nobis
974 1273 1313 1346 poterunt
1373 1261 1717 1336 defuturi;
1778 1260 2006 1346 idque
2057 1261 2185 1323 tibi
2232 1261 2650 1343 pollicemur
2710 1281 2796 1323 ac
2845 1261 3056 1324 etiam
3103 1271 3185 1325 ut

615 1392 1036 1458 perseveres
1085 1379 1156 1433 et
1202 1387 1469 1451 pergas
1514 1368 1964 1452 iniungimus.
2037 1367 2195 1449 Qua
2243 1368 2454 1432 etiarn
2505 1369 2595 1430 de
2623 1388 2721 1447 re,
2773 1368 2864 1430 ad
2898 1379 3184 1434 nostros

616 1483 687 1546 in
736 1478 1085 1562 Hispania
1130 1475 1445 1539 Nuncios
1493 1474 1900 1557 scripsimus
1959 1484 2038 1538 ut
2098 1475 2290 1560 apud
2337 1471 2880 1537 Serenissimum
2929 1475 3181 1540 Caesa-

615 1609 764 1654 rem
812 1606 1089 1650 omnem
1138 1603 1430 1665 operam
1481 1602 1622 1664 quo
1670 1581 1892 1669 ipsius
1938 1582 2068 1645 tibi
2116 1601 2398 1666 quoque
2447 1563 2712 1644 auxilio
2761 1581 2948 1644 adsit
2993 1603 3180 1646 sere·

615 1696 801 1759 nitas
848 1692 1239 1758 adhibeant
1287 1701 1357 1752 et
1401 1689 1880 1771 interponant,
1930 1690 2110 1752 sicut
2159 1691 2247 1752 de
2295 1689 2406 1752 his
2454 1697 2686 1780 tecum
2729 1690 3182 1774 supradictus

613 1800 1013 1887 Cardinalis
1034 1797 1351 1878 Legatus
1380 1804 1623 1858 noster
1647 1795 1860 1859 latius
1888 1804 2078 1882 aget,
2110 1797 2304 1880 cujus
2331 1795 2586 1860 litteris
2615 1795 2831 1860 fidem
2859 1798 3180 1865 habebis,

791 1927 1055 1989 Datum
1096 1923 1379 1988 Romae
1426 1919 1541 2002 die
1574 1919 1715 1998 VII
1742 1919 2118 1986 Februarii
2143 1920 2530 1986 MDXXV
2572 1921 2789 1986 Anno
2837 1923 3177 1988 secundo·

1691 2115 1928 2127 &ax-m
1937 2115 2100 2128 mum

1823 2346 1969 2414 190.

1118 2467 1438 2545 Clemens
1494 2463 1650 2543 VII.
1708 2463 2165 2564 Principibus
2221 2411 2679 2546 Germanicia.

1222 2609 1507 2683 (Sadoleti
1540 2610 1824 2683 Epistulae
1862 2610 1937 2668 ad
1973 2611 2269 2685 Principes.
2308 2611 2397 2670 fol.
2435 2611 2542 2684 52.)

1590 2720 1660 2784 (7.
1700 2721 1976 2770 Februarii
2021 2719 2196 2790 1525·)

786 2864 1047 2931 Dilecti
1094 2855 1233 2929 filii‘
1268 2874 1399 2927 etc.
1495 2861 1646 2925 Etsi
1708 2882 1946 2925 sumus
2007 2863 2182 2927 certi
2231 2863 2658 2928 Nobilitates
2705 2874 2984 2930 vestras
3033 2888 3173 2933 non

610 2977 836 3038 latere
896 2984 1233 3055 quantam
1282 2973 1556 3033 cladem
1604 2992 1687 3032 ac
1749 2965 2136 3053 perniciem
2199 2967 2452 3033 afferat
2510 2972 2626 3036 isti
2691 2973 3175 3039 nobilissimae

610 3082 913 3144 omnium
962 3078 1484 3161 provinciarum
1536 3074 1965 3139 Germaniae
2009 3074 2302 3140 Lutheri
2351 3077 2568 3160 impia
2617 3089 2689 3141 et
2735 3080 3172 3145 abominabi-

609 3190 695 3251 lis
742 3187 983 3265 facti0,
1034 3206 1215 3266 quae
1266 3195 1336 3246 et
1382 3182 1595 3246 fidem
1644 3186 2048 3265 cultumque
2097 3182 2367 3246 Summi
2401 3186 2536 3247 Dei
2581 3206 2776 3249 more
2819 3199 3172 3270 perpetuo

608 3304 715 3359 tot
762 3294 1207 3358 saeculorum
1258 3291 1600 3354 adscitum
1652 3302 1723 3352 et
1771 3294 2346 3373 comprobatum,
2414 3302 2484 3355 et
2532 3314 2814 3357 omnem
2858 3306 3168 3376 potesta·

609 3411 770 3479 tem,
820 3398 1287 3481 disciplinam,
1338 3396 1802 3479 ordinemque
1852 3394 2245 3478 confundit,
2292 3399 2507 3481 idque
2534 3401 2839 3481 molitur,
2887 3413 2964 3464 ut
2998 3402 3167 3485 legi-

610 3510 741 3570 bus
790 3506 1243 3587 moribusque
1291 3503 1743 3587 perturbatiS,
1796 3512 1869 3566 et
1915 3524 2183 3567 summa
2232 3504 2388 3566 imis
2419 3505 2864 3587 misceantur,
2915 3516 2987 3570 et
3032 3508 3176 3573 ima

610 3613 894 3677 summis
944 3612 1407 3690 dominentur.
1504 3610 1769 3674 Tamen
1819 3610 2044 3672 visum
2095 3620 2204 3673 est
2251 3612 2458 3675 nobis
2494 3613 2586 3675 >de
2618 3614 2878 3675 virtute
2927 3625 3172 3678 vestra

610 3721 875 3803 optime
925 3720 1398 3784 iudicantibus
1445 3738 1573 3800 per
1638 3720 1765 3779 has
1832 3729 2108 3782 nostras
2166 3718 2437 3781 litteras
2505 3740 2644 3783 non
2701 3730 2844 3783 tam
2906 3722 3172 3787 docere

608 3850 738 3891 vos
788 3847 995 3909 quam
1048 3826 1451 3903 admonere,
1501 3835 1577 3886 ut
1623 3845 1753 3906 per
1800 3822 2141 3888 honorem
2198 3824 2385 3888 illius
2435 3824 2961 3908 Omnipotentis
3011 3830 3170 3909 Dei,

610 3936 730 4020 qui
781 3935 983 3997 vobis
1032 3944 1273 3995 tantae
1345 3931 1711 4014 dignitatis
1799 3941 1871 3995 et
1927 3930 2032 3993 sui
2083 3930 2862 4013 cognitionisdonator
2911 3936 3172 4018 extitit,

607 4063 877 4126 perque
930 4062 1084 4104 eam
1142 4036 1384 4118 fidem,
1459 4058 1598 4119 qua
1657 4038 1759 4101 illi
1819 4038 2088 4103 servire
2157 4050 2227 4103 et
2290 4041 2586 4103 obedire
2650 4042 2921 4104 astricti
2978 4044 3174 4125 esti5‚

606 4151 841 4213 velitis
884 4146 1159 4225 ‚vestris
1220 4146 1562 4207 similibus
1620 4144 1831 4209 claris
1893 4144 2242 4229 bonisque
2305 4146 2750 4231 principibus
2799 4150 3172 4215 vobiscum

606 4254 954 4319 adiunctis
1004 4274 1211 4336 opem
1262 4274 1390 4333 pro
1440 4263 1679 4314 vestra
1728 4262 1932 4335 parte
1981 4252 2190 4333 ferre,
2241 4264 2316 4316 ut
2365 4276 2408 4316 a
2455 4255 2706 4337 patria,
2757 4266 2828 4317 et
2877 4258 3172 4323 natione

605 4372 873 4441 vestra,
935 4360 1007 4423 in
1057 4382 1197 4443 qua
1246 4378 1523 4440 semper
1572 4378 1743 4439 prae
1795 4360 2097 4421 coeteris
2147 4358 2549 4423 Christiana
2599 4362 2851 4444 religio
2901 4364 3165 4447 floruit,

604 4468 766 4530 talis
811 4467 1069 4549 pestiS,
1132 4476 1203 4528 et
1253 4464 1615 4528 calamitas
1664 4464 2048 4548 aliquando
2099 4458 2628 4548 exterminetur,
2679 4488 2762 4531 ac
2811 4480 2916 4552 tot
2965 4491 3168 4553 pere·

605 4573 877 4637 untium
925 4572 1312 4636 animarum
1362 4572 1611 4652 saluti,
1671 4583 1741 4634 et
1790 4573 2060 4655 legum,
2108 4576 2456 4637 bonorum
2505 4596 2807 4653 morum,
2851 4578 3168 4660 superio-

602 4702 757 4745 rum
802 4689 1233 4762 potestatum
1296 4698 1477 4761 quae
1524 4699 1656 4759 per
1717 4681 1902 4741 hanc
1951 4680 2428 4765 turbulentam
2487 4682 2797 4747 heresim
2860 4683 2929 4748 in
2981 4669 3168 4768 peri·

603 4789 833 4850 culum
882 4786 1233 4848 adductae
1282 4794 1478 4866 sunt,
1544 4784 2008 4848 incolumitati
2057 4789 2508 4871 consulatur,
2559 4810 2715 4852 cum
2764 4789 2976 4855 facile
3025 4792 3168 4859 iam

603 4894 927 4959 omnibus
985 4904 1364 4977 appareat,
1434 4891 1566 4955 nisi
1636 4913 1932 4974 presens
2003 4894 2391 4958 remedium
2461 4896 2676 4960 fuerit
2747 4898 3170 4985 adhibitum,
