3575 5775
1295 603 1789 662 0-43167ffl

297 736 402 839 pin·
446 754 657 837 quelli
707 753 997 836 Signori
1047 764 1117 816 et
1163 755 1562 836 magistrati
1627 755 1683 816 si
1749 754 2317 817 riconoscessero
2377 764 2446 815 et
2511 751 2823 818 conside·

297 884 539 927 rassero
589 864 721 925 che
771 863 790 923 i
839 863 992 924 loro
1057 861 1408 943 maggiori
1457 883 1595 924 non
1663 883 1798 924 con
1860 861 2066 923 simili
2128 863 2557 942 portamenti
2616 882 2828 924 verso

299 975 350 1032 Ia
391 970 572 1032 Sede
622 969 1044 1050 Apostolica
1090 989 1204 1031 ma
1253 989 1386 1030 con
1439 969 1837 1030 difenderla
1894 978 1965 1030 et
2032 969 2523 1048 augmentarla
2588 971 2825 1031 hanno

297 1079 590 1140 meritato
640 1086 838 1139 tanto
873 1078 1144 1139 honore
1195 1085 1266 1138 et
1316 1075 1586 1156 dignita
1641 1075 1710 1135 di
1743 1095 1937 1136 esser
1988 1076 2319 1137 advocati
2354 1077 2541 1138 della
2574 1076 2829 1138 Chiesa

297 1197 352 1246 et
393 1185 676 1247 exaltati
725 1203 940 1264 sopra
989 1183 1151 1244 tutti
1197 1183 1220 1243 i
1289 1203 1362 1244 re
1414 1193 1485 1243 et
1533 1181 1855 1263 prencipi
1903 1181 2313 1262 temporali;
2364 1203 2477 1244 ma
2526 1184 2829 1245 lassamo

295 1293 332 1353 il
372 1291 734 1372 predicarli
807 1300 876 1352 ct
927 1291 1077 1352 dire
1127 1299 1613 1371 apertamente
1664 1292 1734 1352 la
1780 1289 2082 1350 bestiale
2132 1289 2645 1371 ingratitudine
2694 1293 2827 1353 che

298 1419 507 1461 usano.
599 1398 684 1460 N.
722 1395 793 1460 8.
838 1419 976 1459 non
1011 1399 1153 1478 puo
1203 1396 1653 1478 persuadersi
1707 1397 1837 1458 che
1888 1395 2147 1459 Cesare
2198 1398 2421 1478 voglii
2471 1398 2828 1460 declinare

297 1506 439 1567 dani
483 1505 584 1567 soi
635 1503 1196 1567 christianissimi
1260 1513 1331 1564 et
1399 1503 1729 1565 catholici
1788 1503 2283 1584 predecessori
2348 1513 2417 1566 et
2480 1525 2670 1567 esser
2733 1505 2827 1567 in-

297 1623 474 1690 grato
521 1634 562 1673 a
607 1610 746 1672 Dio
799 1620 870 1672 et
919 1612 1060 1672 alla
1108 1608 1300 1672 Sede
1353 1611 1776 1691 Apostolica
1826 1609 1937 1672 da'
1971 1610 2157 1690 quali
2209 1611 2277 1672 in
2330 1615 2579 1692 questa
2628 1609 2741 1672 eta
2792 1613 2826 1673 ἐ·

297 1731 454 1781 stato
515 1721 730 1780 eletto
799 1741 840 1779 a
905 1727 1102 1780 tanto
1177 1717 1480 1780 culmine
1553 1719 1642 1778 de
1715 1718 1979 1797 gloria,
2044 1717 2287 1799 percio
2350 1717 2495 1780 Sua
2546 1717 2827 1781 Santita

297 1836 546 1907 aspetta
594 1828 687 1888 da
732 1825 1062 1888 lui'tutto
1114 1827 1350 1906 quello
1411 1824 1468 1886 si
1537 1825 1719 1886 deve
1791 1834 2226 1905 promettere
2297 1825 2387 1886 de
2461 1846 2550 1888 un
2627 1835 2828 1889 tanto

297 1933 722 2014 Imperatore.
819 1933 877 1992 E
923 1934 1063 1993 ben
1115 1952 1286 1993 vero
1338 1933 1469 1993 che
1521 1941 1718 1992 tanto
1769 1930 2084 1994 differire
2145 1942 2215 1994 et
2272 1942 2524 1994 metter
2574 1932 2642 1994 in
2693 1935 2827 1995 dis-

297 2049 442 2119 puta
511 2049 764 2121 questa
833 2038 1131 2101 materia
1203 2047 1403 2100 tanto
1475 2037 1754 2100 notoria
1822 2048 1894 2100 et
1952 2039 2377 2101 scandalosa
2443 2041 2479 2101 e
2542 2039 2830 2102 infamia

297 2149 540 2225 grande
587 2146 656 2208 di
708 2144 852 2208 Sua
883 2146 1181 2225 Maesta,
1231 2146 1494 2226 perche
1526 2165 1602 2207 se
1633 2145 1704 2206 in
1735 2155 1986 2227 questa
2036 2166 2247 2207 causa
2296 2166 2437 2208 non
2480 2147 2536 2210 si
2568 2157 2832 2210 mostra

297 2253 661 2316 virilmente
721 2256 853 2316 che
914 2273 1081 2316 cosa
1131 2254 1224 2314 da
1270 2253 1363 2314 lei
1412 2254 1554 2333 puo
1605 2273 1896 2334 sperare
1944 2254 2013 2314 la
2060 2252 2320 2315 Chiesa
2381 2262 2453 2315 et
2499 2254 2831 2317 universa

297 2361 700 2423 christianita
751 2370 1000 2423 contra
1049 2359 1308 2422 Turchi
1361 2369 1430 2421 et
1478 2357 1788 2438 infideli,
1839 2380 1915 2421 se
1964 2368 2213 2422 contra
2268 2379 2359 2420 un
2408 2361 2561 2422 solo
2612 2362 2743 2423 che
2793 2363 2829 2424 ὲ

295 2465 352 2527 in
395 2469 686 2548 podesta
735 2488 862 2530 sua
899 2469 1060 2530 vale
1109 2477 1306 2528 tanto
1349 2469 1578 2547 poco?
1671 2466 2137 2528 Exhortatelo
2174 2477 2244 2527 et
2278 2477 2580 2548 pregate
2630 2489 2830 2530 come

296 2573 422 2636 fate
467 2596 507 2637 a
553 2576 909 2638 mostrarsi
961 2576 1314 2636 advocato
1383 2573 1571 2635 della
1621 2572 1879 2635 Chiesa
1946 2575 2076 2635 che
2142 2575 2319 2636 hora
2383 2575 2418 2636 ἐ
2486 2575 2531 2637 11
2592 2585 2829 2658 tempo

293 2681 388 2740 nel
435 2683 593 2762 qual
637 2681 696 2744 si
743 2682 888 2762 puo
937 2683 1220 2762 obligat
1267 2682 1335 2742 la
1387 2679 1576 2742 Sede
1631 2681 2051 2760 Apostolica
2101 2692 2169 2742 et
2200 2681 2363 2742 tutti
2394 2680 2413 2742 i
2450 2680 2829 2745 Christiani

295 2796 352 2846 et
395 2785 556 2850 farsi
600 2789 992 2851 immortale
1043 2799 1114 2850 et
1162 2809 1332 2850 vera
1364 2787 1556 2850 fama
1601 2799 1670 2848 et
1705 2789 1922 2849 ditele
1972 2789 2104 2848 che
2139 2788 2331 2850 dalla
2366 2789 2826 2868 expeditione

293 2894 352 2954 di
395 2906 632 2976 questa
682 2918 850 2959 cosa
898 2898 1134 2978 pende
1183 2906 1365 2959 tutto
1414 2898 1455 2958 l'
1489 2899 1760 2958 honore
1812 2907 1881 2959 et
1931 2897 2169 2959 disnor
2236 2897 2305 2957 di
2355 2893 2502 2957 Sua
2550 2896 2825 2959 Maesta

296 3003 418 3064 alla
484 3007 688 3083 quale
751 3003 833 3067 N.
899 3002 972 3065 S.
1042 3003 1114 3067 di
1175 3024 1363 3065 novo
1428 3003 1659 3065 scrive
1726 3024 1928 3065 come
1992 3002 2108 3065 voi
2170 3004 2431 3065 havete
2496 3002 2829 3066 richiesto

291 3110 432 3170 nell'
467 3111 704 3175 ultima
733 3120 994 3173 vostra.
1048 3110 1252 3173 Circa
1278 3112 1346 3172 10
1397 3110 1754 3172 solicitare
1787 3121 1858 3172 et
1888 3109 2277 3171 inanimare
2328 3117 2397 3169 et
2430 3112 2828 3191 provedere

292 3216 406 3277 6116
450 3238 596 3301 11011,
635 3240 710 3281 56
757 3218 1028 3281 mutino
1075 3220 1142 3280 16
1191 3217 1605 3281 resolutioni
1656 3217 1726 3278 di
1777 3217 2039 3279 Cesare
2088 3219 2311 3294 bone,
2381 3225 2563 3279 tutto
2631 3218 2689 3279 si
2748 3216 2828 3280 ri—

291 3334 482 3385 mette
517 3327 652 3388 alla
681 3326 1062 3407 prudentia
1096 3335 1336 3387 vostra
1368 3336 1438 3387 et
1474 3325 1588 3387 del
1623 3324 2073 3395 Caracciolo;
2122 3323 2380 3385 instate
2430 3344 2561 3385 con
2614 3324 2831 3387 Cesar

289 3433 579 3511 proprio,
638 3434 768 3497 col.
837 3433 931 3496 R.
984 3432 1394 3495 confessore
1457 3453 1588 3494 con
1659 3430 2071 3494 Armestorf
2130 3452 2263 3492 con
2329 3432 2393 3492 el
2456 3431 2829 3495 Marchese

291 3535 586 3613 Joachim
635 3556 704 3602 et
762 3560 895 3603 con
945 3540 1368 3621 Magontino
1419 3543 1550 3602 6116
1617 3562 1757 3603 non
1816 3539 2193 3602 manchino
2255 3539 2396 3601 alla
2460 3558 2675 3601 causa
2742 3541 2831 3602 de

293 3642 432 3707 Dio.
525 3646 669 3710 Con
719 3646 988 3710 Luther
1037 3669 1164 3729 per
1213 3648 1452 3711 niente
1501 3668 1638 3709 non
1707 3648 1966 3709 intrate
2030 3646 2097 3707 in
2166 3645 2445 3726 dispute
2510 3646 2567 3708 si
2632 3667 2831 3709 come

293 3751 573 3817 scrivete
619 3776 757 3817 non
811 3776 1005 3818 esser
1057 3778 1148 3817 cx
1198 3756 1548 3833 dignitate
1613 3756 1803 3816 della
1866 3753 2056 3815 Sede
2107 3753 2559 3834 Apostolica;
2625 3755 2831 3816 basta

292 3859 406 3919 6116
451 3881 582 3923 con
630 3862 679 3924 li
726 3861 1032 3943 principi
1083 3871 1153 3923 et
1201 3861 1361 3925 altri
1397 3862 1760 3925 mostriate
1797 3882 1927 3923 con
1966 3860 2311 3922 modestia
2359 3860 2407 3921 li
2456 3860 2560 3921 soi
2611 3860 2829 3923 errori

293 3968 552 4043 quando
609 3970 675 4030 vi
724 3968 932 4031 viene
985 3991 1026 4031 a
1072 3968 1442 4051 proposito
1506 3978 1616 4031 tra
1676 3970 1829 4031 loro
1882 3977 1952 4030 et
2001 3968 2139 4030 voi.
2251 3968 2400 4029 Con
2464 3988 2685 4030 mons,
2758 3968 2828 4029 di

292 4070 533 4135 Cevres
574 4085 858 4156 possete
889 4077 1330 4157 responderli
1364 4079 1495 4140 che
1528 4076 1851 4157 piacesse
1882 4096 1924 4136 a
1950 4076 2089 4139 Dio
2138 4074 2256 4137 tali
2293 4075 2565 4137 fossero
2598 4074 2642 4135 11
2677 4076 2829 4137 loro

295 4180 691 4255 portamenti
743 4203 954 4245 verso
1003 4183 1088 4245 N.
1139 4181 1210 4245 S.
1262 4185 1393 4245 che
1445 4183 1513 4243 di
1565 4182 1636 4245 S.
1689 4180 1798 4243 Sui
1846 4202 2054 4244 verso
2120 4181 2381 4244 Cesare
2445 4191 2515 4243 et
2579 4183 2709 4243 che
2757 4181 2827 4243 in

293 4288 702 4353 conscientia
765 4310 896 4352 sua
957 4311 1036 4351 sa
1085 4292 1224 4351 ben
1276 4292 1409 4352 che
1458 4312 1596 4352 non
1645 4291 1740 4352 ha
1789 4288 2083 4371 ragione
2150 4288 2220 4350 di
2285 4289 2546 4351 dolersi
2610 4290 2695 4351 ne
2762 4288 2831 4351 di

295 4401 670 4471 sospettare
719 4396 788 4457 di
838 4396 922 4457 N.
975 4394 1047 4458 S.
1146 4397 1272 4458 Ne]
1328 4408 1516 4459 resto
1568 4395 1995 4458 rimettetive
2044 4396 2111 4457 al
2160 4396 2713 4458 Prothonotario
2763 4408 2833 4458 et

297 4514 406 4558 con
453 4499 550 4561 lui
600 4502 941 4564 conferitc
989 4503 1037 4563 il
1088 4513 1292 4565 tutto,

452 4604 656 4669 Circa
703 4611 938 4690 quello
1003 4612 1134 4671 che
1193 4610 1260 4672 in
1325 4620 1506 4673 tutte
1572 4611 1710 4672 due
1771 4612 1840 4671 16
1906 4620 2143 4673 vostre
2209 4611 2463 4672 lettere
2528 4609 2833 4674 scrivete

302 4728 416 4772 non
453 4720 730 4796 possum
780 4718 998 4799 m‘qm'v
1040 4716 1266 4778 ausim
1315 4716 1544 4780 onmia.
1590 4717 1881 4780 scrz'bcre
1946 4726 2015 4778 et
2065 4717 2135 4779 in
2187 4718 2229 4779 l’
2271 4720 2453 4781 altra
2499 4720 2621 4781 sed
2658 4720 2845 4801 quod

301 4816 414 4877 seso
471 4820 669 4903 loqui
707 4844 842 4884 mm
882 4831 1200 4906 possum,
1269 4822 1352 4885 N.
1403 4822 1476 4886 S.
1527 4827 1744 4886 molto
1813 4824 1868 4886 51
1920 4824 2340 4904 meraviglia
2402 4825 2471 4887 di
2526 4826 2641 4887 voi
2702 4827 2834 4888 6116

299 4921 612 4988 habbiate
663 4940 858 4993 tanto
910 4932 1205 5011 rispetto
1256 4931 1326 4992 di
1376 4929 1686 4994 scrivere
1749 4942 1818 4993 et
1886 4932 1955 4991 di
2022 4934 2335 5012 pariare,
2400 4934 2487 4994 nL·
2551 4932 2598 4995 11
2659 4953 2835 5013 pare
