3575 5775
1331 548 1789 604 0-{343824’

278 696 330 757 d’
369 696 559 760 altri.
654 694 885 757 Tanto
937 696 1067 757 che
1118 694 1308 757 dicto
1357 696 1571 759 Mess,
1621 695 1931 757 Michele
1980 694 2165 757 ando
2217 694 2451 756 subito
2502 693 2571 757 di
2630 714 2845 788 sopra

276 805 330 865 al
388 804 532 883 Re,
583 804 772 864 dove
822 822 945 863 era
993 800 1415 865 Sedunense
1463 823 1505 864 a
1555 804 2095 865 lamentarsene.
2193 800 2405 864 Dicto
2454 801 2667 865 Messa
2717 802 2844 898 Mi-

277 912 476 973 chele
539 912 778 973 hebbe
843 912 1118 989 grande
1167 930 1418 991 paura;
1486 914 1540 971 sl
1608 912 1737 972 che
1800 909 2033 990 questi
2081 908 2369 971 barbari
2418 930 2495 971 se
2544 920 2844 990 porteno

281 1021 494 1082 molto
543 1019 746 1081 male.
841 1016 921 1081 In
971 1016 1342 1081 Vormatia
1391 1016 1622 1079 XXH
1669 1017 1827 1103 (sic)
1876 1016 2193 1098 Januarii
2241 1016 2607 1079 MDXXI.

1520 1448 1620 1511 16.

917 1580 1702 1662 vicecancellarius
1757 1582 2194 1662 Alcandro.

992 1720 1004 1732 ”
1100 1729 1388 1799 (Nuntiat.
1429 1729 1680 1788 German.
1717 1729 1777 1787 1..
1815 1727 1905 1787 fol.
1942 1728 2035 1799 u.)

414 1849 519 1913 (Ex
562 1851 696 1899 Palo
743 1850 1047 1899 portuensis
1087 1850 1345 1898 dioecesis
1385 1850 1468 1897 28.
1509 1852 1728 1914 Januar.
1767 1876 1837 1887 —
1876 1849 2207 1897 YVormatiae
2246 1862 2293 1909 9.
2334 1850 2492 1897 Febr.
2537 1850 2705 1909 1521.)

709 1975 1147 2037 Reverende
1197 1983 1405 2056 pater
1456 1972 1706 2035 Amice
1754 1972 1847 2035 mi
1904 1972 2314 2055 praecipue.

457 2100 563 2161 La
611 2100 867 2161 lettera
901 2107 974 2161 et
1007 2117 1228 2180 opera
1271 2107 1343 2161 et
1372 2097 1640 2160 fatiche
1670 2107 1913 2161 vostre
1946 2117 2162 2181 sopra
2194 2117 2410 2161 causa
2444 2098 2851 2159 lutheriana

283 2226 454 2269 sono
507 2205 979 2269 accettissime
1029 2226 1071 2267 a
1119 2204 1382 2267 Nostro
1433 2202 1779 2285 Signore,
1847 2204 1965 2285 qui
2016 2204 2465 2267 commendat
2511 2203 2583 2267 in
2633 2224 2721 2266 ea
2769 2221 2849 2265 re

285 2313 607 2391 studium,
657 2312 870 2375 fidem
921 2331 1003 2375 ac
1051 2311 1504 2394 prudentiam
1554 2320 1884 2392 vestram,
1932 2313 2397 2392 hortaturque
2446 2310 2851 2393 perduretis

287 2430 351 2482 et
401 2440 560 2483 cum
611 2418 960 2483 modestia
1008 2438 1090 2481 ac
1139 2419 1485 2500 patientia
1532 2418 1801 2500 geratis
1852 2418 2403 2499 sustineatisque
2453 2418 2707 2480 omnia.

459 2527 784 2590 Havrete
845 2547 979 2589 con
1033 2536 1286 2607 questa
1349 2545 1492 2588 una
1553 2526 1625 2587 di
1687 2526 1965 2589 cambio
2017 2526 2087 2588 di
2139 2546 2268 2604 400
2318 2525 2576 2588 Ducati
2625 2525 2693 2587 d’
2725 2546 2851 2587 oro

287 2635 590 2697 drizzata
643 2655 687 2697 a
733 2633 1110 2706 Foccheri;
1180 2633 1434 2696 usateli
1485 2654 1574 2697 ne
1636 2632 1925 2716 bisogni
1976 2634 2203 2697 vostri
2252 2643 2321 2696 et
2369 2634 2559 2695 della
2608 2652 2849 2701 causa:

287 2762 422 2805 non
489 2742 810 2805 dubitate
875 2742 944 2803 vi
1001 2760 1075 2803 se
1123 2741 1343 2804 habbi
1392 2763 1434 2803 a
1485 2761 1853 2822 mancare,
1916 2744 2070 2803 solo
2120 2762 2196 2804 se
2244 2741 2317 2803 vi
2365 2738 2761 2803 advertisse
2811 2760 2853 2801 a

287 2849 644 2932 spenderli
695 2849 1061 2913 utilmente
1110 2858 1183 2913 et
1231 2868 1372 2913 non
1422 2849 1493 2913 in
1543 2870 1712 2913 cose
1761 2848 2139 2932 superflue,
2190 2868 2391 2912 come
2440 2865 2635 2912 semo
2676 2845 2851 2910 certi

289 2937 532 3020 farete.

463 3065 781 3128 Havrete
829 3066 1144 3128 anchora
1193 3067 1330 3128 due
1380 3067 1573 3129 bolle
1621 3065 1987 3148 piombate
2036 3073 2464 3128 novamente
2511 3063 2690 3127 fatte
2746 3083 2849 3126 so-

291 3193 419 3254 pra
463 3175 532 3235 la
576 3192 794 3236 causa
843 3172 914 3234 di
965 3173 1254 3252 Luther‚
1301 3172 1373 3235 in
1422 3193 1565 3235 una
1612 3179 1720 3236 est
1768 3172 2073 3236 facultas
2121 3171 2595 3236 substituendi
2644 3191 2687 3234 a
2734 3190 2850 3232 vo-

291 3279 402 3342 bis
444 3280 694 3362 petita3
743 3280 1086 3343 vederete
1134 3280 1176 3342 l’
1209 3301 1352 3342 una
1402 3291 1472 3343 et
1519 3281 1562 3342 1’
1591 3281 1774 3343 altra
1823 3290 1895 3345 et
1939 3280 1985 3343 1’
2016 3289 2297 3344 usarete
2344 3280 2735 3362 prudenter
2783 3286 2855 3340 et

295 3388 638 3468 modeste,
704 3406 841 3469 pro
901 3388 1007 3450 rei
1069 3388 1608 3470 opportunitate
1672 3399 1743 3452 et
1805 3389 2145 3471 temporis
2210 3389 2617 3460 commodo;
2684 3385 2757 3448 vi
2816 3385 2855 3448 e

297 3496 514 3558 anche
573 3515 714 3558 uno
763 3495 1002 3557 Breve
1049 3515 1092 3556 a
1139 3493 1402 3558 Cesare
1457 3515 1677 3577 super
1721 3498 1975 3560 eodem
2024 3495 2336 3577 Negotio
2387 3503 2458 3558 et
2506 3512 2853 3575 appresso

294 3601 576 3666 insieme
643 3601 898 3665 XXV.
969 3601 1176 3683 copie
1246 3614 1598 3685 stampate
1666 3614 1737 3666 et
1808 3604 2291 3667 authenticate
2365 3603 2554 3665 della
2624 3599 2853 3682 prima

297 3709 501 3790 bolla,
547 3710 666 3791 poi
713 3710 785 3772 in
837 3729 978 3772 una
1026 3729 1230 3772 cassa
1277 3707 1349 3770 di
1397 3711 1669 3772 lattone
1703 3731 1956 3792 grossa
1984 3711 2321 3792 parecchi
2350 3710 2552 3772 brevi
2583 3730 2625 3770 a
2659 3707 2850 3770 Prin-

300 3813 440 3895 cipi
495 3837 704 3898 sopra
760 3818 831 3880 la
878 3815 1265 3879 medesima
1314 3816 1610 3880 materia
1658 3818 2273 3881 commendandoli
2326 3817 2395 3880 di
2446 3825 2710 3898 quanto
2758 3813 2853 3876 fin

301 3920 422 4003 qui
480 3925 613 3985 han
673 3923 857 3986 fatto
924 3933 996 3985 et
1058 3924 1508 3986 exhortando
1568 3925 1640 3986 in
1689 3924 1963 3996 futuro:
2030 3926 2143 3988 evi
2204 3925 2317 3988 fra
2378 3925 2425 3986 li
2490 3922 2651 3984 altri
2715 3942 2854 3984 uno

301 4029 369 4089 al
405 4029 800 4093 confessore
829 4029 901 4091 di
931 4029 1216 4111 Cesare,
1265 4033 1484 4093 molto
1534 4034 1748 4112 bon0,
1799 4034 1916 4095 nel
1965 4032 2176 4094 modo
2226 4032 2268 4092 1³
2305 4039 2513 4092 avete
2562 4029 2854 4104 ehiestO,

304 4134 420 4196 evi
477 4155 605 4200 una
662 4147 909 4202 nostra
971 4139 1183 4200 lettra
1231 4157 1274 4199 a
1323 4135 1474 4201 Sua
1519 4138 1801 4201 Maesta
1865 4139 1939 4202 in
2004 4139 2329 4205 francese
2378 4157 2579 4200 come
2630 4135 2692 4197 ci
2739 4136 2853 4197 ha-

303 4253 467 4304 vete
521 4244 903 4325 ricereato,
973 4246 1270 4308 havrete
1333 4246 1404 4307 in
1470 4247 1582 4308 un’
1637 4247 1821 4309 altra
1886 4255 2197 4310 cassetta
2263 4245 2332 4306 di
2405 4247 2673 4307 lattone
2736 4243 2855 4324 piu

307 4351 513 4411 bassa
559 4351 600 4413 il
671 4354 894 4414 breve
958 4372 1093 4414 con
1159 4354 1230 4415 la
1293 4352 1558 4415 minuta
1624 4373 1667 4416 a
1715 4352 1978 4416 Cesare
2046 4373 2176 4435 per
2237 4352 2281 4415 1’
2315 4351 2763 4414 absolutione
2814 4369 2855 4412 0

308 4447 754 4534 suspensione
803 4479 848 4520 a
895 4459 1212 4522 censuris
1263 4480 1461 4522 come
1510 4480 1643 4540 per
1691 4461 1889 4524 detta
1936 4461 2204 4524 minuta
2251 4461 2611 4522 vederete.

489 4560 579 4626 La
634 4567 886 4628 cedola
947 4575 1191 4630 vostra
1253 4566 1324 4628 di
1374 4567 1652 4630 cambio
1701 4588 1833 4650 per
1882 4589 2011 4646 400
2059 4567 2319 4630 Ducati
2369 4566 2408 4628 e
2456 4566 2645 4630 nella
2696 4565 2853 4629 Cas-

312 4676 490 4731 setta
543 4674 905 4756 maggiore
972 4694 1107 4736 con
1170 4673 1220 4736 li
1281 4675 1486 4736 brevi
1549 4676 1739 4756 quali
1790 4697 1964 4739 sono
2015 4675 2148 4738 XI.
2246 4675 2345 4736 Le
2396 4675 2575 4736 altre
2624 4673 2855 4754 provi-

313 4772 484 4838 sioni
539 4781 624 4842 de
680 4781 799 4863 qui
847 4779 918 4843 vi
967 4781 1500 4862 bisogneranno
1550 4781 1823 4845 avisate
1872 4784 2003 4844 che
2054 4801 2197 4845 non
2246 4781 2301 4844 si
2353 4781 2734 4843 manchera
2785 4779 2853 4841 di

315 4901 476 4945 cosa
516 4889 786 4960 alcuna:
839 4889 1194 4970 segnitate
1245 4909 1380 4971 pur
1426 4888 1498 4951 di
1543 4891 1735 4952 bono
1785 4907 2018 4952 ammo
2070 4902 2139 4952 et
2186 4900 2372 4952 tutto
2422 4889 2480 4950 si
2530 4887 2713 4952 faeci
2744 4897 2854 4951 tra
