<?xml version="1.0" encoding="UTF-8"?>
<!DOCTYPE html PUBLIC "-//W3C//DTD XHTML 1.0 Transitional//EN"
    "http://www.w3.org/TR/xhtml1/DTD/xhtml1-transitional.dtd">
<html xmlns="http://www.w3.org/1999/xhtml" xml:lang="en" lang="en">
 <head>
  <title>
</title>
<meta http-equiv="Content-Type" content="text/html;charset=utf-8" />
  <meta name='ocr-system' content='tesseract 3.04.00' />
  <meta name='ocr-capabilities' content='ocr_page ocr_carea ocr_par ocr_line ocrx_word'/>
</head>
<body>
  <div class='ocr_page' id='page_1' title='image "./monumentareform02vatigoog_0455.png"; bbox 0 0 3575 5775; ppageno 0'>
   <div class='ocr_carea' id='block_1_1' title="bbox 80 4794 85 5297">
    <p class='ocr_par' dir='ltr' id='par_1_1' title="bbox 80 4794 85 5297">
     <span class='ocr_line' id='line_1_1' title="bbox 80 4794 85 5297; baseline 0 0"><span class='ocrx_word' id='word_1_1' title='bbox 80 4794 85 5297; x_wconf 95' lang='lat' dir='ltr'> </span> 
     </span>
    </p>
   </div>
   <div class='ocr_carea' id='block_1_2' title="bbox 1335 589 1831 649">
    <p class='ocr_par' dir='ltr' id='par_1_2' title="bbox 1335 589 1831 649">
     <span class='ocr_line' id='line_1_2' title="bbox 1335 589 1831 649; baseline -0.004 0"><span class='ocrx_word' id='word_1_2' title='bbox 1335 589 1831 649; x_wconf 70' lang='grc' dir='ltr'>&lt;&gt;-&lt;ἓ3359ἱ’ζ&gt;-ο</span> 
     </span>
    </p>
   </div>
   <div class='ocr_carea' id='block_1_3' title="bbox 313 734 2880 3499">
    <p class='ocr_par' dir='ltr' id='par_1_3' title="bbox 313 734 2880 3499">
     <span class='ocr_line' id='line_1_3' title="bbox 313 734 2867 819; baseline 0 -23"><span class='ocrx_word' id='word_1_3' title='bbox 313 734 438 797; x_wconf 90' lang='lat' dir='ltr'>Dei</span> <span class='ocrx_word' id='word_1_4' title='bbox 456 735 806 799; x_wconf 90' lang='lat' dir='ltr'>adiutorio</span> <span class='ocrx_word' id='word_1_5' title='bbox 831 739 1401 819; x_wconf 84' lang='lat' dir='ltr'><strong>prosequendam</strong></span> <span class='ocrx_word' id='word_1_6' title='bbox 1425 740 1733 802; x_wconf 89' lang='lat' dir='ltr'>meditor</span> <span class='ocrx_word' id='word_1_7' title='bbox 1753 740 1894 804; x_wconf 88' lang='lat' dir='ltr'>iam</span> <span class='ocrx_word' id='word_1_8' title='bbox 1922 738 2163 802; x_wconf 89' lang='lat' dir='ltr'>futuro</span> <span class='ocrx_word' id='word_1_9' title='bbox 2189 756 2402 815; x_wconf 88' lang='lat' dir='ltr'>ann0,</span> <span class='ocrx_word' id='word_1_10' title='bbox 2430 736 2629 799; x_wconf 85' lang='lat' dir='ltr'>cuius</span> <span class='ocrx_word' id='word_1_11' title='bbox 2651 754 2867 798; x_wconf 84' lang='lat' dir='ltr'>causa</span> 
     </span>
     <span class='ocr_line' id='line_1_4' title="bbox 317 841 2871 928; baseline -0 -24"><span class='ocrx_word' id='word_1_12' title='bbox 317 862 418 905; x_wconf 89' lang='lat' dir='ltr'>me</span> <span class='ocrx_word' id='word_1_13' title='bbox 463 844 554 905; x_wconf 88' lang='lat' dir='ltr'>ad</span> <span class='ocrx_word' id='word_1_14' title='bbox 603 844 732 906; x_wconf 86' lang='lat' dir='ltr'>has</span> <span class='ocrx_word' id='word_1_15' title='bbox 781 844 1052 927; x_wconf 89' lang='lat' dir='ltr'>patrias</span> <span class='ocrx_word' id='word_1_16' title='bbox 1099 846 1342 928; x_wconf 83' lang='lat' dir='ltr'>recepi</span> <span class='ocrx_word' id='word_1_17' title='bbox 1390 846 1463 909; x_wconf 87' lang='lat' dir='ltr'>in</span> <span class='ocrx_word' id='word_1_18' title='bbox 1511 847 1800 927; x_wconf 90' lang='lat' dir='ltr'>Imperii</span> <span class='ocrx_word' id='word_1_19' title='bbox 1834 847 2133 927; x_wconf 88' lang='lat' dir='ltr'>aliisque</span> <span class='ocrx_word' id='word_1_20' title='bbox 2163 845 2649 928; x_wconf 89' lang='lat' dir='ltr'>superioribus</span> <span class='ocrx_word' id='word_1_21' title='bbox 2697 841 2871 905; x_wconf 87' lang='lat' dir='ltr'>meis</span> 
     </span>
     <span class='ocr_line' id='line_1_5' title="bbox 315 950 2870 1035; baseline 0 -24"><span class='ocrx_word' id='word_1_22' title='bbox 315 950 689 1029; x_wconf 81' lang='lat' dir='ltr'>provinciis</span> <span class='ocrx_word' id='word_1_23' title='bbox 721 950 1170 1033; x_wconf 87' lang='lat' dir='ltr'>quantumvis</span> <span class='ocrx_word' id='word_1_24' title='bbox 1221 974 1378 1015; x_wconf 90' lang='lat' dir='ltr'>mea</span> <span class='ocrx_word' id='word_1_25' title='bbox 1427 954 1835 1035; x_wconf 86' lang='lat' dir='ltr'>praesentia</span> <span class='ocrx_word' id='word_1_26' title='bbox 1882 974 2103 1035; x_wconf 81' lang='lat' dir='ltr'>aegre</span> <span class='ocrx_word' id='word_1_27' title='bbox 2154 952 2533 1031; x_wconf 82' lang='lat' dir='ltr'>caruerint,</span> <span class='ocrx_word' id='word_1_28' title='bbox 2582 960 2661 1013; x_wconf 91' lang='lat' dir='ltr'>ut</span> <span class='ocrx_word' id='word_1_29' title='bbox 2706 952 2870 1013; x_wconf 89' lang='lat' dir='ltr'>dem</span> 
     </span>
     <span class='ocr_line' id='line_1_6' title="bbox 318 1056 2871 1143; baseline 0.001 -26"><span class='ocrx_word' id='word_1_30' title='bbox 318 1056 627 1119; x_wconf 84' lang='lat' dir='ltr'>ordinem</span> <span class='ocrx_word' id='word_1_31' title='bbox 675 1078 830 1121; x_wconf 91' lang='lat' dir='ltr'>cum</span> <span class='ocrx_word' id='word_1_32' title='bbox 878 1058 988 1122; x_wconf 90' lang='lat' dir='ltr'>his</span> <span class='ocrx_word' id='word_1_33' title='bbox 1036 1059 1595 1141; x_wconf 87' lang='lat' dir='ltr'>provincialibus</span> <span class='ocrx_word' id='word_1_34' title='bbox 1645 1062 1841 1141; x_wconf 82' lang='lat' dir='ltr'>meiS,</span> <span class='ocrx_word' id='word_1_35' title='bbox 1892 1081 2071 1143; x_wconf 90' lang='lat' dir='ltr'>quos</span> <span class='ocrx_word' id='word_1_36' title='bbox 2118 1062 2497 1143; x_wconf 84' lang='lat' dir='ltr'>Tyrannus</span> <span class='ocrx_word' id='word_1_37' title='bbox 2543 1058 2663 1121; x_wconf 89' lang='lat' dir='ltr'>ille</span> <span class='ocrx_word' id='word_1_38' title='bbox 2698 1078 2871 1141; x_wconf 88' lang='lat' dir='ltr'>prae</span> 
     </span>
     <span class='ocr_line' id='line_1_7' title="bbox 319 1164 2874 1252; baseline 0.001 -27"><span class='ocrx_word' id='word_1_39' title='bbox 319 1165 608 1227; x_wconf 89' lang='lat' dir='ltr'>caeteris</span> <span class='ocrx_word' id='word_1_40' title='bbox 655 1164 950 1229; x_wconf 86' lang='lat' dir='ltr'>infestat</span> <span class='ocrx_word' id='word_1_41' title='bbox 995 1167 1259 1249; x_wconf 78' lang='lat' dir='ltr'>magiS,</span> <span class='ocrx_word' id='word_1_42' title='bbox 1333 1176 1474 1231; x_wconf 89' lang='lat' dir='ltr'>tam</span> <span class='ocrx_word' id='word_1_43' title='bbox 1549 1168 1738 1231; x_wconf 88' lang='lat' dir='ltr'>circa</span> <span class='ocrx_word' id='word_1_44' title='bbox 1804 1169 2203 1252; x_wconf 88' lang='lat' dir='ltr'>parandum</span> <span class='ocrx_word' id='word_1_45' title='bbox 2273 1176 2738 1231; x_wconf 86' lang='lat' dir='ltr'>commeatum</span> <span class='ocrx_word' id='word_1_46' title='bbox 2801 1176 2874 1227; x_wconf 90' lang='lat' dir='ltr'>et</span> 
     </span>
     <span class='ocr_line' id='line_1_8' title="bbox 317 1270 2863 1357; baseline 0.001 -25"><span class='ocrx_word' id='word_1_47' title='bbox 317 1270 644 1334; x_wconf 87' lang='lat' dir='ltr'>victualia</span> <span class='ocrx_word' id='word_1_48' title='bbox 691 1292 900 1355; x_wconf 87' lang='lat' dir='ltr'>quam</span> <span class='ocrx_word' id='word_1_49' title='bbox 947 1274 1438 1337; x_wconf 86' lang='lat' dir='ltr'>instruendam</span> <span class='ocrx_word' id='word_1_50' title='bbox 1489 1276 1920 1338; x_wconf 88' lang='lat' dir='ltr'>Artelariam</span> <span class='ocrx_word' id='word_1_51' title='bbox 1992 1283 2064 1338; x_wconf 93' lang='lat' dir='ltr'>et</span> <span class='ocrx_word' id='word_1_52' title='bbox 2123 1296 2305 1357; x_wconf 85' lang='lat' dir='ltr'>quae</span> <span class='ocrx_word' id='word_1_53' title='bbox 2366 1275 2458 1337; x_wconf 89' lang='lat' dir='ltr'>ad</span> <span class='ocrx_word' id='word_1_54' title='bbox 2506 1274 2699 1336; x_wconf 91' lang='lat' dir='ltr'>illam</span> <span class='ocrx_word' id='word_1_55' title='bbox 2747 1293 2863 1334; x_wconf 89' lang='lat' dir='ltr'>ne-</span> 
     </span>
     <span class='ocr_line' id='line_1_9' title="bbox 319 1378 2867 1465; baseline 0 -26"><span class='ocrx_word' id='word_1_56' title='bbox 319 1378 618 1441; x_wconf 87' lang='lat' dir='ltr'>cessaria</span> <span class='ocrx_word' id='word_1_57' title='bbox 680 1389 878 1460; x_wconf 87' lang='lat' dir='ltr'>sunt,</span> <span class='ocrx_word' id='word_1_58' title='bbox 951 1380 1106 1444; x_wconf 90' lang='lat' dir='ltr'>sine</span> <span class='ocrx_word' id='word_1_59' title='bbox 1172 1382 1426 1463; x_wconf 87' lang='lat' dir='ltr'>quibus</span> <span class='ocrx_word' id='word_1_60' title='bbox 1487 1392 1686 1445; x_wconf 85' lang='lat' dir='ltr'>tanta</span> <span class='ocrx_word' id='word_1_61' title='bbox 1745 1404 1862 1446; x_wconf 89' lang='lat' dir='ltr'>res</span> <span class='ocrx_word' id='word_1_62' title='bbox 1929 1382 2212 1465; x_wconf 91' lang='lat' dir='ltr'>penitus</span> <span class='ocrx_word' id='word_1_63' title='bbox 2279 1380 2531 1445; x_wconf 89' lang='lat' dir='ltr'>confici</span> <span class='ocrx_word' id='word_1_64' title='bbox 2607 1380 2867 1461; x_wconf 89' lang='lat' dir='ltr'>nequit.</span> 
     </span>
     <span class='ocr_line' id='line_1_10' title="bbox 317 1482 2869 1571; baseline 0.002 -26"><span class='ocrx_word' id='word_1_65' title='bbox 317 1482 554 1565; x_wconf 87' lang='lat' dir='ltr'>Itaque</span> <span class='ocrx_word' id='word_1_66' title='bbox 601 1485 935 1549; x_wconf 89' lang='lat' dir='ltr'>subsidiis</span> <span class='ocrx_word' id='word_1_67' title='bbox 982 1488 1410 1571; x_wconf 88' lang='lat' dir='ltr'>pecuniariis</span> <span class='ocrx_word' id='word_1_68' title='bbox 1459 1489 1763 1570; x_wconf 89' lang='lat' dir='ltr'>adiutus,</span> <span class='ocrx_word' id='word_1_69' title='bbox 1811 1490 2064 1571; x_wconf 90' lang='lat' dir='ltr'>positis</span> <span class='ocrx_word' id='word_1_70' title='bbox 2123 1490 2197 1551; x_wconf 92' lang='lat' dir='ltr'>in</span> <span class='ocrx_word' id='word_1_71' title='bbox 2254 1489 2503 1553; x_wconf 89' lang='lat' dir='ltr'>ordine</span> <span class='ocrx_word' id='word_1_72' title='bbox 2562 1496 2707 1548; x_wconf 88' lang='lat' dir='ltr'>tam</span> <span class='ocrx_word' id='word_1_73' title='bbox 2756 1507 2869 1549; x_wconf 86' lang='lat' dir='ltr'>ne-</span> 
     </span>
     <span class='ocr_line' id='line_1_11' title="bbox 320 1592 2874 1677; baseline 0.001 -25"><span class='ocrx_word' id='word_1_74' title='bbox 320 1592 634 1655; x_wconf 88' lang='lat' dir='ltr'>cessariis</span> <span class='ocrx_word' id='word_1_75' title='bbox 681 1595 1302 1659; x_wconf 88' lang='lat' dir='ltr'>commoditatibus</span> <span class='ocrx_word' id='word_1_76' title='bbox 1315 1645 1334 1677; x_wconf 99' lang='lat'>,</span> <span class='ocrx_word' id='word_1_77' title='bbox 1384 1605 1456 1659; x_wconf 93' lang='lat' dir='ltr'>et</span> <span class='ocrx_word' id='word_1_78' title='bbox 1526 1596 2053 1677; x_wconf 85' lang='lat' dir='ltr'>provisionibus</span> <span class='ocrx_word' id='word_1_79' title='bbox 2113 1594 2348 1675; x_wconf 89' lang='lat' dir='ltr'>factis,</span> <span class='ocrx_word' id='word_1_80' title='bbox 2420 1598 2657 1659; x_wconf 87' lang='lat' dir='ltr'>alacer</span> <span class='ocrx_word' id='word_1_81' title='bbox 2724 1614 2874 1655; x_wconf 90' lang='lat' dir='ltr'>rem</span> 
     </span>
     <span class='ocr_line' id='line_1_12' title="bbox 321 1700 2872 1786; baseline 0 -26"><span class='ocrx_word' id='word_1_82' title='bbox 321 1700 612 1779; x_wconf 87' lang='lat' dir='ltr'>aggredi</span> <span class='ocrx_word' id='word_1_83' title='bbox 658 1701 942 1783; x_wconf 90' lang='lat' dir='ltr'>possim.</span> <span class='ocrx_word' id='word_1_84' title='bbox 1039 1702 1282 1785; x_wconf 91' lang='lat' dir='ltr'>Atque</span> <span class='ocrx_word' id='word_1_85' title='bbox 1339 1705 1604 1766; x_wconf 89' lang='lat' dir='ltr'>utinam</span> <span class='ocrx_word' id='word_1_86' title='bbox 1672 1704 1745 1765; x_wconf 89' lang='lat' dir='ltr'>id</span> <span class='ocrx_word' id='word_1_87' title='bbox 1813 1702 2123 1786; x_wconf 85' lang='lat' dir='ltr'>propriis</span> <span class='ocrx_word' id='word_1_88' title='bbox 2179 1702 2574 1785; x_wconf 88' lang='lat' dir='ltr'>sumptibus</span> <span class='ocrx_word' id='word_1_89' title='bbox 2630 1701 2872 1763; x_wconf 85' lang='lat' dir='ltr'>facere</span> 
     </span>
     <span class='ocr_line' id='line_1_13' title="bbox 318 1804 2873 1891; baseline 0.001 -25"><span class='ocrx_word' id='word_1_90' title='bbox 318 1804 588 1887; x_wconf 88' lang='lat' dir='ltr'>liceret,</span> <span class='ocrx_word' id='word_1_91' title='bbox 652 1817 800 1871; x_wconf 91' lang='lat' dir='ltr'>tum</span> <span class='ocrx_word' id='word_1_92' title='bbox 858 1829 1089 1891; x_wconf 91' lang='lat' dir='ltr'>neque</span> <span class='ocrx_word' id='word_1_93' title='bbox 1153 1810 1592 1873; x_wconf 88' lang='lat' dir='ltr'>Beatitudini</span> <span class='ocrx_word' id='word_1_94' title='bbox 1655 1810 1961 1873; x_wconf 88' lang='lat' dir='ltr'>Vestrae</span> <span class='ocrx_word' id='word_1_95' title='bbox 2012 1830 2243 1891; x_wconf 89' lang='lat' dir='ltr'>neque</span> <span class='ocrx_word' id='word_1_96' title='bbox 2290 1809 2415 1872; x_wconf 89' lang='lat' dir='ltr'>ulli</span> <span class='ocrx_word' id='word_1_97' title='bbox 2475 1807 2873 1872; x_wconf 88' lang='lat' dir='ltr'>mortalium</span> 
     </span>
     <span class='ocr_line' id='line_1_14' title="bbox 321 1916 2874 1999; baseline 0.001 -26"><span class='ocrx_word' id='word_1_98' title='bbox 321 1932 534 1976; x_wconf 89' lang='lat' dir='ltr'>essem</span> <span class='ocrx_word' id='word_1_99' title='bbox 585 1934 948 1979; x_wconf 89' lang='lat' dir='ltr'>onerosus.</span> <span class='ocrx_word' id='word_1_100' title='bbox 1047 1916 1619 1999; x_wconf 76' lang='lat' dir='ltr'>Quamprimum,</span> <span class='ocrx_word' id='word_1_101' title='bbox 1670 1918 2007 1981; x_wconf 91' lang='lat' dir='ltr'>maiorem</span> <span class='ocrx_word' id='word_1_102' title='bbox 2054 1917 2125 1979; x_wconf 89' lang='lat' dir='ltr'>in</span> <span class='ocrx_word' id='word_1_103' title='bbox 2176 1919 2461 1980; x_wconf 89' lang='lat' dir='ltr'>modum</span> <span class='ocrx_word' id='word_1_104' title='bbox 2512 1926 2581 1979; x_wconf 89' lang='lat' dir='ltr'>et</span> <span class='ocrx_word' id='word_1_105' title='bbox 2628 1917 2874 1978; x_wconf 88' lang='lat' dir='ltr'>hortor</span> 
     </span>
     <span class='ocr_line' id='line_1_15' title="bbox 319 2023 2875 2107; baseline 0 -26"><span class='ocrx_word' id='word_1_106' title='bbox 319 2027 385 2081; x_wconf 88' lang='lat' dir='ltr'>et</span> <span class='ocrx_word' id='word_1_107' title='bbox 424 2039 608 2102; x_wconf 90' lang='lat' dir='ltr'>rogo</span> <span class='ocrx_word' id='word_1_108' title='bbox 657 2029 736 2084; x_wconf 92' lang='lat' dir='ltr'>ut</span> <span class='ocrx_word' id='word_1_109' title='bbox 799 2043 911 2085; x_wconf 91' lang='lat' dir='ltr'>me</span> <span class='ocrx_word' id='word_1_110' title='bbox 959 2024 1100 2087; x_wconf 91' lang='lat' dir='ltr'>iam</span> <span class='ocrx_word' id='word_1_111' title='bbox 1149 2026 1345 2087; x_wconf 87' lang='lat' dir='ltr'>velut</span> <span class='ocrx_word' id='word_1_112' title='bbox 1393 2024 1874 2107; x_wconf 88' lang='lat' dir='ltr'>importunum</span> <span class='ocrx_word' id='word_1_113' title='bbox 1922 2035 2333 2088; x_wconf 86' lang='lat' dir='ltr'>exactorem</span> <span class='ocrx_word' id='word_1_114' title='bbox 2381 2043 2521 2087; x_wconf 90' lang='lat' dir='ltr'>non</span> <span class='ocrx_word' id='word_1_115' title='bbox 2571 2023 2875 2105; x_wconf 88' lang='lat' dir='ltr'>repellat</span> 
     </span>
     <span class='ocr_line' id='line_1_16' title="bbox 325 2126 2873 2212; baseline 0 -23"><span class='ocrx_word' id='word_1_116' title='bbox 325 2147 363 2189; x_wconf 88' lang='lat' dir='ltr'>a</span> <span class='ocrx_word' id='word_1_117' title='bbox 403 2126 588 2190; x_wconf 87' lang='lat' dir='ltr'>facie</span> <span class='ocrx_word' id='word_1_118' title='bbox 635 2149 784 2210; x_wconf 82' lang='lat' dir='ltr'>sua,</span> <span class='ocrx_word' id='word_1_119' title='bbox 833 2133 959 2191; x_wconf 89' lang='lat' dir='ltr'>sed</span> <span class='ocrx_word' id='word_1_120' title='bbox 1016 2132 1552 2195; x_wconf 89' lang='lat' dir='ltr'>mansuetudine</span> <span class='ocrx_word' id='word_1_121' title='bbox 1603 2144 1674 2194; x_wconf 89' lang='lat' dir='ltr'>et</span> <span class='ocrx_word' id='word_1_122' title='bbox 1722 2132 2101 2195; x_wconf 87' lang='lat' dir='ltr'>clementia</span> <span class='ocrx_word' id='word_1_123' title='bbox 2149 2151 2275 2195; x_wconf 87' lang='lat' dir='ltr'>sua</span> <span class='ocrx_word' id='word_1_124' title='bbox 2335 2128 2873 2212; x_wconf 87' lang='lat' dir='ltr'>incomparabili</span> 
     </span>
     <span class='ocr_line' id='line_1_17' title="bbox 325 2236 2873 2321; baseline 0.001 -26"><span class='ocrx_word' id='word_1_125' title='bbox 325 2253 456 2296; x_wconf 91' lang='lat' dir='ltr'>non</span> <span class='ocrx_word' id='word_1_126' title='bbox 502 2237 727 2298; x_wconf 86' lang='lat' dir='ltr'>solum</span> <span class='ocrx_word' id='word_1_127' title='bbox 774 2236 1128 2319; x_wconf 87' lang='lat' dir='ltr'>benignas</span> <span class='ocrx_word' id='word_1_128' title='bbox 1177 2260 1384 2302; x_wconf 87' lang='lat' dir='ltr'>aures</span> <span class='ocrx_word' id='word_1_129' title='bbox 1430 2250 1801 2321; x_wconf 85' lang='lat' dir='ltr'>praestare</span> <span class='ocrx_word' id='word_1_130' title='bbox 1850 2240 1976 2301; x_wconf 87' lang='lat' dir='ltr'>sed</span> <span class='ocrx_word' id='word_1_131' title='bbox 2027 2238 2275 2320; x_wconf 87' lang='lat' dir='ltr'>etiam,</span> <span class='ocrx_word' id='word_1_132' title='bbox 2336 2248 2413 2301; x_wconf 89' lang='lat' dir='ltr'>ut</span> <span class='ocrx_word' id='word_1_133' title='bbox 2468 2238 2719 2301; x_wconf 87' lang='lat' dir='ltr'>iterum</span> <span class='ocrx_word' id='word_1_134' title='bbox 2776 2246 2873 2297; x_wconf 90' lang='lat' dir='ltr'>at·</span> 
     </span>
     <span class='ocr_line' id='line_1_18' title="bbox 327 2336 2873 2428; baseline 0 -25"><span class='ocrx_word' id='word_1_135' title='bbox 327 2361 454 2421; x_wconf 89' lang='lat' dir='ltr'>que</span> <span class='ocrx_word' id='word_1_136' title='bbox 498 2341 754 2405; x_wconf 90' lang='lat' dir='ltr'>iterum</span> <span class='ocrx_word' id='word_1_137' title='bbox 801 2343 1104 2426; x_wconf 88' lang='lat' dir='ltr'>imploro</span> <span class='ocrx_word' id='word_1_138' title='bbox 1156 2354 1228 2408; x_wconf 88' lang='lat' dir='ltr'>et</span> <span class='ocrx_word' id='word_1_139' title='bbox 1274 2366 1486 2427; x_wconf 89' lang='lat' dir='ltr'>quam</span> <span class='ocrx_word' id='word_1_140' title='bbox 1533 2346 1841 2409; x_wconf 88' lang='lat' dir='ltr'>maxime</span> <span class='ocrx_word' id='word_1_141' title='bbox 1880 2336 2180 2428; x_wconf 76' lang='lat' dir='ltr'>&#39;possum</span> <span class='ocrx_word' id='word_1_142' title='bbox 2228 2345 2415 2408; x_wconf 90' lang='lat' dir='ltr'>serio</span> <span class='ocrx_word' id='word_1_143' title='bbox 2482 2354 2553 2407; x_wconf 92' lang='lat' dir='ltr'>et</span> <span class='ocrx_word' id='word_1_144' title='bbox 2612 2343 2679 2405; x_wconf 91' lang='lat' dir='ltr'>in</span> <span class='ocrx_word' id='word_1_145' title='bbox 2730 2344 2873 2424; x_wconf 89' lang='lat' dir='ltr'>ple·</span> 
     </span>
     <span class='ocr_line' id='line_1_19' title="bbox 325 2447 2876 2535; baseline 0.001 -24"><span class='ocrx_word' id='word_1_146' title='bbox 325 2447 630 2513; x_wconf 88' lang='lat' dir='ltr'>nitudine</span> <span class='ocrx_word' id='word_1_147' title='bbox 677 2448 835 2531; x_wconf 90' lang='lat' dir='ltr'>spei</span> <span class='ocrx_word' id='word_1_148' title='bbox 903 2461 972 2512; x_wconf 90' lang='lat' dir='ltr'>et</span> <span class='ocrx_word' id='word_1_149' title='bbox 1019 2450 1322 2515; x_wconf 89' lang='lat' dir='ltr'>fiduciae</span> <span class='ocrx_word' id='word_1_150' title='bbox 1383 2474 1587 2516; x_wconf 91' lang='lat' dir='ltr'>meae</span> <span class='ocrx_word' id='word_1_151' title='bbox 1635 2474 1847 2534; x_wconf 87' lang='lat' dir='ltr'>quam</span> <span class='ocrx_word' id='word_1_152' title='bbox 1908 2452 2116 2535; x_wconf 88' lang='lat' dir='ltr'>posui</span> <span class='ocrx_word' id='word_1_153' title='bbox 2165 2452 2236 2514; x_wconf 91' lang='lat' dir='ltr'>in</span> <span class='ocrx_word' id='word_1_154' title='bbox 2288 2472 2480 2517; x_wconf 77' lang='lat' dir='ltr'>eam,</span> <span class='ocrx_word' id='word_1_155' title='bbox 2553 2454 2876 2529; x_wconf 82' lang='lat' dir='ltr'>obsecre,</span> 
     </span>
     <span class='ocr_line' id='line_1_20' title="bbox 327 2556 2879 2643; baseline -0.001 -24"><span class='ocrx_word' id='word_1_156' title='bbox 327 2566 651 2637; x_wconf 89' lang='lat' dir='ltr'>quantum</span> <span class='ocrx_word' id='word_1_157' title='bbox 703 2556 1048 2621; x_wconf 88' lang='lat' dir='ltr'>eiusmodi</span> <span class='ocrx_word' id='word_1_158' title='bbox 1097 2560 1341 2622; x_wconf 84' lang='lat' dir='ltr'>auxilii</span> <span class='ocrx_word' id='word_1_159' title='bbox 1388 2560 1613 2643; x_wconf 89' lang='lat' dir='ltr'>possit</span> <span class='ocrx_word' id='word_1_160' title='bbox 1659 2560 1848 2623; x_wconf 89' lang='lat' dir='ltr'>ferre</span> <span class='ocrx_word' id='word_1_161' title='bbox 1908 2560 2073 2622; x_wconf 89' lang='lat' dir='ltr'>mihi</span> <span class='ocrx_word' id='word_1_162' title='bbox 2128 2560 2523 2642; x_wconf 89' lang='lat' dir='ltr'>impartire,</span> <span class='ocrx_word' id='word_1_163' title='bbox 2584 2557 2879 2638; x_wconf 88' lang='lat' dir='ltr'>eiusque</span> 
     </span>
     <span class='ocr_line' id='line_1_21' title="bbox 326 2662 2878 2755; baseline 0 -30"><span class='ocrx_word' id='word_1_164' title='bbox 326 2664 598 2727; x_wconf 90' lang='lat' dir='ltr'>modum</span> <span class='ocrx_word' id='word_1_165' title='bbox 649 2674 720 2727; x_wconf 89' lang='lat' dir='ltr'>et</span> <span class='ocrx_word' id='word_1_166' title='bbox 767 2666 1113 2729; x_wconf 85' lang='lat' dir='ltr'>rationem</span> <span class='ocrx_word' id='word_1_167' title='bbox 1162 2667 1232 2728; x_wconf 92' lang='lat' dir='ltr'>in</span> <span class='ocrx_word' id='word_1_168' title='bbox 1289 2676 1611 2749; x_wconf 88' lang='lat' dir='ltr'>tempore</span> <span class='ocrx_word' id='word_1_169' title='bbox 1683 2666 1963 2749; x_wconf 88' lang='lat' dir='ltr'>aperire</span> <span class='ocrx_word' id='word_1_170' title='bbox 2031 2666 2397 2748; x_wconf 88' lang='lat' dir='ltr'>dignetur,</span> <span class='ocrx_word' id='word_1_171' title='bbox 2462 2674 2539 2728; x_wconf 91' lang='lat' dir='ltr'>ut</span> <span class='ocrx_word' id='word_1_172' title='bbox 2603 2662 2878 2755; x_wconf 80' lang='lat' dir='ltr'>collatis</span> 
     </span>
     <span class='ocr_line' id='line_1_22' title="bbox 325 2770 2879 2855; baseline 0 -23"><span class='ocrx_word' id='word_1_173' title='bbox 325 2770 451 2833; x_wconf 92' lang='lat' dir='ltr'>huc</span> <span class='ocrx_word' id='word_1_174' title='bbox 497 2771 826 2834; x_wconf 84' lang='lat' dir='ltr'>omnibus</span> <span class='ocrx_word' id='word_1_175' title='bbox 873 2772 1130 2854; x_wconf 91' lang='lat' dir='ltr'>opibus</span> <span class='ocrx_word' id='word_1_176' title='bbox 1192 2782 1263 2837; x_wconf 89' lang='lat' dir='ltr'>et</span> <span class='ocrx_word' id='word_1_177' title='bbox 1310 2773 1578 2836; x_wconf 88' lang='lat' dir='ltr'>viribus</span> <span class='ocrx_word' id='word_1_178' title='bbox 1613 2773 1808 2853; x_wconf 80' lang='lat' dir='ltr'>meiS,</span> <span class='ocrx_word' id='word_1_179' title='bbox 1857 2772 2185 2855; x_wconf 89' lang='lat' dir='ltr'>proximo</span> <span class='ocrx_word' id='word_1_180' title='bbox 2235 2793 2419 2835; x_wconf 88' lang='lat' dir='ltr'>anno</span> <span class='ocrx_word' id='word_1_181' title='bbox 2468 2771 2879 2853; x_wconf 91' lang='lat' dir='ltr'>propulsem</span> 
     </span>
     <span class='ocr_line' id='line_1_23' title="bbox 326 2878 2874 2961; baseline -0 -20"><span class='ocrx_word' id='word_1_182' title='bbox 326 2878 450 2942; x_wconf 88' lang='lat' dir='ltr'>hoc</span> <span class='ocrx_word' id='word_1_183' title='bbox 497 2878 690 2961; x_wconf 89' lang='lat' dir='ltr'>quod</span> <span class='ocrx_word' id='word_1_184' title='bbox 737 2878 1054 2944; x_wconf 90' lang='lat' dir='ltr'>imminet</span> <span class='ocrx_word' id='word_1_185' title='bbox 1103 2880 1498 2944; x_wconf 85' lang='lat' dir='ltr'>cervicibus</span> <span class='ocrx_word' id='word_1_186' title='bbox 1549 2880 1993 2944; x_wconf 89' lang='lat' dir='ltr'>subditorum</span> <span class='ocrx_word' id='word_1_187' title='bbox 2038 2901 2354 2945; x_wconf 89' lang='lat' dir='ltr'>meorum</span> <span class='ocrx_word' id='word_1_188' title='bbox 2404 2878 2689 2944; x_wconf 87' lang='lat' dir='ltr'>exitiale</span> <span class='ocrx_word' id='word_1_189' title='bbox 2740 2898 2874 2941; x_wconf 89' lang='lat' dir='ltr'>ma-</span> 
     </span>
     <span class='ocr_line' id='line_1_24' title="bbox 328 2985 2879 3070; baseline -0 -23"><span class='ocrx_word' id='word_1_190' title='bbox 328 2986 490 3060; x_wconf 88' lang='lat' dir='ltr'>lum;</span> <span class='ocrx_word' id='word_1_191' title='bbox 541 2985 852 3050; x_wconf 85' lang='lat' dir='ltr'>vicissim</span> <span class='ocrx_word' id='word_1_192' title='bbox 903 2988 1198 3051; x_wconf 87' lang='lat' dir='ltr'>daturus</span> <span class='ocrx_word' id='word_1_193' title='bbox 1245 3009 1532 3070; x_wconf 86' lang='lat' dir='ltr'>operam</span> <span class='ocrx_word' id='word_1_194' title='bbox 1585 2998 1662 3050; x_wconf 90' lang='lat' dir='ltr'>ut</span> <span class='ocrx_word' id='word_1_195' title='bbox 1710 3009 1865 3052; x_wconf 88' lang='lat' dir='ltr'>eam</span> <span class='ocrx_word' id='word_1_196' title='bbox 1913 2987 2113 3050; x_wconf 91' lang='lat' dir='ltr'>istius</span> <span class='ocrx_word' id='word_1_197' title='bbox 2163 2986 2407 3050; x_wconf 86' lang='lat' dir='ltr'>auxilii</span> <span class='ocrx_word' id='word_1_198' title='bbox 2451 3007 2594 3050; x_wconf 90' lang='lat' dir='ltr'>non</span> <span class='ocrx_word' id='word_1_199' title='bbox 2641 2985 2879 3066; x_wconf 88' lang='lat' dir='ltr'>paeni-</span> 
     </span>
     <span class='ocr_line' id='line_1_25' title="bbox 328 3093 2875 3178; baseline 0 -24"><span class='ocrx_word' id='word_1_200' title='bbox 328 3101 484 3173; x_wconf 88' lang='lat' dir='ltr'>teat,</span> <span class='ocrx_word' id='word_1_201' title='bbox 532 3094 654 3175; x_wconf 90' lang='lat' dir='ltr'>qui</span> <span class='ocrx_word' id='word_1_202' title='bbox 701 3094 935 3175; x_wconf 89' lang='lat' dir='ltr'>brevi,</span> <span class='ocrx_word' id='word_1_203' title='bbox 982 3095 1295 3178; x_wconf 86' lang='lat' dir='ltr'>propitio</span> <span class='ocrx_word' id='word_1_204' title='bbox 1343 3097 1501 3159; x_wconf 89' lang='lat' dir='ltr'>Deo</span> <span class='ocrx_word' id='word_1_205' title='bbox 1551 3098 1686 3158; x_wconf 90' lang='lat' dir='ltr'>hoc</span> <span class='ocrx_word' id='word_1_206' title='bbox 1734 3104 1924 3159; x_wconf 91' lang='lat' dir='ltr'>metu</span> <span class='ocrx_word' id='word_1_207' title='bbox 1971 3096 2253 3177; x_wconf 89' lang='lat' dir='ltr'>hocque</span> <span class='ocrx_word' id='word_1_208' title='bbox 2300 3096 2484 3158; x_wconf 89' lang='lat' dir='ltr'>malo</span> <span class='ocrx_word' id='word_1_209' title='bbox 2532 3093 2875 3156; x_wconf 83' lang='lat' dir='ltr'>liberatus</span> 
     </span>
     <span class='ocr_line' id='line_1_26' title="bbox 331 3201 2876 3285; baseline -0 -23"><span class='ocrx_word' id='word_1_210' title='bbox 331 3209 394 3262; x_wconf 88' lang='lat' dir='ltr'>et</span> <span class='ocrx_word' id='word_1_211' title='bbox 437 3201 752 3264; x_wconf 89' lang='lat' dir='ltr'>securior</span> <span class='ocrx_word' id='word_1_212' title='bbox 809 3201 1078 3282; x_wconf 85' lang='lat' dir='ltr'>factus,</span> <span class='ocrx_word' id='word_1_213' title='bbox 1145 3211 1372 3266; x_wconf 90' lang='lat' dir='ltr'>totum</span> <span class='ocrx_word' id='word_1_214' title='bbox 1436 3204 1694 3266; x_wconf 86' lang='lat' dir='ltr'>deinde</span> <span class='ocrx_word' id='word_1_215' title='bbox 1758 3224 1871 3266; x_wconf 89' lang='lat' dir='ltr'>me</span> <span class='ocrx_word' id='word_1_216' title='bbox 1932 3201 2163 3285; x_wconf 89' lang='lat' dir='ltr'>ipsum</span> <span class='ocrx_word' id='word_1_217' title='bbox 2224 3221 2309 3263; x_wconf 89' lang='lat' dir='ltr'>ac</span> <span class='ocrx_word' id='word_1_218' title='bbox 2370 3209 2587 3282; x_wconf 90' lang='lat' dir='ltr'>caput</span> <span class='ocrx_word' id='word_1_219' title='bbox 2648 3219 2876 3262; x_wconf 89' lang='lat' dir='ltr'>meum</span> 
     </span>
     <span class='ocr_line' id='line_1_27' title="bbox 331 3305 2874 3390; baseline -0 -21"><span class='ocrx_word' id='word_1_220' title='bbox 331 3317 726 3372; x_wconf 84' lang='lat' dir='ltr'>convertam</span> <span class='ocrx_word' id='word_1_221' title='bbox 775 3309 867 3371; x_wconf 91' lang='lat' dir='ltr'>ad</span> <span class='ocrx_word' id='word_1_222' title='bbox 935 3309 1422 3372; x_wconf 86' lang='lat' dir='ltr'>defensionem</span> <span class='ocrx_word' id='word_1_223' title='bbox 1491 3320 1780 3373; x_wconf 89' lang='lat' dir='ltr'>sanctae</span> <span class='ocrx_word' id='word_1_224' title='bbox 1833 3308 2041 3372; x_wconf 86' lang='lat' dir='ltr'>Sedis</span> <span class='ocrx_word' id='word_1_225' title='bbox 2104 3316 2177 3372; x_wconf 91' lang='lat' dir='ltr'>et</span> <span class='ocrx_word' id='word_1_226' title='bbox 2230 3306 2433 3371; x_wconf 91' lang='lat' dir='ltr'>istius</span> <span class='ocrx_word' id='word_1_227' title='bbox 2492 3305 2874 3390; x_wconf 76' lang='lat' dir='ltr'>dignitatis</span> 
     </span>
     <span class='ocr_line' id='line_1_28' title="bbox 331 3412 2880 3499; baseline -0 -23"><span class='ocrx_word' id='word_1_228' title='bbox 331 3412 544 3494; x_wconf 81' lang='lat' dir='ltr'>Quem</span> <span class='ocrx_word' id='word_1_229' title='bbox 591 3415 874 3479; x_wconf 86' lang='lat' dir='ltr'>interim</span> <span class='ocrx_word' id='word_1_230' title='bbox 915 3426 1250 3498; x_wconf 89' lang='lat' dir='ltr'>protegat</span> <span class='ocrx_word' id='word_1_231' title='bbox 1281 3428 1352 3480; x_wconf 87' lang='lat' dir='ltr'>et</span> <span class='ocrx_word' id='word_1_232' title='bbox 1381 3427 1662 3480; x_wconf 88' lang='lat' dir='ltr'>tueatur</span> <span class='ocrx_word' id='word_1_233' title='bbox 1708 3417 1827 3480; x_wconf 91' lang='lat' dir='ltr'>ille</span> <span class='ocrx_word' id='word_1_234' title='bbox 1870 3417 1991 3499; x_wconf 91' lang='lat' dir='ltr'>qui</span> <span class='ocrx_word' id='word_1_235' title='bbox 2041 3415 2191 3478; x_wconf 89' lang='lat' dir='ltr'>eius</span> <span class='ocrx_word' id='word_1_236' title='bbox 2224 3424 2474 3478; x_wconf 87' lang='lat' dir='ltr'>auctor</span> <span class='ocrx_word' id='word_1_237' title='bbox 2522 3423 2649 3494; x_wconf 85' lang='lat' dir='ltr'>est,</span> <span class='ocrx_word' id='word_1_238' title='bbox 2684 3413 2880 3476; x_wconf 88' lang='lat' dir='ltr'>Deus</span> 
     </span>
    </p>
   </div>
   <div class='ocr_carea' id='block_1_4' title="bbox 331 3519 2879 3695">
    <p class='ocr_par' dir='ltr' id='par_1_4' title="bbox 331 3519 2879 3695">
     <span class='ocr_line' id='line_1_29' title="bbox 331 3519 2879 3604; baseline -0.001 -21"><span class='ocrx_word' id='word_1_239' title='bbox 331 3531 558 3584; x_wconf 89' lang='lat' dir='ltr'>noster</span> <span class='ocrx_word' id='word_1_240' title='bbox 605 3521 944 3588; x_wconf 82' lang='lat' dir='ltr'>Christus,</span> <span class='ocrx_word' id='word_1_241' title='bbox 1039 3523 1152 3585; x_wconf 88' lang='lat' dir='ltr'>Ex</span> <span class='ocrx_word' id='word_1_242' title='bbox 1200 3523 1502 3604; x_wconf 86' lang='lat' dir='ltr'>Vienna,</span> <span class='ocrx_word' id='word_1_243' title='bbox 1553 3523 1669 3586; x_wconf 93' lang='lat' dir='ltr'>die</span> <span class='ocrx_word' id='word_1_244' title='bbox 1718 3522 2108 3587; x_wconf 88' lang='lat' dir='ltr'>Tricesima</span> <span class='ocrx_word' id='word_1_245' title='bbox 2156 3521 2424 3584; x_wconf 86' lang='lat' dir='ltr'>Mensis</span> <span class='ocrx_word' id='word_1_246' title='bbox 2450 3519 2617 3600; x_wconf 90' lang='lat' dir='ltr'>Julii</span> <span class='ocrx_word' id='word_1_247' title='bbox 2666 3521 2879 3582; x_wconf 88' lang='lat' dir='ltr'>Anno</span> 
     </span>
     <span class='ocr_line' id='line_1_30' title="bbox 333 3627 1088 3695; baseline 0.005 -4"><span class='ocrx_word' id='word_1_248' title='bbox 333 3627 602 3692; x_wconf 87' lang='lat' dir='ltr'>Domini</span> <span class='ocrx_word' id='word_1_249' title='bbox 647 3629 1088 3695; x_wconf 83' lang='lat' dir='ltr'>MDXXIV.</span> 
     </span>
    </p>
   </div>
   <div class='ocr_carea' id='block_1_5' title="bbox 741 3762 1089 3829">
    <p class='ocr_par' dir='ltr' id='par_1_5' title="bbox 741 3762 1089 3829">
     <span class='ocr_line' id='line_1_31' title="bbox 741 3762 1089 3829; baseline 0.009 -3"><span class='ocrx_word' id='word_1_250' title='bbox 741 3763 822 3828; x_wconf 85' lang='lat' dir='ltr'>E.</span> <span class='ocrx_word' id='word_1_251' title='bbox 873 3763 946 3826; x_wconf 76' lang='lat' dir='ltr'>S.</span> <span class='ocrx_word' id='word_1_252' title='bbox 994 3762 1089 3829; x_wconf 90' lang='lat' dir='ltr'>V.</span> 
     </span>
    </p>
   </div>
   <div class='ocr_carea' id='block_1_6' title="bbox 1404 3898 2242 3963">
    <p class='ocr_par' dir='ltr' id='par_1_6' title="bbox 1404 3898 2242 3963">
     <span class='ocr_line' id='line_1_32' title="bbox 1404 3898 2242 3963; baseline 0 -16"><span class='ocrx_word' id='word_1_253' title='bbox 1404 3899 1641 3949; x_wconf 89' lang='lat' dir='ltr'>Humilis</span> <span class='ocrx_word' id='word_1_254' title='bbox 1678 3907 1730 3948; x_wconf 86' lang='lat' dir='ltr'>et</span> <span class='ocrx_word' id='word_1_255' title='bbox 1767 3901 2065 3963; x_wconf 86' lang='lat' dir='ltr'>obsequens</span> <span class='ocrx_word' id='word_1_256' title='bbox 2102 3898 2242 3948; x_wconf 87' lang='lat' dir='ltr'>filius</span> 
     </span>
    </p>
   </div>
   <div class='ocr_carea' id='block_1_7' title="bbox 1349 4004 2749 4199">
    <p class='ocr_par' dir='ltr' id='par_1_7' title="bbox 1349 4004 2749 4199">
     <span class='ocr_line' id='line_1_33' title="bbox 1349 4004 2292 4068; baseline -0.003 -3"><span class='ocrx_word' id='word_1_257' title='bbox 1349 4004 1737 4068; x_wconf 64' lang='lat' dir='ltr'>fflffllllssmlufl</span> <span class='ocrx_word' id='word_1_258' title='bbox 1800 4013 1967 4062; x_wconf 89' lang='lat' dir='ltr'>Arch.</span> <span class='ocrx_word' id='word_1_259' title='bbox 2024 4013 2292 4062; x_wconf 84' lang='lat' dir='ltr'>Austriae.</span> 
     </span>
     <span class='ocr_line' id='line_1_34' title="bbox 2383 4125 2749 4199; baseline 0.003 -13"><span class='ocrx_word' id='word_1_260' title='bbox 2383 4126 2464 4187; x_wconf 72' lang='lat' dir='ltr'>la.</span> <span class='ocrx_word' id='word_1_261' title='bbox 2502 4125 2749 4199; x_wconf 68' lang='lat' dir='ltr'>spiam.</span> 
     </span>
    </p>
   </div>
  </div>
 </body>
</html>
