3575 5775
1640 568 2134 625 0-43566&

606 718 767 783 dem
816 716 991 781 nihil
1039 716 1371 783 videbam
1418 726 1719 798 propter
1782 716 1974 797 quod
2037 715 2300 779 Vestra
2365 713 2752 779 Beatitudo
2821 711 3162 777 contineri

605 834 851 907 posset
893 846 943 888 a
984 825 1329 889 mittendo
1378 826 1619 907 legato
1639 873 1657 906 ,
1724 840 1935 905 quam
2002 824 2054 887 si
2123 821 2448 905 preteriti
2505 820 2845 905 temporis
2891 822 3166 885 ratione

605 940 1045 1006 moveretun
1096 932 1364 1013 quippe
1414 933 1603 1013 quod
1652 932 1838 995 forte
1873 931 2226 1013 cogitaret
2254 928 2622 1011 antiquum
2654 927 3166 993 Germanorum

604 1040 1319 1104 morem·obsoletum
1368 1060 1525 1102 esse
1574 1059 1787 1121 quum
1837 1046 2050 1101 antea
2095 1037 2634 1102 consuevissent
2681 1034 2946 1100 Sedem
2976 1037 3164 1117 Apo-

609 1145 1297 1216 stolicam·revereri
1346 1156 1419 1210 et
1468 1164 1783 1228 quosque
1835 1167 2002 1209 suos
2048 1148 2465 1217 observare;
2531 1144 2673 1207 iam
2743 1152 2979 1205 autem
3011 1160 3166 1205 con·

488 1278 499 1285 ·
606 1262 943 1315 temnere·
968 1262 1043 1315 et
1092 1273 1216 1315 eos
1262 1253 1570 1316 ludibrio
1618 1254 1888 1316 habere
1937 1262 2022 1317 ut·
2061 1253 2119 1315 si
2169 1252 2326 1333 quis
2371 1250 2682 1313 maxima
2742 1249 2954 1314 etiam
3025 1250 3164 1331 pol·

608 1361 770 1422 leat.
803 1360 1189 1440 ‘prudentia
1248 1372 1333 1423 et
1404 1359 1796 1441 gravitate,
1865 1360 1990 1421 -vtix
2051 1366 2290 1421 tamen
2352 1356 2626 1441 sperari
2685 1356 2918 1439 possit
2979 1359 3168 1438 quod

608 1465 878 1547 aliquid
944 1465 1293 1547 proficere
1351 1475 1597 1547 queat;
1672 1468 1763 1527 ob
1835 1466 1971 1527 hoc
2048 1464 2284 1527 studui
2357 1466 2723 1528 declarare
2793 1484 2937 1525 non
3008 1463 3168 1525 ideo

610 1573 839 1635 minus
888 1593 1032 1635 rem
1086 1575 1319 1636 denuo
1370 1594 1525 1636 esse
1572 1575 1986 1637 tentandam
2035 1592 2126 1635 ex
2177 1572 2510 1654 Apostoli
2552 1574 2977 1634 documento
3033 1588 3169 1652 quo

609 1688 849 1743 monet
896 1701 1025 1744 nos
1074 1691 1151 1743 ut
1208 1680 1468 1763 iugiter
1537 1682 1910 1760 instemus,
1957 1680 2450 1761 ,increpemuffi
2522 1698 2898 1760 operemur
2959 1687 3033 1741 et
3098 1678 3170 1740 in

611 1785 800 1849 omni
833 1790 1023 1850 bono
1060 1808 1279 1871 opere
1312 1787 1806 1869 invigilemus:
1853 1789 1978 1849 sed
2014 1807 2290 1867 vereor,
2329 1788 2466 1848 Bme
2498 1784 2583 1847 Pr
2632 1806 2723 1848 ne
2755 1784 2910 1847 fieri
2947 1784 3172 1866 possit

613 1896 878 1976 (preter
926 1902 1161 1957 tamen
1229 1894 1668 1985 propositum
1702 1878 1707 1886 ⁴
1744 1901 1816 1957 et
1873 1871 2280 1976 opinionem
2342 1896 2593 1973 meam)
2656 1894 2848 1976 quod
2913 1892 3169 1974 aliquis

613 2001 993 2063 arbitretur
1056 2022 1168 2064 me
1224 2011 1475 2065 taxare
1512 1982 1835 2065 ’voluisse
1904 2002 2200 2065 consilia
2261 2008 2334 2064 et
2397 2002 2713 2064 actiones
2779 2001 3170 2083 aliquorum

618 2108 735 2189 qui
785 2109 1085 2170 antehac
1137 2110 1451 2191 legatum
1501 2120 1803 2190 egerunt
1865 2108 1938 2170 in
1989 2108 2400 2187 Germania,
2465 2109 2664 2190 quasi
2725 2109 2952 2171 minus
3015 2127 3169 2189 pru-

612 2214 875 2277 denter«
914 2235 1043 2279 res
1101 2215 1279 2279 istas
1366 2226 1675 2279 tractare
1746 2216 2122 2294 sciverint,
2185 2236 2399 2297 quum
2460 2227 2698 2281 tamen
2759 2215 3021 2279 nemini
3088 2215 3175 2277 sit

612 2324 987 2386 obscurum
1050 2334 1126 2387 et
1172 2323 1354 2387 'mihi
1416 2323 1759 2401 maxime,
1829 2324 2087 2387 horum
2162 2342 2425 2404 magna
2499 2344 2589 2386 ex
2665 2335 2870 2405 parte
2929 2320 3172 2401 insciO,

612 2429 977 2510 precipue.
1008 2431 1099 2493 de
1138 2431 1392 2493 ultimo
1431 2431 1595 2493 ·R¹¹²⁰
1641 2431 1886 2511 legato
1957 2450 2119 2511 su0,
2193 2448 2402 2511 quam
2475 2430 2894 2513 diligenter,
2967 2448 3172 2510 quam

615 2535 897 2617 placide
941 2554 1154 2616 >quam
1204 2536 1571 2601 indefesse
1612 2549 1683 2598 et
1731 2538 2438 2619 circumspectissime
2487 2537 2724 2599 omnia
2769 2557 2900 2617 per
2948 2537 3172 2616 ipsum

614 2650 919 2705 tractata
954 2644 1254 2721 suerint,
1298 2652 1377 2705 ut
1424 2654 1760 2726 quantum
1811 2646 1902 2707 ad
1932 2643 2164 2726 ipsum
2211 2644 2486 2724 attinet,
2523 2644 2694 2707 nihil
2723 2644 2939 2706 fuerit
2985 2642 3172 2723 quod

614 2749 843 2831 magis
894 2749 1285 2813 desiderari
1332 2750 1711 2833 potuisset;
1768 2772 1999 2833 neque
2047 2770 2186 2832 ego
2238 2754 2417 2813 adeo
2469 2752 2890 2813 inhumanus
2939 2764 3012 2811 et
3059 2750 3175 2811 im-

615 2854 779 2938 pius
814 2877 1049 2921 essem
1086 2856 1213 2938 qui
1262 2858 1355 2920 de
1402 2856 1615 2922 tantis
1662 2856 1831 2920 viris
1881 2858 2172 2940 obloqui
2211 2859 2566 2940 auderem,
2596 2857 2940 2940 precipue
2989 2856 3176 2939 quod

616 2963 689 3026 id
732 2965 826 3028 sit
873 2986 917 3028 a
963 2966 1137 3028 meis
1186 2965 1500 3030 moribus
1550 2964 1850 3028 alienum
1905 2976 1976 3028 et
2023 2967 2206 3029 male
2258 2965 2414 3046 quis
2464 2965 2754 3046 obloqui
2786 2965 3014 3049 possit
3061 2963 3176 3026 ubi

620 3069 1019 3136 nihil.vitio
1058 3073 1284 3141 ,tribui
1329 3081 1585 3154 potest.
1704 3071 1866 3136 Non
1938 3070 2071 3134 fuit
2135 3073 2268 3136 iste
2341 3071 2613 3136 animus
2687 3091 2819 3134 nec
2881 3069 3175 3134 intentio

619 3199 775 3242 mea
821 3199 1142 3260 prorsum
1216 3199 1475 3261 nempe
1536 3180 1667 3242 hec
1741 3179 1907 3258 quia
1969 3178 2317 3242 inscitiam
2365 3177 2880 3242 Germanorum
2931 3188 3178 3241 taxare

624 3286 818 3349 volui
860 3286 1011 3367 qui.
1038 3307 1215 3367 quos
1261 3283 1590 3351 venerari
1642 3293 1711 3346 et
1761 3288 2150 3348 observare
2199 3286 2563 3365 deberent,
2615 3305 2738 3348 eos
2767 3285 2906 3348 iam
2956 3283 3178 3346 minus

620 3392 1362 3475 honeste..suscipiunt
1408 3403 1483 3458 et
1527 3396 1743 3476 longe
1794 3393 2000 3456 aliter
2047 3399 2358 3456 tractant
2404 3411 2614 3472 quam
2663 3412 2740 3454 se
2805 3391 3002 3472 ipsos
3067 3390 3176 3452 de·

622 3509 856 3581 ceret,
918 3507 993 3561 ut
1057 3500 1295 3580 potius
1363 3500 1718 3564 contemni
1783 3511 1854 3563 et
1924 3500 2232 3563 ludibrio
2305 3519 2462 3562 esse
2528 3497 2904 3562 videantur
2977 3517 3182 3578 quam

626 3608 819 3688 quod
868 3609 1337 3670 observentur
1384 3617 1457 3671 et
1501 3607 1815 3689 ipsorum
1856 3606 2178 3691 ‚consiliis
2229 3617 2298 3668 et
2345 3604 2668 3670 doctrine
2717 3625 2888 3668 sane
2939 3623 3181 3668 eorun-

626 3714 791 3776 dem
836 3714 1323 3778 adherendum
1372 3735 1529 3780 esse
1594 3723 1878 3798 putent3
1943 3716 2038 3776 ob
2100 3716 2234 3776 hoc
2298 3714 2484 3776 enim
2549 3732 2762 3794 quum
2824 3711 3018 3774 missi
3081 3707 3184 3772 sui

626 3822 817 3902 apud
867 3819 1263 3883 Germanos
1313 3823 1447 3884 hoc
1496 3821 1735 3903 iniquo
1783 3833 2108 3903 tempore
2157 3821 2228 3883 in
2279 3819 2514 3900 aliqua
2559 3817 3008 3900 reputatione
3047 3837 3180 3879 non

624 3929 998 4008 habentur,
1048 3927 1119 3989 in
1166 3948 1311 4009 qua
1358 3948 1486 3991 nec
1535 3941 1768 3992 vestra
1810 3927 2193 3992 Beatitudo
2243 3927 2302 3990 si
2349 3926 2728 3988 interesset
2775 3925 2879 4011 (ut
2911 3925 3184 4004 vereor)

625 4036 1031 4114 haberetur,
1083 4035 1655 4116 subdubitabam‚
1707 4057 1796 4100 ne
1846 4036 2062 4098 ilhinc
2112 4033 2477 4097 consilium
2523 4031 2734 4095 iniret
2781 4032 3003 4114 legati
3049 4052 3182 4094 am-

630 4141 817 4223 plius
865 4161 1004 4204 non
1056 4141 1492 4220 destinandi,
1550 4152 1850 4226 propter
1899 4142 2087 4224 quod
2145 4143 2370 4204 solum
2439 4139 2613 4204 illud
2675 4142 2972 4203 verbum
3031 4159 3182 4222 pro-

626 4247 776 4327 tuli,
828 4267 967 4309 non
1028 4249 1240 4310 etiam
1303 4251 1493 4330 quod
1542 4249 1872 4330 dignitati
1935 4248 2321 4330 cuiuspiam
2386 4247 2762 4310 detrahere
2827 4246 3185 4326 voluerim,

628 4354 749 4415 ubi
802 4357 1025 4436 magis
1086 4357 1561 4420 commendari
1620 4364 1976 4420 merentur
2035 4373 2244 4436 quam
2302 4351 2628 4419 incusari.
2721 4353 2960 4434 Quare
3021 4352 3188 4414 Vre.

634 4463 705 4523 B.
742 4463 1284 4543 supplicandum
1313 4463 1561 4546 putavi
1606 4475 1684 4526 ut
1730 4465 2030 4526 verbum
2059 4481 2290 4525 meum
2329 4462 2583 4524 eodem
2631 4480 2842 4523 sensu
2889 4458 3189 4543 accipiat

634 4569 1065 4650 expositioni
1114 4581 1185 4633 et
1231 4570 1808 4653 interpretationi
1854 4589 2012 4632 mee
2045 4567 2412 4647 conformi,
2463 4587 2603 4630 non
2646 4567 2858 4630 etiam
2902 4565 3025 4629 illo
3072 4566 3186 4647 qui

636 4676 853 4741 menti
888 4695 1042 4743 mee
1072 4678 1357 4758 penitus
1390 4681 1830 4758 adversetur,
1882 4675 2192 4758 alioquin
2239 4674 2444 4738 fieret
2475 4674 2664 4757 quod
2705 4693 2844 4756 ego
2893 4673 2983 4736 de
3028 4671 3187 4736 hinc

637 4805 917 4850 manum
968 4784 1405 4852 continerem
1452 4807 1495 4848 a
1542 4785 1796 4850 litteris
1846 4783 2259 4863 scribendis,
2308 4779 2604 4845 sialiter
2647 4782 2868 4842 verba
2915 4781 3188 4860 prolata

636 4911 798 4956 esse
856 4891 1423 4974 intelligerentur
1488 4911 1697 4975 quam
1746 4911 1885 4974 ego
1955 4890 2076 4954 illa
2122 4888 2447 4970 proferre
2479 4886 2900 4961 voluissem3
2965 4887 3090 4950 sed
3119 4895 3184 4948 et
