3575 5775
1683 594 2175 651 oe<235648>0

650 742 1035 806 Presertim
1116 740 1238 805 ubi
1303 763 1491 805 nunc
1557 740 1799 825 Regie
1859 742 2219 806 Maiestati
2276 741 2585 806 Domino
2640 751 2885 805 nostro
2951 740 3203 824 gratio·

647 848 922 913 sissimo
970 850 1354 913 humillime
1403 858 1475 912 et
1521 848 1797 913 sincere
1845 849 2217 913 scribimus
2263 849 2465 913 istius
2511 849 2618 912 rei
2681 848 2936 931 gratia,
2999 867 3205 930 quam

647 940 886 1019 coram
935 954 1082 1020 Sua
1132 954 1355 1019 Sacra
1402 954 1781 1021 Maiestate
1831 976 1962 1020 nos
2009 956 2081 1020 in
2132 956 2340 1021 aliam
2387 966 2666 1038 partem
2715 973 2924 1039 quam
2970 976 3206 1019 sumus

647 1048 964 1127 nonnulli
1010 1062 1369 1127 hominum
1417 1061 2008 1145 interpretantur,
2072 1084 2158 1126 ac
2221 1066 2439 1146 longe
2502 1064 2710 1126 aliter
2767 1083 2976 1145 quam
3024 1063 3205 1127 ratio

644 1170 797 1233 veri
828 1170 1069 1234 ‘dictat
1104 1156 1535 1254 depingunt.
1602 1168 1888 1255 Quippe
1937 1170 2318 1234 amicitiam
2363 1171 2556 1234 illam
2601 1190 2816 1253 quam
2859 1190 3006 1233 una
3051 1190 3206 1232 curn

644 1274 1123 1342 Illustrissimo
1160 1271 1375 1341 'Duce
1439 1287 1511 1340 et
1568 1276 1878 1341 Domino
1935 1275 2243 1341 Domino
2309 1276 2564 1341 Carolo
2631 1276 2972 1360 Principe
3029 1276 3204 1339 Min-

644 1384 1092 1466 stebergensi
1146 1384 1393 1467 Regni
1450 1402 1732 1467 quoque
1778 1380 2501 1469 Boemie‘capitaneo
2549 1394 2682 1448 etc.
2735 1394 2807 1447 et
2853 1402 3206 1465 generoso

642 1490 951 1557 Domino
996 1484 1305 1556 Domino
1354 1490 1598 1556 Leone
1644 1491 2048 1573 Burgi-avio
2098 1490 2468 1574 Pragensi,
2517 1510 2602 1555 ac
2641 1490 2900 1555 ceteris
2943 1490 3206 1573 prefati

647 1596 895 1681 Regni
945 1598 1370 1663 officialibus
1429 1600 1774 1661 habemus
1836 1598 2324 1662 adscribentes
2384 1600 2457 1661 in
2517 1598 2896 1681 pernitiem
2959 1598 3206 1680 Regni

647 1706 1173 1788 maximumque
1222 1703 1461 1789 Regie
1516 1704 1916 1769 Maiestatis
1972 1706 2492 1787 detrimentum,
2533 1705 2878 1768 iacturam
2924 1722 3208 1785 quoque

642 1812 1251 1877 irrestaurabilem
1314 1810 1505 1876 fore:
1588 1814 1777 1895 quod
1843 1832 1974 1875 nos
2035 1812 2262 1876 libere
2315 1830 2568 1894 purum
2641 1811 3080 1875 mendatium
3138 1822 3209 1874 et

644 1939 913 1982 meram
964 1940 1121 1983 esse
1168 1911 1485 1983 fabulam
1532 1918 1857 2003 profiteri
1905 1927 1978 1981 et
2021 1920 2264 1983 dicere
2313 1921 2675 2000 audemus,
2722 1930 2799 1981 ut
2848 1928 2920 1981 et
2963 1917 3208 2000 Regia

638 2021 985 2089 Maiestas
1044 2022 1265 2090 -facile
1323 2025 1665 2109 colligere
1710 2026 1980 2108 poterit
2025 2046 2117 2088 ex
2164 2024 2453 2105 litteris,
2521 2046 2700 2108 quas
2769 2024 2916 2089 Sue
2983 2022 3207 2088 Sacre

639 2128 999 2196 Maiestati
1044 2132 1380 2197 mittimus
1422 2132 1689 2196 'Vestre
1736 2150 2018 2214 quoque
2087 2130 2458 2195 Nobilitati
2532 2133 2921 2195 earundem
2969 2152 3204 2195 exem—

639 2225 798 2322 plar
842 2228 1203 2322 ydiomate
1252 2231 1471 2303 latino
1520 2238 1980 2324 profaciliore
2027 2240 2394 2302 intellectu
2463 2238 2964 2320 conscriptum.
3061 2238 3207 2301 Ubi

641 2348 891 2409 saltem
940 2343 1013 2409 id
1061 2348 1345 2410 unicum
1390 2346 1737 2429 petimus,
1801 2354 1878 2408 ut
1923 2344 2326 2409 Eminentia
2374 2346 2640 2409 Vestra
2693 2343 2913 2408 Sacre
2965 2344 3210 2427 Regie

637 2440 1000 2517 Maiestati
1047 2456 1453 2535 consulere,
1522 2471 1860 2538 suamque
1925 2452 2236 2533 Regiam
2301 2453 2752 2517 Maiestatem
2813 2454 2905 2515 ad
2965 2452 3046 2515 id
3107 2452 3203 2515 in-

642 2554 925 2624 clinare
956 2559 1129 2624 velit
1177 2571 1249 2623 et
1296 2557 1651 2641 dignetur,
1702 2578 1841 2642 quo
1892 2556 2038 2621 Sua
2087 2556 2313 2622 Sacra
2341 2558 2684 2622 Maiestas
2733 2560 2942 2623 nobis
2990 2558 3204 2622 fidem

640 2646 981 2729 adhibeat
1040 2666 1255 2749 inque
1318 2676 1631 2730 nostram
1698 2670 2121 2731 sententiam
2187 2666 2420 2729 animo
2493 2677 2646 2741 eat;
2697 2686 2788 2731 ex
2861 2686 2946 2729 eo
3019 2665 3206 2731 enim

641 2769 1015 2854 cognitura
1062 2782 1171 2837 est
1218 2783 1290 2838 et
1320 2774 1653 2837 habitura
1682 2771 1832 2836 Sua
1859 2773 2202 2837 Maiestas
2247 2774 2616 2855 copiosum
2663 2773 2968 2836 fructum
3015 2782 3202 2837 tran-

644 2877 865 2962 quilla
912 2880 984 2945 in
1031 2880 1299 2965 Regno
1349 2880 1642 2946 Boemie
1691 2883 2211 2964 gubernacula,
2285 2890 2357 2944 et
2421 2883 2611 2966 quod
2661 2880 2915 2944 dicitur
2963 2878 3202 2944 Satur-

638 2987 761 3050 nia
804 2989 1139 3052 redibunt
1184 2999 1529 3073 tempora.
1621 2989 1713 3052 Et
1775 2988 1836 3051 si
1879 2989 1998 3052 ille
2049 2988 2551 3053 celeberrimus
2615 2985 2997 3052 Sacrarum
3057 2989 3198 3050 Re·

638 3095 915 3176 giarum
962 3095 1415 3160 Maiestamm
1472 3097 1761 3160 Domini
1811 3096 2192 3176 Ludovici,
2277 3105 2352 3160 et
2409 3096 2699 3160 Domini
2765 3095 3202 3176 Sigismundi

646 3202 994 3286 Ungarie‚
1048 3201 1343 3276 Boemie
1396 3213 1468 3268 et
1519 3203 1822 3268 Polonie
1893 3214 2024 3266 ete.
2082 3203 2372 3285 Regum
2419 3203 2877 3266 Dominorum
2933 3212 3202 3266 nostro·

636 3329 789 3372 rum
839 3308 1543 3388 clementissimorum
1592 3309 1884 3372 Posonii
1915 3313 2033 3374 vel
2075 3308 2433 3373 Olomutio
2483 3311 2586 3391 (ut
2632 3310 2938 3390 auditur)
2986 3309 3202 3372 fuerit

636 3425 1063 3498 conventus,
1148 3417 1247 3479 ibi
1322 3437 1563 3481 coram
1633 3418 1774 3480 suis
1871 3417 2362 3480 sacratissimis
2427 3417 2926 3481 Maiestatibus
2984 3417 3200 3480 facile

639 3525 1091 3586 ostendemus
1139 3533 1211 3586 et
1268 3523 1654 3587 efficiemus
1703 3526 1920 3606 longe
1968 3525 2172 3587 aliter
2236 3546 2385 3588 rem
2447 3527 2716 3588 habere
2778 3544 2983 3606 quam
3033 3523 3200 3585 fidei

635 3631 878 3692 hostes
927 3631 1017 3693 de
1065 3631 1271 3694 nobis
1317 3631 1388 3694 in
1437 3629 1751 3713 Regiam
1799 3631 2248 3697 Maiestatem
2297 3632 2722 3712 detulerunt,
2771 3629 3026 3712 quibus
3067 3651 3199 3692 nos

635 3738 1133 3818 perogativam
1200 3738 1271 3800 in
1334 3739 1699 3819 querendo
1766 3738 2033 3820 publici
2096 3736 2266 3801 boni
2324 3737 2569 3818 Regni
2629 3737 2923 3801 Boemie
2973 3746 3045 3800 et
3093 3757 3195 3800 re-

636 3843 752 3925 gie
800 3844 1196 3908 Maiestatis
1245 3846 1616 3907 commodo
1678 3864 1817 3907 non
1888 3845 2211 3907 dabimus
2273 3863 2406 3906 nec
2452 3846 2570 3906 vel
2617 3844 2966 3907 tantillum
3001 3844 3196 3927 quip—

633 3952 825 4034 piam
871 3953 961 4015 de
1011 3973 1097 4015 ea
1145 3953 1633 4016 concedemus,
1713 3951 1858 4014 Ubi
1907 3963 2140 4014 autem
2192 3954 2283 4013 ad
2311 3949 2834 4014 Sublimitatem
2860 3950 3195 4014 Vestram

631 4079 763 4140 per
810 4059 1087 4141 aliquos
1147 4062 1391 4122 hostes
1435 4056 1605 4120 fidei
1654 4057 2050 4121 Christiane
2118 4069 2188 4120 et
2249 4069 2531 4120 nostros
2593 4057 2781 4120 fama
2841 4058 2929 4119 de
2988 4057 3195 4121 nobis

630 4164 961 4246 pervenit
1008 4185 1215 4249 quam
1265 4164 1677 4228 sublimitati
1725 4164 1986 4227 Vestre
2032 4164 2104 4228 in
2153 4164 2483 4247 negoti0,
2557 4165 2748 4246 quod
2819 4167 2910 4226 ad
2983 4163 3192 4226 fidem

638 4273 927 4353 attinet,
997 4274 1221 4335 verba
1290 4272 1608 4334 dicemus
1632 4318 1649 4350 ,
1722 4271 2164 4354 postulamus
2226 4273 2691 4335 vehementer
2753 4281 2826 4334 et
2887 4270 3192 4333 subnixe

632 4397 1010 4460 precamur
1080 4397 1220 4443 non
1303 4379 1641 4442 adhibeat
1710 4377 2112 4441 huiusmodi
2187 4379 2708 4444 narrationibus
2779 4377 3192 4442 Sublimitas

634 4485 898 4547 Vestra
944 4485 1157 4548 fidem
1228 4505 1365 4567 que
1432 4485 1603 4548 nihil
1654 4485 1847 4548 aliud
1895 4483 1968 4547 in
2030 4505 2108 4548 se
2178 4487 2449 4549 habent
2515 4507 2726 4568 quam
2772 4486 3070 4550 livorem
3119 4496 3190 4548 et

634 4602 827 4653 certe
862 4592 1214 4655 'mellitum
1281 4601 1443 4656 sunt
1490 4593 1716 4663 virus;
1793 4593 2107 4654 nondum
2169 4593 2354 4662 enim
2403 4593 2494 4654 de
2543 4592 2690 4657 hoc'
2724 4593 3016 4673 negotio
3061 4611 3192 4674 per

635 4697 945 4778 Regiam
1016 4699 1465 4762 Maiestatem
1536 4699 1802 4762 indicta
1848 4698 1981 4760 fuit
2041 4700 2111 4760 in
2175 4699 2440 4781 Regno
2505 4700 2796 4764 Boemie
2845 4699 3074 4782 dieta,
3121 4698 3188 4760 in

616 4825 773 4885 ⁴qua
841 4804 1257 4868 relationem
1355 4815 1594 4869 nostre
1683 4806 2062 4886 legationis
2146 4805 2561 4873 faceremus,
2673 4806 2959 4870 Efficiat
3016 4825 3187 4887 ergo

634 4912 977 4976 celsitudo
1026 4923 1267 4975 vestra
1313 4933 1647 4995 rogamus
1694 4915 1884 4995 apud
1935 4913 2244 4994 Regiam
2277 4914 2728 4977 Maiestatem
2766 4935 2894 4977 nec
2931 4913 3188 4978 diutius
