3575 5775
1532 529 2026 587 0—434528m

1707 785 1836 848 ‘208

769 900 1215 1002 Margherita
1269 899 1780 980 Archiducissa
1835 836 2170 980 nustriae
2227 901 2573 982 Clementi
2628 903 2786 982 VII.

646 1048 782 1120 (Sub
814 1048 1096 1107 Clemente
1124 1045 1247 1106 Vn.
1284 1047 1521 1106 Lettere
1554 1047 1614 1106 cli
1650 1047 1864 1106 diversi
1892 1048 2137 1122 Principi
2174 1049 2236 1108 et.
2263 1047 2422 1106 altri.
2461 1049 2606 1108 1525.
2641 1050 2770 1122 fogl.
2800 1049 2925 1116 11¹7.)

1514 1166 1623 1233 (18.
1684 1168 1814 1216 Maii
1881 1166 2056 1232 1525.)

682 1293 1100 1356 Beatissime
1132 1313 1214 1355 ac
1240 1290 1697 1354 Sanctissime
1723 1291 1938 1354 Pater
1962 1303 2128 1373 post
2152 1293 2610 1356 humillimam
2637 1303 2709 1356 et
2735 1294 3066 1356 devotam

504 1422 727 1483 usque
778 1401 872 1462 ad
916 1409 1311 1462 vestrorum
1353 1418 1713 1460 sacrorum
1766 1399 2028 1480 pedum
2074 1400 2316 1460 oscula
2363 1399 3070 1462 commendationem.

684 1524 1107 1590 Beatissime
1160 1525 1373 1586 Pater
1436 1523 1677 1587 literas
1743 1521 2156 1586 Sanctitatis
2205 1524 2466 1587 Vestre
2516 1523 2584 1586 in
2635 1524 2860 1588 forma
2913 1527 3061 1588 bre-

504 1636 613 1697 vis
684 1636 815 1697 sub
878 1631 1074 1694 XXI
1134 1651 1361 1712 nuper
1426 1630 1607 1711 lapsi
1656 1630 1930 1712 Aprilis
1991 1631 2083 1692 ad
2141 1650 2252 1692 me
2320 1631 2597 1693 delatas
2658 1642 3070 1695 reverenter

508 1741 773 1822 recepi,
823 1740 1245 1820 illarumque
1294 1750 1675 1820 perspecto
1726 1747 1974 1800 tenore
2024 1757 2162 1799 non
2214 1757 2502 1818 possum
2570 1759 2712 1800 non
2777 1737 2909 1801 nisi
2955 1760 3068 1801 ve-

504 1852 876 1913 hementer
922 1845 1277 1926 admirari,
1326 1846 1515 1926 quod
1567 1845 1818 1907 eadem
1867 1843 2227 1906 Sanctitas
2277 1843 2539 1906 Vestra
2587 1865 2699 1906 me
2747 1846 3072 1908 adhorte-

508 1967 621 2020 tur
669 1966 744 2017 ut
793 1962 1055 2017 sectam
1091 1951 1553 2015 lucterianam
1602 1951 1673 2014 in
1723 1952 2058 2015 comitatu
2113 1951 2524 2032 Hollandie,
2581 1955 2793 2016 valde
2840 1955 3072 2032 valde,

508 2074 585 2127 ut
655 2063 939 2142 asserit,
1014 2062 1512 2142 pullulantem,
1578 2058 1876 2139 aliisque
1933 2059 2003 2120 in
2067 2059 2451 2140 provinciis
2515 2060 2868 2140 gubernio
2917 2080 3075 2123 meo

510 2171 817 2250 creditis·‚
869 2169 1233 2249 extirpare
1267 2187 1664 2249 procurem,
1712 2166 1780 2228 in
1811 2167 2088 2247 hocque
2122 2165 2402 2228 faveam
2438 2166 3074 2230 Reverendissimo

508 2281 577 2342 in
632 2279 913 2356 Christo
964 2277 1159 2339 Patri
1216 2275 1517 2338 Domino
1570 2274 1928 2338 Cardinali
1979 2272 2381 2354 Leodiensi,
2431 2273 2537 2335 cui
2590 2275 2838 2336 eadem
2881 2295 3072 2337 sane-

511 2389 675 2448 titas
725 2386 986 2447 Vestra
1035 2385 1124 2445 de
1176 2404 1260 2446 eo
1311 2383 1596 2444 uberius
1645 2381 1965 2464 scripsit:
2017 2401 2174 2442 cum
2230 2379 2582 2442 neminem
2641 2401 3070 2462 cognoscam

513 2493 947 2573 Principem,
997 2491 1115 2572 qui
1165 2510 1379 2571 super
1430 2490 1868 2552 extinctione.
1919 2489 2107 2550 dicte
2156 2497 2350 2549 secte
2401 2487 2792 2550 ferventius
2841 2509 2950 2550 me
2998 2510 3076 2550 re

418 2651 425 2656 .
517 2610 588 2662 et
653 2599 910 2662 effectu
979 2596 1477 2659 elaboraverit.
1586 2595 1677 2657 Et
1747 2607 1825 2657 ut
1885 2595 1959 2657 id
2030 2593 2467 2657 commodius
2533 2593 2736 2657 fieret
2803 2595 3078 2658 iusticia

515 2706 894 2784 mediante,
944 2702 1465 2766 commissarios
1495 2713 1640 2765 tres
1671 2701 2074 2783 spirituales
2111 2700 2299 2763 omni
2333 2700 2740 2782 exceptioni
2776 2701 3076 2764 maiores

516 2835 557 2875 a
608 2810 1239 2876 Reverendissimo
1292 2809 1599 2873 Domino
1650 2808 2010 2873 Cardinali
2069 2807 2158 2868 de
2210 2806 2635 2889 CampegiO,
2697 2811 2940 2890 legato
2989 2811 3078 2872 de

517 2923 739 2984 latere
790 2919 1202 2983 Sanctitatis
1252 2918 1555 2982 Vestrae
1586 2917 1655 2980 in
1693 2914 2098 2995 Germania,
2146 2916 2520 2996 impetravi
2557 2918 2714 2977 loco
2750 2916 3076 2998 Magistri

517 3026 877 3090 Francisci
953 3027 1041 3088 de
1113 3026 1326 3087 Hulst
1396 3024 1586 3105 layci
1671 3044 1880 3105 quem
1949 3043 2081 3105 pro
2155 3022 2504 3085 seditione
2577 3023 2916 3087 evitanda
2987 3027 3076 3086 ab

518 3133 863 3197 exercitio
914 3132 1124 3213 diete,
1177 3152 1419 3194 eorum
1463 3131 1934 3194 commissioni
1987 3148 2248 3191 vacare
2299 3149 2437 3190 non
2476 3142 2862 3210 cessarunt,
2911 3128 3076 3195 item

522 3244 712 3323 quod
764 3260 947 3321 equo
999 3250 1249 3320 sponte
1300 3238 1612 3300 currenti
1668 3236 1974 3300 calcaria
2045 3234 2450 3298 necessaria
2508 3256 2650 3298 non
2712 3237 2885 3316 sint,
2953 3240 3079 3301 sed

520 3348 819 3411 forsitan
900 3356 970 3408 et
1041 3345 1399 3407 Sanctitas
1470 3346 1729 3407 Vestra
1803 3346 2016 3425 longe
2102 3364 2145 3405 a
2205 3343 2508 3405 veritate
2570 3344 2805 3424 potuit
2866 3344 3078 3408 infor-

520 3456 714 3535 mari,
764 3474 895 3516 nec
946 3453 1399 3515 Hollandiam
1452 3452 1675 3534 magis
1725 3452 1982 3514 ceteris
2029 3449 2414 3533 provinciis
2479 3470 2564 3512 eo
2636 3450 2930 3515 crimine
2984 3452 3076 3515 in-

520 3563 779 3625 fectam
863 3563 1126 3625 latrare
1208 3559 1536 3643 expedit,
1641 3560 1760 3621 ubi
1837 3558 2020 3640 proh
2093 3559 2299 3621 dolor
2367 3559 2632 3619 nullam
2703 3558 3078 3622 immunem

520 3670 855 3742 sentiam:
908 3688 1153 3731 verum
1205 3677 1402 3729 tanta
1451 3688 1539 3729 ex
1592 3664 1978 3729 Germania
2027 3668 2382 3727 excitatur
2429 3664 2752 3727 confusio
2820 3674 2898 3727 ut
2947 3664 3078 3727 nisi

520 3778 719 3839 Deus
788 3777 941 3859 ipse
1008 3775 1358 3837 maximus
1419 3774 1796 3855 provideat
1859 3783 2074 3835 totam
2141 3770 2354 3833 fidem
2403 3779 2716 3833 nostram
2767 3770 3076 3835 christia-

522 3906 680 3949 nam
730 3885 1217 3948 conculcatam
1252 3893 1322 3945 et
1358 3880 1750 3944 nuiusmodi
1799 3890 2250 3961 prostratam,
2301 3879 2557 3941 nedum
2591 3878 2804 3941 video
2851 3880 3080 3961 primo

518 3992 679 4055 illos
739 3990 1099 4055 veneficos
1162 3990 1598 4052 Lucteristas
1647 3986 1952 4070 grandia
2021 3985 2307 4067 agmina
2370 3984 2674 4049 invicem
2735 3984 3084 4049 facientes

520 4101 789 4181 patrias
839 4119 1083 4161 omnes
1132 4097 1497 4175 invadere,
1546 4096 1824 4158 nobiles
1874 4092 2224 4171 occidere,
2275 4102 2346 4154 et
2393 4091 2604 4154 armis
2637 4112 2721 4154 ac
2761 4091 3085 4173 potentia

522 4218 691 4269 voto
742 4226 983 4269 eorum
1033 4204 1397 4283 subicere,
1456 4205 1863 4285 templaque
1934 4209 2328 4263 conventus
2393 4210 2463 4261 et
2526 4208 2760 4261 castra
2825 4218 3084 4279 rapere

523 4313 833 4395 spoliare
884 4323 953 4374 et
1020 4314 1173 4373 solo
1233 4330 1515 4392 equare.
1645 4310 1850 4372 Adeo
1919 4308 2108 4389 quod
2179 4306 2584 4370 necessario
2651 4305 2946 4386 expedit
3008 4304 3081 4369 S.

522 4419 610 4483 V.
659 4418 855 4481 vices
904 4418 1161 4480 Christi
1210 4419 1279 4480 in
1328 4416 1536 4479 terris
1585 4426 1958 4499 gerentem
2020 4414 2393 4496 Principes
2458 4432 2704 4475 omnes
2766 4412 3083 4476 christia·

523 4546 653 4588 nos
700 4524 769 4587 in
821 4545 1029 4586 unum
1083 4544 1483 4587 convocare
1534 4534 1603 4585 et
1652 4524 1741 4584 de
1790 4520 2106 4584 remedio
2157 4529 2509 4601 oportuno
2574 4520 2949 4583 consulere
3011 4530 3084 4583 et

522 4632 925 4715 providere.
1023 4631 1177 4712 Ego
1240 4631 1422 4692 enim
1490 4628 1868 4692 Cesaream
1914 4628 2366 4690 Maiestatem
2424 4644 2556 4706 pro
2606 4626 2851 4688 debito
2925 4646 3082 4689 meo

523 4743 612 4805 de
661 4738 795 4801 hiis
844 4738 1216 4801 certiorem
1264 4738 1424 4817 feci,
1476 4757 1751 4800 necnon
1802 4735 2391 4817 quemadmodum
2443 4730 2516 4795 S.
2567 4731 2656 4794 V.
2705 4730 3082 4813 superiori·

520 4850 655 4913 bus
704 4848 955 4909 diebus
1001 4865 1133 4928 per
1180 4846 1419 4908 literas
1469 4864 1631 4907 suas
1679 4844 1748 4906 in
1797 4844 2027 4906 forma
2088 4842 2328 4904 brevis
2377 4838 3083 4903 Reverendissimum
