3575 5775
1394 586 1889 650 &above-o

352 734 603 801 domos
650 734 1199 803 Teutonicorum
1262 740 1331 803 in
1403 738 1800 821 Stertzing,
1864 749 1934 803 et
1997 740 2334 821 Botzant,
2399 738 2653 805 multas
2714 738 2924 805 etiam

352 865 560 907 arces
610 846 955 909 nobilium
1002 847 1525 929 spoliaverunt,
1598 857 1668 909 et
1730 848 1802 911 in
1865 857 2132 911 tantam
2201 848 2390 911 versi
2437 860 2601 911 sunt
2647 849 2924 929 furiam,

350 964 429 1014 ut
480 974 637 1015 cum
672 954 1008 1036 Episcopi
1036 954 1496 1017 Tridentinus
1545 964 1617 1017 et
1665 954 2132 1035 BrixinensiS,
2181 975 2324 1017 non
2373 958 2720 1019 auderent
2769 978 2924 1019 cum

348 1059 765 1123 Archiduce
812 1059 883 1123 in
934 1060 1279 1143 Inspruch
1329 1062 1755 1139 consistere,
1816 1062 2260 1125 clandestina
2319 1060 2493 1143 fuga
2559 1064 2695 1126 sibi
2765 1084 2922 1146 pro·

348 1177 769 1248 spexerunt.
846 1166 1126 1231 Rustici
1178 1180 1606 1231 conventum
1655 1168 1896 1232 fecere
1943 1168 2017 1231 in
2063 1168 2314 1231 Meran
2362 1169 2628 1233 iniussu
2679 1172 2924 1233 Archi-

350 1272 587 1355 ducis,
664 1274 783 1356 qui
848 1276 939 1339 ad
1012 1277 1402 1339 sedandum
1486 1278 1858 1339 tumultum
1927 1276 2190 1339 dietam
2252 1277 2762 1357 provincialem
2830 1278 2924 1341 in-

349 1381 537 1443 dixit
594 1402 691 1459 13.
741 1381 929 1461 Junii
977 1384 1068 1445 ad
1118 1383 1482 1465 Inspruch.
1582 1383 1775 1445 Deus
1825 1384 2284 1462 benevertat,
2357 1382 2686 1464 quoniam
2735 1384 2928 1448 fama

357 1499 471 1550 est
520 1488 751 1551 omnis
812 1490 905 1551 ad
971 1488 1043 1551 id
1106 1491 1583 1571 conspirasse,
1648 1499 1726 1551 ut
1797 1489 2272 1571 Exangelium
2334 1510 2512 1572 pure
2576 1503 2648 1553 et
2703 1492 2926 1554 libere

354 1594 805 1677 predicetur,
868 1608 945 1659 ut
1001 1596 1491 1677 predicatores
1552 1598 1858 1679 relegati
1909 1600 2002 1660 ob
2065 1597 2418 1659 haeresim
2483 1608 2928 1677 revocentur,

351 1713 429 1764 ut
502 1701 1025 1766 Ecclesiasticis
1110 1702 1336 1766 omnis
1419 1703 1814 1767 iurisdictio
1892 1702 2230 1767 secularis
2296 1704 2695 1784 auferatur,
2769 1725 2924 1767 cum

350 1809 679 1891 pluribus
726 1810 906 1874 aliis.
980 1838 983 1843 ·

536 1917 658 1979 Ad
728 1914 939 1979 finem
998 1917 1169 1980 Maii
1230 1918 1585 1981 rebellant
1652 1916 1934 1981 Rustici
2015 1916 2081 1979 in
2154 1914 2571 2001 Saltzburg,
2642 1932 2714 1983 et
2785 1942 2925 1985 non

350 2024 573 2087 illatis
620 2023 899 2104 magnis
948 2024 1255 2105 damnis,
1307 2027 1595 2106 dempto
1643 2022 2076 2087 monasterio
2144 2024 2576 2089 Berchtolde
2651 2026 2925 2105 Graden,

356 2134 554 2213 quod
606 2130 860 2195 misere
909 2132 1448 2211 destruxerunt,
1512 2132 1884 2195 confestim
1963 2131 2240 2194 nobiles
2290 2142 2362 2195 et
2408 2134 2808 2215 oppidanos
2857 2136 2924 2198 in

354 2260 553 2302 suam
634 2248 1005 2301 traxerunt
1064 2238 1524 2317 sententiam,
1588 2238 1827 2319 itaque
1897 2258 2142 2301 omnes
2207 2248 2432 2302 status
2479 2242 2640 2303 laici
2687 2244 2925 2305 unani-

356 2346 567 2409 miter
619 2346 1189 2427 Archiepiscopo
1237 2349 1627 2409 rebellant:
1691 2347 1857 2409 Dux
1909 2346 2314 2409 Ludovicus
2362 2347 2714 2411 Bavariae
2761 2370 2926 2412 mox

355 2453 552 2517 iussu
600 2452 847 2517 fratris
896 2452 1263 2516 Wilhelmi
1330 2455 1422 2516 ad
1472 2452 1779 2517 confinia
1826 2453 2023 2517 venit
2071 2473 2228 2516 cum
2278 2454 2636 2517 sexcentis
2685 2456 2926 2537 equiti·

357 2565 515 2643 bus,
566 2571 879 2625 tractare
924 2560 1175 2642 incipit
1224 2562 1312 2623 de
1361 2581 1577 2643 pace:
1646 2572 1717 2623 et
1778 2563 1971 2624 bona
2033 2580 2199 2642 spes
2257 2572 2366 2623 est
2411 2562 2597 2625 hanc
2646 2562 2926 2625 seditio-

358 2689 523 2732 nem
572 2669 850 2747 sedari,
900 2668 1157 2731 ablatis
1206 2668 1626 2749 quibusdam
1676 2670 1882 2731 novis
1940 2668 2473 2749 gravaminibus
2520 2690 2653 2750 per
2683 2671 2920 2733 Archi-

359 2776 780 2859 episcopum
848 2776 1298 2839 Cardinalem
1366 2796 1593 2858 nuper
1662 2775 2096 2846 adinventis;
2168 2774 2403 2837 amisit
2472 2785 2706 2838 autem
2769 2776 2931 2840 Car-

360 2887 623 2949 dinalis
672 2884 1054 2963 civitatem,
1104 2882 1341 2947 omnia
1390 2882 1677 2966 oppida,
1728 2893 1800 2945 et
1849 2903 2094 2946 omnes
2137 2901 2340 2946 arces
2373 2894 2660 2964 praeter
2709 2887 2930 2947 solam

362 2991 861 3074 Saltzburgen.

544 3100 705 3162 Non
754 3100 1095 3182 quievere
1142 3098 1385 3162 rustici
1434 3098 1502 3160 in
1552 3097 1870 3179 Hegoia,
1921 3105 1992 3159 et
2039 3106 2290 3160 contra
2337 3115 2544 3178 quam
2596 3097 2928 3178 promise-

363 3219 561 3285 rant,
611 3209 861 3270 eodem
909 3206 1102 3270 Maio
1150 3206 1535 3278 rebellant;
1598 3205 1906 3287 Augiam
1955 3204 2297 3266 maiorem
2344 3203 2725 3280 invadunt,
2783 3204 2930 3266 Mo-

365 3315 757 3378 nasterium
822 3314 1162 3396 spoliant,
1251 3312 1597 3376 festinant
1668 3314 1759 3374 ad
1823 3313 2335 3374 Petersharsen
2399 3310 2932 3386 Monasterium‚

364 3427 491 3487 sed
544 3445 587 3486 a
636 3421 1297 3486 Constantiensibus
1345 3421 1616 3483 civibus
1664 3419 2034 3482 defensum
2083 3429 2224 3480 est:
2275 3418 2618 3480 Insultum
2665 3418 2933 3480 faciunt

363 3530 434 3595 in
499 3530 829 3594 Meinaro
888 3530 1173 3593 domum
1234 3527 1531 3592 fratrum
1594 3527 2176 3605 Teutonicorum,
2234 3526 2363 3588 sed
2429 3537 2933 3590 tormentorum

366 3637 675 3702 iactibus
721 3635 990 3719 repulsi
1037 3645 1229 3716 sunt,
1280 3644 1351 3698 et
1398 3635 1669 3716 aliquot
1740 3633 1993 3706 occisi;
2059 3631 2390 3696 commoti
2447 3631 2564 3694 alii
2627 3637 2698 3696 in
2760 3634 2936 3695 duas

366 3747 576 3810 villas
624 3743 1234 3808 Commendatoris
1289 3741 1639 3805 irruentes
1695 3740 2037 3823 praedam
2097 3759 2316 3820 agere
2388 3750 2764 3820 ceperunt,
2831 3761 2934 3804 su·

370 3873 768 3935 pervenere
817 3851 1013 3914 cives
1061 3871 1153 3913 ex
1202 3849 1574 3913 Catholico
1642 3845 1909 3929 oppido
1963 3845 2441 3928 Uberlingen,
2507 3856 2578 3908 et
2635 3845 2936 3908 rusticos

367 3965 456 4025 ad
506 3961 1025 4024 restitutionem
1072 3968 1485 4039 coegerunt,
1536 3964 1607 4018 et
1656 3975 1785 4018 sex
1834 3973 1927 4016 ex
1976 3952 2080 4016 eis
2111 3953 2530 4016 ductoribus
2564 3951 2936 4015 decollatis

374 4072 769 4152 coegerunt
814 4065 993 4128 alios
1040 4067 1131 4127 ad
1179 4063 1474 4146 propria
1518 4062 1776 4126 redire.

552 4173 949 4239 Undecima
998 4171 1266 4253 Aprilis
1336 4169 1593 4234 seditio
1652 4170 1909 4232 oborta
1957 4177 2066 4230 est
2111 4165 2183 4228 in
2243 4163 2552 4228 dioecesi
2602 4164 2936 4227 Bamber-

376 4283 601 4366 gensi,
635 4293 707 4344 et
746 4303 840 4360 13.
878 4279 1149 4361 Aprilis
1180 4278 1451 4360 aliquas
1481 4277 1714 4340 curias
1748 4275 2248 4339 canonicorum
2281 4273 2734 4352 Bambergae
2782 4291 2938 4353 spo-

376 4391 661 4463 liarunt;
714 4389 835 4451 diu
881 4387 1045 4450 hinc
1093 4386 1260 4449 inde
1320 4383 1734 4446 fluctuatum
1782 4392 1930 4455 est;
2010 4379 2253 4444 similis
2317 4380 2538 4461 pestis
2607 4379 2676 4442 in
2752 4379 2934 4442 dioe-

381 4499 521 4562 cesi
548 4494 1059 4579 Herbipolensi
1086 4493 1277 4575 cepit
1308 4492 1565 4555 sensim
1615 4511 1691 4553 se
1743 4489 2031 4572 erigens
2059 4509 2283 4570 usque
2314 4489 2400 4550 ad
2433 4486 2700 4549 XXIII
2735 4486 2939 4569 Apri-

381 4605 464 4668 lis
510 4604 633 4668 ubi
681 4623 878 4668 arma
927 4600 1371 4682 corripuere;
1424 4607 1495 4660 et
1542 4597 1827 4678 oppidis
1875 4596 1966 4658 ad
2015 4615 2096 4659 se
2143 4595 2409 4674 tractiS,
2459 4597 2706 4658 ambas
2751 4593 2938 4656 dioe

384 4732 579 4777 ceses
630 4715 1131 4788 devastarunt,
1186 4716 1257 4769 et
1313 4703 1785 4768 inestimabile
1849 4704 2181 4765 damnum
2241 4701 2310 4763 in
2378 4699 2822 4764 monasteriis
2871 4711 2942 4762 et

386 4819 683 4898 arcibuS,
731 4819 802 4881 in
852 4813 1211 4894 Ecclesiis,
1258 4813 1329 4876 in
1380 4810 1550 4875 cleri
1600 4810 1925 4873 domibus
1973 4808 2326 4889 faciend0,
2356 4819 2432 4871 ut
2467 4819 2656 4871 totus
2687 4809 2938 4880 εἰει-ηε,

388 4937 457 4990 et
500 4936 651 4991 tota
700 4924 1033 4988 nobilitas
1083 4924 1174 4986 ad
1223 4927 1719 5003 paupertatem
1765 4916 2042 4980 redacti
2071 4915 2226 4980 sint.
2304 4915 2704 5000 Episcopus
2737 4915 2935 4976 Bam-
