3575 5775
1714 546 2209 617 &ossib-0

674 713 808 771 tur.
904 705 1340 774 Gravamina
1407 709 1714 793 denique
1763 714 2091 782 Nationis
2138 716 2609 781 Germanicae
2668 736 2802 798 per
2848 716 3246 799 Principes,

679 824 750 877 et
797 812 1043 881 Status
1102 819 1507 881 saeculares
1573 831 1824 885 contra
1886 822 2150 889 Sedem
2200 824 2693 907 Apostolicam
2753 823 2827 887 in
2888 834 3247 889 conventu

675 921 1003 1003 proximo
1053 922 1408 1005 Imperiali
1457 924 1567 988 hic
1619 930 2018 1011 celebrato,
2083 931 2403 997 similiter
2449 941 2522 996 et
2568 930 2987 1013 gravamina
3044 952 3243 996 secu·

675 1028 929 1093 larium
977 1039 1224 1093 contra
1271 1031 1813 1101 Ecclesiasticos
1860 1038 2267 1121 designata,
2330 1038 2751 1103 consiliariis
2800 1048 2871 1101 et
2918 1039 3249 1120 personis

674 1156 806 1217 per
854 1138 1226 1219 Principes
1275 1138 1670 1223 Electores,
1719 1143 2092 1227 Principes
2141 1156 2214 1210 et
2260 1143 2505 1209 Status
2552 1146 2690 1229 ita,
2738 1156 2817 1209 ut
2862 1146 3248 1229 prefertur,

675 1244 1125 1325 deputandos
1173 1247 1264 1309 ad
1297 1247 1844 1316 examinandum
1896 1262 1967 1317 et
2004 1254 2547 1319 consultandum
2582 1254 2921 1317 committi
2954 1256 3247 1337 debent,

673 1359 753 1412 ut
799 1370 885 1414 ea
931 1353 1266 1416 studeant
1324 1355 1516 1419 omni
1564 1358 1941 1423 sedulitate
1990 1370 2063 1423 et
2110 1361 2485 1444 diligentia
2549 1362 2991 1443 ponderare,
3060 1362 3241 1425 revi-

674 1457 883 1537 dere,
947 1469 1017 1521 et
1065 1480 1313 1524 sanum
1363 1464 1726 1529 consilium
1779 1487 1983 1531 suum
2039 1488 2177 1550 quo
2223 1478 2439 1551 pacto
2488 1468 2580 1532 ad
2627 1466 3041 1532 tolerabiles
3087 1468 3247 1531 vias

673 1564 931 1630 deduci
976 1568 1257 1649 possint
1303 1569 1374 1631 in
1409 1571 1740 1652 proximo
1785 1573 2139 1639 communi
2169 1584 2527 1639 conventu
2555 1573 2935 1667 Imperiali.
3014 1574 3243 1638 Nobis

671 1675 790 1737 vel
849 1673 1392 1741 Locumtenenti
1457 1688 1700 1744 nostro
1765 1680 2222 1765 Principibus
2283 1702 2566 1765 quoque
2612 1682 3097 1767 Electoribus,
3170 1691 3244 1745 et

672 1780 974 1845 statibus
1019 1781 1388 1865 impartiri,
1439 1788 1774 1870 quodque
1823 1788 2083 1853 deinde
2112 1790 2184 1854 in
2234 1788 2595 1871 premissis
2625 1809 2732 1868 ea,
2780 1808 2965 1870 quae
2998 1807 3239 1852 neces-

670 1888 859 1955 saria
922 1899 993 1952 et
1041 1900 1396 1972 oportuna
1441 1893 1598 1957 visa
1659 1889 1926 1961 fuerint
1973 1896 2359 1961 deliberari
2418 1905 2490 1961 et
2552 1895 2879 1959 concludi
2939 1896 3238 1978 possint.

670 1994 784 2059 Ex
830 1996 1127 2078 speciali
1175 1998 1671 2064 commissione
1718 1999 1923 2066 Sacri
1954 2002 2271 2067 Romani
2318 2002 2606 2086 Imperii
2652 2011 2959 2066 statuum
2990 2000 3238 2065 Simon

669 2102 977 2167 Ribisen
1023 2102 1194 2169 iuris
1242 2105 1606 2189 utriusque
1639 2108 1915 2174 Doctor
1941 2109 2339 2174 Canonicus
2385 2109 2670 2174 maioris
2694 2117 2790 2172 ‘et
2834 2107 3003 2173 Divi
3032 2108 3241 2173 Pauli

669 2208 1218 2277 Wormatiensis
1244 2212 1909 2281 Ecclesiasticorum
1938 2216 2346 2300 prepositus
2376 2214 2991 2281 Reverendissimi
3026 2214 3235 2279 Wor-

668 2314 1032 2382 matiensis
1079 2318 1414 2385 antistitis
1478 2322 1573 2387 ad
1620 2324 1809 2387 hunc
1857 2334 2289 2389 conventum
2334 2325 2589 2388 missus
2637 2330 2880 2388 orator
2925 2322 3237 2387 fideliter

668 2423 1047 2505 transtulit,
1095 2428 1288 2506 quod
1335 2447 1546 2493 manu
1594 2430 1891 2514 propria
1934 2431 2160 2496 refert
2206 2440 2279 2495 et
2321 2439 2635 2495 attestat.

1877 2860 2025 2928 152.

715 2980 1100 3084 Responsio
1137 2983 1218 3066 R„
1248 2984 1534 3065 Domini
1562 2985 1969 3068 cardinalis
2006 2985 2371 3089 campegfi
2396 2985 2652 3088 Legati
2692 2988 2784 3067 ad
2821 3008 3181 3069 recessum

1744 3116 2159 3195 convontus·

1541 3252 1710 3324 (Acta
1743 3250 2179 3311 wormaciensis
2215 3249 2347 3324 215.)

841 3387 1308 3452 Considerato
1356 3399 1606 3454 tenore
1653 3389 2112 3453 resolutionis
2160 3409 2371 3470 quam
2415 3386 2795 3453 intendunt
2844 3383 3047 3450 Sacri
3081 3387 3233 3452 Ro·

665 3494 852 3560 mani
901 3494 1188 3577 Imperii
1235 3495 1646 3580 Principes,
1697 3507 1768 3559 et
1817 3507 2043 3562 status
2090 3495 2159 3558 in
2210 3496 2347 3558 hoc
2395 3493 3019 3575 Norembergense
3064 3513 3232 3564 con·

664 3610 904 3682 ventu,
953 3621 1093 3683 quo
1141 3605 1234 3666 ad
1283 3623 1530 3685 novas,
1577 3603 1718 3666 imo
1759 3603 2108 3686 antiquas,
2160 3611 2231 3664 et
2262 3601 2437 3667 alias
2468 3603 2840 3669 damnatas
2870 3603 3234 3683 haereseS,

665 3708 833 3774 mihi
880 3729 1010 3792 per
1059 3730 1300 3776 eorum
1349 3713 1730 3794 deputatos
1779 3709 2122 3778 exhibita.

842 3815 1194 3900 Imprimis
1241 3818 1416 3885 illud
1465 3818 1625 3883 dico
1675 3820 1986 3901 placere,
2038 3817 2227 3900 quod
2278 3816 2368 3879 de
2402 3814 2860 3880 revocatione
2908 3815 3232 3882 mandati

663 3923 1210 3990 Wormatiensis
1253 3924 1524 4008 dicunt,
1575 3936 1788 4007 atque
1834 3926 1908 3989 in
1955 3927 2092 3988 hoc
2140 3945 2267 3988 eos
2314 3923 2621 3987 maxime
2669 3923 2951 4001 hortor,
3010 3929 3089 3990 ut
3148 3942 3233 3986 re

661 4032 820 4114 ipsa
854 4029 1201 4113 efficiant,
1266 4033 1457 4113 quod
1505 4033 1951 4114 praedictum
1997 4031 2409 4099 mandatum
2455 4026 2925 4094 effectualiter
2972 4048 3231 4094 execu-

663 4138 838 4202 tioni
884 4140 1279 4221 mandetur,
1329 4148 1403 4202 et
1448 4142 1891 4204 observetur.

842 4243 1176 4310 Secundo
1225 4246 1748 4312 consideranda
1794 4266 1952 4310 esse
1998 4247 2225 4310 verba
2271 4243 2395 4310 illa
2447 4244 2519 4306 in
2578 4243 2905 4326 prefatae
2963 4241 3231 4314 resolu-

664 4351 878 4418 tionis
925 4351 1108 4415 serie
1155 4352 1443 4435 scripta,
1491 4359 1558 4417 et
1597 4375 1684 4418 ne
1729 4353 1977 4420 bonum
2024 4371 2178 4416 cum
2224 4352 2402 4416 malo
2446 4348 2947 4437 supprimatur,
2995 4353 3063 4412 et
3084 4354 3231 4413 tan-

663 4461 811 4523 dem
859 4458 1180 4524 resolutio
1220 4459 1401 4545 fieri,
1448 4481 1570 4527 seu
1597 4461 1694 4528 ad
1714 4457 2047 4526 amussim
2076 4456 2482 4526 examinari
2506 4456 2747 4542 possit,
2796 4477 3001 4540 quam
3046 4454 3233 4522 viam

665 4565 744 4631 in
789 4565 916 4630 hac
961 4587 1035 4630 re
1080 4565 1369 4652 quisque
1412 4567 1638 4632 debeat
1675 4566 1997 4652 amplecti
2031 4571 2145 4634 etc.
2256 4565 2368 4632 Ex
2424 4565 2680 4648 quibus
2738 4585 2988 4632 sensus
3034 4565 3229 4632 vide-

665 4683 783 4738 tur
827 4675 1174 4742 resultare
1222 4695 1366 4742 non
1413 4675 1849 4742 conveniens
1912 4673 2213 4738 statibus
2274 4671 2477 4738 Sacri
2538 4669 2853 4739 Romani
2916 4671 3228 4754 Imperii,

667 4803 881 4865 quum
927 4781 1226 4846 innuant
1271 4783 1464 4865 quod
1511 4782 1698 4848 inter
1743 4801 1861 4846 res
1906 4781 2201 4848 istorum
2248 4779 2769 4846 haereticorum
2817 4777 2959 4846 sint
2988 4777 3230 4860 aliqua

665 4891 890 4973 bona,
947 4909 1132 4974 quae
1179 4890 1348 4957 dato
1395 4891 1588 4973 quod
1636 4897 1898 4972 essent,
1946 4908 2105 4956 cum
2151 4907 2431 4954 veneno
2480 4886 2657 4953 illita
2704 4884 2873 4966 sint,
2934 4894 3009 4952 et
3054 4883 3229 4950 nihil
