3575 5775
1352 544 1845 605 &mih-0

309 712 510 765 remo
559 694 695 761 che
738 693 962 761 frutto
1010 692 1185 760 fara.
1279 694 1442 761 Cosi
1504 717 1647 761 non
1696 717 1948 761 manco
1998 715 2330 781 ovunque
2376 697 2643 783 veggio
2690 700 2877 765 chia·

311 805 564 871 maa-mi
607 806 729 869 dal
777 804 1020 867 debito
1071 815 1142 867 et
1189 803 1426 867 officio
1475 804 1616 867 mio
1670 859 1680 870 .
1720 852 1733 867 .
1768 853 1781 868 .
1817 854 1833 869 .

493 930 699 993 Circa
747 930 817 992 la
864 928 1058 992 dieta
1106 928 1446 1012 Spirense
1497 932 1564 992 io
1615 930 1832 991 credo
1882 932 2116 993 chela
2146 951 2290 994 non
2340 952 2417 995 se
2466 931 2623 997 fara
2667 935 2878 997 altra·

311 1046 584 1116 mente,
655 1046 726 1099 et
797 1036 868 1099 di
939 1045 1191 1118 questa
1272 1036 1656 1099 medesima
1743 1036 2078 1117 opinione
2142 1038 2178 1100 ὲ
2226 1037 2277 1100 11
2328 1038 2699 1121 Principe,
2765 1042 2876 1104 col

310 1145 524 1225 quale
573 1142 778 1206 nanzi
828 1143 959 1205 che
1005 1143 1310 1224 partis-se
1357 1142 1588 1223 parlai
1637 1164 1679 1205 a
1727 1144 1949 1225 lungo
2019 1164 2236 1226 sopra
2284 1157 2534 1227 questa
2580 1149 2877 1211 materia

312 1262 384 1314 et
432 1253 628 1314 hollo
679 1252 1092 1327 exhortato,
1165 1252 1630 1313 convenendo
1691 1250 1760 1313 le
1809 1250 2055 1313 cittadi
2118 1272 2159 1315 o
2208 1250 2511 1334 principi
2560 1252 2629 1315 in
2680 1256 2877 1317 detto

310 1359 619 1439 luoghO,
669 1360 799 1420 che
849 1378 925 1420 se
973 1358 1075 1440 gli
1122 1356 1365 1439 voglia
1412 1358 1760 1421 ritrovare
1799 1358 2407 1441 personalmente,
2460 1360 2874 1424 dechiaran-

311 1464 460 1527 doli
508 1474 775 1547 quanto
826 1463 1106 1527 confida
1155 1464 1236 1542 N.
1289 1462 1362 1527 S.
1413 1466 1481 1528 in
1533 1467 1601 1528 la
1651 1468 1868 1527 bonta
1918 1472 1991 1528 et
2036 1465 2342 1529 autorita
2405 1487 2530 1530 soa
2594 1479 2665 1530 et
2730 1472 2873 1532 0051

307 1572 403 1635 mi
455 1573 644 1635 disse
711 1574 844 1635 0110
903 1572 1244 1649 sarebbe,
1315 1582 1385 1634 et
1455 1592 1530 1635 se
1590 1574 1771 1635 altro
1831 1572 2119 1655 seguira
2180 1576 2311 1636 che
2372 1596 2483 1638 me
2548 1596 2635 1638 ne
2704 1576 2875 1638 dara

309 1678 546 1752 wiso:
595 1698 709 1742 ma
757 1698 956 1741 come
1005 1680 1098 1740 ho
1147 1678 1345 1741 detto
1395 1676 1600 1741 stimo
1651 1682 1782 1741 che
1828 1681 1900 1741 10
1946 1700 2086 1742 000
2136 1678 2192 1743 51
2241 1680 2423 1759 fara,
2472 1684 2612 1744 ben
2662 1704 2738 1745 se
2788 1704 2876 1746 ne

309 1786 716 1849 convocara
762 1785 878 1848 un’
913 1786 1128 1864 altra,
1197 1784 1284 1848 ne
1341 1783 1402 1849 si
1465 1786 1560 1848 ha
1604 1785 2038 1849 resolutione
2086 1789 2310 1868 perho
2360 1787 2475 1850 del
2522 1791 2739 1871 luogo
2789 1791 2875 1853 ne

307 1892 426 1955 del
489 1901 764 1975 temp0,
829 1902 902 1955 et
959 1892 1032 1954 di
1082 1902 1332 1975 questo
1395 1892 1848 1975 expettavasi
1893 1892 2199 1976 risposta
2260 1896 2377 1957 dal
2440 1896 2877 1977 Regimento

303 1999 699 2090 imperiale,
734 2012 806 2063 et
835 2022 1048 2082 sopra
1083 2009 1332 2082 questa
1381 2020 1550 2063 cosa
1599 2000 1690 2063 mi
1740 2021 1913 2081 pare
1963 2004 2094 2064 che
2143 2000 2214 2063 S.
2270 2002 2455 2064 sert*
2519 2002 2624 2065 sia
2676 2004 2867 2067 incli-

305 2116 478 2169 nata
526 2116 902 2189 expettare
951 2107 1184 2169 littere
1233 2108 1322 2169 de
1370 2109 1440 2169 la
1490 2106 1797 2169 Cesarea
1826 2107 2124 2185 Maesta,
2178 2107 2245 2168 di
2297 2108 2428 2170 che
2478 2112 2547 2171 1ο
2596 2112 2689 2172 110
2741 2111 2875 2175 dis-

307 2234 524 2277 suaso
571 2212 1094 2296 proponendoli
1143 2214 1274 2275 che
1324 2213 1542 2277 molto
1591 2212 1855 2295 meglio
1904 2213 1941 2275 ὲ
1992 2214 2317 2277 intimare
2352 2236 2442 2277 un
2476 2218 2656 2279 altra
2687 2216 2877 2280 dieta

309 2340 454 2381 non
503 2322 874 2401 seguendo
924 2322 994 2383 la
1043 2320 1112 2382 di
1157 2318 1387 2401 Spita.
1484 2318 1562 2382 Si
1601 2320 1851 2382 risolse
1886 2324 2015 2383 che
2052 2322 2121 2382 di
2157 2322 2329 2403 ogni
2363 2322 2877 2388 deliberatione

311 2428 445 2489 che
496 2426 553 2488 si
601 2429 994 2508 prendesse
1043 2426 1136 2488 mi
1184 2426 1631 2491 avisarebbe.
1744 2427 1833 2489 Et
1890 2426 1961 2489 di
2010 2438 2263 2509 questo
2311 2428 2732 2495 similmente
2782 2434 2873 2494 di-

313 2534 429 2595 edi
491 2533 984 2597 commissione
1048 2534 1117 2595 01
1171 2530 1450 2595 Nuncio
1507 2532 1930 2597 sollicitasse
1994 2554 2129 2597 con
2192 2537 2585 2617 destrezza,
2660 2547 2731 2601 et
2787 2539 2878 2602 mi

317 2640 632 2705 avisasse
683 2638 1262 2704 commettendoli
1297 2641 1567 2702 anchor
1615 2642 1747 2703 che
1776 2662 2023 2703 usasse
2058 2642 2428 2725 diligentia
2462 2644 2529 2706 in
2566 2646 2878 2710 scrivere

313 2769 356 2810 a
400 2748 489 2813 N.
537 2746 612 2815 S.
661 2768 883 2811 overo
933 2768 976 2809 a
1023 2746 1113 2810 V.
1163 2747 1236 2811 S.
1290 2747 1459 2828 ogni
1509 2748 1959 2812 occurrentia
2007 2760 2077 2810 et
2127 2758 2271 2811 cosl
2305 2752 2521 2813 credo
2557 2754 2689 2815 che
2723 2752 2876 2815 fara

315 2876 446 2937 per
493 2876 728 2920 essere
775 2873 1088 2938 persona
1136 2854 1443 2918 sollicita
1491 2865 1562 2918 et
1611 2855 1682 2918 di
1729 2856 1973 2920 valuta
2007 2866 2079 2919 et
2110 2856 2737 2939 particolarmente
2789 2862 2878 2923 de

317 2964 388 3024 la
433 2983 663 3026 mossa
713 2963 784 3025 di
835 2964 1072 3044 quelle
1118 2962 1422 3025 fanterie
1473 2973 1544 3025 et
1591 2964 1662 3026 la
1707 2962 2019 3047 vei-itast)
2072 3011 2085 3026 .
2120 3011 2134 3025 .
2173 3012 2187 3026 .
2222 3012 2235 3027 .

495 3070 764 3152 Questa
810 3068 1044 3133 subita
1089 3079 1352 3132 venuta
1403 3070 1512 3132 de'
1562 3069 1901 3133 Francesi
1947 3069 2016 3132 in
2068 3070 2274 3133 Italia
2305 3081 2376 3133 et
2406 3071 2875 3153 occupatione

318 3179 418 3240 de
457 3177 723 3241 Milano
773 3177 846 3240 fa
895 3186 1086 3239 stare
1135 3177 1301 3259 ogn'
1334 3199 1475 3240 uno
1527 3181 1744 3240 molto
1793 3198 2137 3258 suspeso3
2194 3178 2382 3240 saria
2443 3199 2577 3260 pur
2637 3189 2876 3263 tempo

319 3287 453 3347 che
498 3295 748 3368 questa
793 3285 1050 3347 misera
1105 3285 1312 3348 Italia
1381 3295 1727 3368 quetasse.
1826 3287 1927 3348 La
1992 3285 2298 3349 autorita
2361 3296 2433 3348 et
2496 3289 2877 3368 prudentia

317 3392 404 3454 di
444 3393 521 3458 N.
583 3392 654 3458 S.
715 3391 808 3454 da
872 3413 1008 3474 pur
1068 3412 1413 3474 speranza
1475 3395 1604 3455 che
1671 3395 1861 3474 dopo
1919 3393 2099 3456 tanti
2173 3392 2515 3455 disordini
2576 3394 2633 3456 si
2685 3396 2877 3476 possi

319 3521 459 3563 una
502 3503 694 3563 volta
743 3499 1133 3581 respirare,
1201 3509 1272 3561 et
1320 3520 1395 3561 se
1444 3520 1486 3561 a
1534 3500 1752 3581 tempi
1802 3497 1955 3561 suoi
2004 3519 2144 3561 non
2196 3519 2273 3560 se
2320 3499 2654 3582 impetra,
2736 3523 2872 3566 non

325 3627 404 3670 50
451 3609 728 3690 quando
777 3607 897 3689 piu
949 3605 1006 3668 si
1052 3626 1270 3688 possa
1319 3608 1660 3687 sperar10.
1757 3604 1919 3669 Cosl
1970 3605 2109 3668 Dio
2158 3605 2227 3668 lo
2259 3607 2551 3669 secondi
2601 3619 2672 3670 et
2719 3631 2874 3692 pro-

327 3713 508 3796 speri
553 3716 640 3777 00
690 3713 845 3776 suoi
894 3713 1205 3794 pensieri
1262 3721 1332 3776 et
1394 3713 1444 3776 li
1510 3713 1632 3776 dia
1685 3712 1919 3795 gratia
1982 3713 2115 3774 che
2170 3712 2214 3774 1’
2263 3713 2525 3777 andata
2598 3717 2713 3778 del
2780 3718 2873 3781 R.

327 3821 610 3886 Datario
643 3801 911 3903 'riporti
960 3822 1027 3882 el
1075 3823 1594 3902 complemento
1645 3821 1762 3883 dal
1812 3841 1941 3883 suo
2001 3819 2442 3882 sanctissimo
2497 3821 2873 3886 desideriO.

497 3949 602 4011 De
650 3949 700 4010 li
750 3956 956 4010 cento
1007 3945 1328 4026 gravami
1389 3966 1528 4007 non
1588 3943 1680 4007 mi
1729 3947 1996 4008 accade
2046 3943 2199 4006 dire
2248 3946 2457 4016 altro;
2508 3953 2691 4008 tutto
2742 3949 2873 4009 che

324 4055 548 4119 scrive
593 4055 680 4119 V.
731 4053 806 4118 S.
865 4065 974 4116 sta
1021 4055 1238 4115 molto
1301 4055 1520 4134 bene,
1594 4051 1789 4114 accio
1862 4053 1993 4113 che
2057 4073 2100 4114 0
2148 4061 2385 4132 tempo
2436 4056 2873 4117 occorrendo

323 4182 461 4243 pur
499 4164 554 4226 si
613 4183 828 4247 possa
875 4161 1404 4224 risolutamente
1451 4162 1847 4241 procedere
1903 4159 2022 4241 piu
2080 4157 2379 4223 innanzi.
2482 4159 2659 4222 Diro
2732 4164 2869 4224 ben

324 4282 566 4353 questo
612 4294 654 4335 a
703 4267 1192 4334 consolatione
1241 4267 1312 4328 di
1362 4266 1449 4327 V.
1503 4264 1574 4330 S.
1625 4275 1697 4328 et
1745 4265 1815 4328 di
1865 4275 2047 4327 tutta
2093 4267 2164 4327 la
2211 4273 2405 4328 corte
2441 4267 2571 4328 0110
2620 4267 2689 4330 10
2729 4269 2869 4351 opi—

325 4377 530 4441 nione
596 4381 728 4441 che
795 4397 891 4439 va
957 4397 999 4440 a
1072 4384 1277 4438 torno
1351 4386 1420 4436 et
1491 4393 1623 4455 per
1669 4381 1917 4455 queste
1982 4371 2169 4456 parti
2235 4373 2324 4434 de
2380 4373 2451 4435 la
2508 4373 2729 4436 bonta
2802 4387 2873 4438 et

325 4485 688 4566 prudentia
737 4485 827 4546 de
877 4481 961 4546 N.
1014 4480 1086 4547 S.
1137 4483 1230 4542 da
1275 4480 1503 4542 ferma
1551 4500 1897 4561 speranza
1945 4481 2075 4542 che
2138 4478 2297 4542 tutti
2361 4501 2401 4540 o
2464 4481 2745 4544 almeno
2802 4485 2871 4548 la

323 4593 640 4676 maggior
685 4599 891 4674 parte
941 4591 1028 4653 de
1078 4589 1126 4651 li
1177 4597 1438 4671 troppo
1486 4586 1911 4650 invecchiati
1961 4585 2303 4648 disordini
2360 4606 2449 4647 ne
2498 4587 2567 4649 la
2616 4586 2871 4652 Chiesa

393 4825 438 4894 ¹)
478 4828 548 4875 De
581 4827 806 4876 exercitu
855 4823 1114 4874 mittendo
1153 4822 1206 4870 in
1247 4819 1456 4869 Italiam
1506 4827 1627 4884 post
1665 4819 2027 4867 Mediolanum
2080 4826 2290 4882 captum
2332 4834 2363 4866 a
2400 4819 2600 4878 (301115,
2658 4821 2867 4874 afflictis

477 4907 522 4957 in
555 4907 926 4972 Longobardia
961 4905 1134 4955 rebus·
1155 4903 1430 4962 caesareiS,
1469 4901 1662 4967 quibus
1699 4899 2067 4950 Ferdinandus
2103 4914 2405 4950 succurrere
2440 4901 2679 4966 parabat.
