3575 5775
1639 567 1940 623 0-<3494
2017 564 2134 618 8>=0

604 710 857 792 feram,
909 733 1084 793 quas
1132 712 1423 774 iniurias
1472 712 1852 794 accipiam,
1905 733 2081 794 quas
2129 711 2346 775 animi
2401 711 2763 774 molestias
2813 714 3176 788 devorem,

602 837 735 898 pro
786 821 1277 882 conservanda
1326 819 1833 883 Ecclesiastica
1896 819 2284 902 dignitate,
2353 818 2526 881 nihil
2588 838 2732 881 non
2799 818 2955 902 opis
3001 818 3179 881 mihi

604 935 794 988 esset
840 926 956 988 vel
1005 937 1255 1008 suapte
1306 929 1686 1009 collatura,
1754 928 1937 990 sicut
2000 925 2282 990 confido
2333 927 2558 1008 ipsam
2607 926 2776 988 mihi
2821 926 2892 988 in
2941 937 3174 1007 poste-

604 1023 755 1093 rum
834 1053 970 1094 non
1046 1033 1487 1112 defuturam,
1538 1034 1678 1116 ubi,
1743 1037 1932 1115 quod
2006 1054 2290 1116 semper
2338 1053 2508 1115 ago,
2557 1032 2816 1096 viderit
2863 1054 2976 1096 me
3021 1031 3178 1095 sine

602 1137 1121 1204 intermissione
1172 1151 1449 1205 certare
1498 1163 1627 1224 pro
1676 1141 2185 1205 Ecclesiastico
2232 1150 2442 1220 statu,
2491 1141 2644 1204 eius
2691 1143 2964 1204 honore
3011 1161 3176 1203 con-

607 1248 960 1309 servando
977 1296 994 1327 ,
1045 1269 1252 1329 quem
1299 1250 1531 1311 adhuc
1580 1249 2002 1330 populares,
2065 1248 2232 1310 licet
2280 1247 2670 1312 seditiones
2715 1247 3176 1312 rebelliones·

608 1373 745 1434 que
771 1375 1014 1417 eorum
1041 1358 1385 1418 adversus
1412 1358 1803 1420 secularem
1822 1365 2250 1438 potestatem
2279 1356 2696 1434 resederint,
2730 1356 2995 1419 vellent
3015 1375 3184 1418 esse

606 1481 1048 1542 oppressum.
1144 1463 1458 1544 Quorum
1508 1463 1946 1542 sententiae,
2013 1463 2226 1526 etiam
2275 1462 2334 1526 si
2389 1463 2463 1525 in
2511 1463 2822 1545 speciem
2871 1463 3182 1525 blandiri

605 1567 955 1649 potuisset
1020 1591 1234 1633 avaro
1298 1571 1534 1633 animo
1546 1619 1565 1652 ,
1624 1591 1983 1653 nunquam
2031 1569 2334 1650 accessi,
2385 1590 2616 1651 neque
2663 1591 2864 1634 mens
2911 1579 3018 1632 est
3061 1590 3182 1632 ac·

607 1677 886 1758 cedere,
920 1677 1041 1740 ubi
1074 1677 1340 1740 Sancta
1374 1676 1601 1741 Sedes
1631 1677 1767 1740 ista
1799 1677 1968 1740 mihi
2003 1676 2298 1740 consilio
2348 1687 2420 1740 et
2444 1677 2736 1756 auxiliO,
2785 1677 2844 1740 si
2890 1678 3182 1758 quando

607 1782 897 1862 gravius
963 1783 1325 1848 immineat
1395 1785 1809 1867 periculum,
1876 1784 1948 1848 in
2019 1794 2382 1866 posterum
2449 1804 2591 1848 non
2665 1785 2756 1846 sit
2823 1785 3182 1847 defutura.

610 1889 810 1969 Quae
860 1911 1023 1954 suas
1086 1912 1261 1973 opes
1322 1893 1588 1974 poterit
1637 1913 1868 1974 neque
1916 1893 2185 1971 meliuS,
2235 1912 2466 1972 neque
2515 1891 3029 1954 conducibilius
3059 1913 3180 1952 ex-

611 1999 955 2077 pendere,
1007 2019 1215 2082 quam
1264 2000 1727 2063 sublevandis
1774 1999 1934 2079 hiis,
1983 1999 2101 2082 qui
2153 1998 2706 2062 ecclesiasticam
2757 1999 3184 2080 dignitatem

608 2107 945 2168 tuendam
996 2119 1466 2188 susceperunt
1514 2105 1930 2189 synceriter,
1981 2126 2279 2186 quorum
2311 2126 2352 2168 e
2387 2127 2702 2187 numero,
2751 2106 2808 2168 si
2843 2106 2998 2188 quis
3045 2117 3186 2184 est,

608 2211 727 2292 qui
776 2214 1311 2297 dispendiosum
1360 2213 1858 2297 compendium
1907 2212 2146 2290 faciat,
2197 2233 2334 2295 ego
2383 2213 2501 2276 ille
2552 2234 2726 2296 sum,
2775 2212 2892 2296 qui
2923 2215 3052 2276 hac
3105 2212 3182 2275 in

608 2331 814 2400 parte
905 2342 947 2382 a
1029 2322 1309 2385 nemine
1381 2342 1595 2406 posse
1680 2341 1791 2384 me
1865 2319 2186 2401 superari
2273 2320 2519 2399 velim,
2593 2323 2776 2384 adeo
2847 2320 2905 2383 si
2987 2321 3184 2402 quod

620 2424 755 2489 iam
819 2438 1031 2490 antea
1078 2428 1305 2492 offitio
1352 2430 1768 2492 diminutum
1839 2439 1982 2507 est,
2064 2426 2242 2490 alias
2290 2447 2652 2509 exequare
2715 2429 3186 2498 contendam:

614 2535 825 2596 modo
884 2546 1147 2616 pergat
1194 2534 1552 2599 Sanctitas
1605 2535 1866 2598 Vestra
1913 2535 1981 2597 in
2032 2543 2334 2615 paterno
2384 2555 2512 2597 suo
2563 2553 2738 2614 erga
2770 2555 2882 2596 me
2915 2554 3188 2610 amore,

612 2651 683 2702 et
732 2641 981 2721 offitio,
1032 2664 1284 2725 meque
1310 2666 1441 2727 pro
1492 2643 1976 2707 incolumitate
2027 2642 2399 2724 dignitatis
2447 2663 2618 2705 suae
2667 2643 2916 2704 sedulo
2964 2661 3188 2724 agen·

612 2760 753 2812 tem
804 2751 1061 2832 omnia,
1110 2772 1294 2833 quae
1344 2755 1413 2814 in
1462 2750 1731 2814 viribus
1779 2761 1926 2813 tum
1979 2749 2270 2812 Consilii
2317 2759 2465 2811 tum
2499 2747 2938 2812 substantiae
2979 2769 3192 2811 meae

611 2856 749 2921 sita
796 2869 979 2939 sunt,
1030 2881 1168 2924 non
1219 2862 1525 2924 deserat.
1622 2859 1711 2923 Et
1758 2857 2168 2923 felicissime
2221 2859 2473 2921 valeat.

791 2966 951 3031 Dat.
970 2968 1371 3050 Inspruckh
1388 2968 1502 3031 die
1522 2968 1697 3031 XX.
1720 2964 1987 3030 Mensis
2007 2966 2171 3046 Julii
2194 2970 2406 3029 Anno
2429 2962 3192 3027 DominiMDXXV20.

1995 3182 2079 3194 m«.
2093 3188 2102 3193 .

1823 3412 1954 3478 235

1212 3530 1533 3612 Clemens
1587 3530 1744 3611 VH.
1803 3463 1984 3609 Duoi
2035 3526 2569 3629 Lothasingiae.

1433 3680 1607 3752 (Arm.
1644 3678 1741 3736 n
1781 3693 1946 3751 capsa
1981 3676 2106 3735 m
2142 3674 2209 3735 N.
2246 3674 2354 3748 49.)

1652 3797 1759 3866 (23.
1799 3798 1934 3863 Julii
1978 3794 2152 3863 1525.)

793 3942 1259 4007 Gratissimae
1330 3941 1537 4005 nobis
1608 3940 1896 4005 fuerunt
1965 3937 2378 4001 Nobilitatis
2449 3947 2615 3999 tuae
2685 3936 2936 3999 literae
3005 3954 3190 4016 quas

615 4050 919 4113 dilectus
964 4048 1149 4113 filius
1204 4048 1613 4132 Stephanus
1660 4047 2005 4111 Rusticus
2062 4046 2271 4109 nobis
2318 4044 2590 4122 attulit,
2661 4042 2959 4126 ipseque
3015 4056 3188 4123 apte

618 4168 687 4221 et
716 4160 1109 4240 prudenter
1140 4159 1560 4221 subsecutus
1609 4164 1719 4219 est
1764 4155 2040 4218 illarum
2089 4163 2428 4229 tenorem,
2466 4161 2800 4232 tuumque
2829 4168 3004 4230 erga
3051 4168 3188 4211 nos

618 4276 689 4327 et
750 4268 935 4328 hanc
1008 4263 1345 4327 Sanctam
1414 4262 1675 4326 Sedem
1740 4263 2048 4325 animum
2116 4270 2186 4323 et
2256 4258 2786 4321 observantiam
2849 4267 3184 4336 tuamque

617 4373 958 4454 imprimis
1009 4373 1077 4434 in
1128 4372 1393 4452 Deum,
1462 4383 1533 4433 et
1581 4369 1714 4432 Dei
1764 4370 1978 4433 fidem
2029 4366 2543 4431 sanctissimam
2592 4365 2930 4448 pietatem
2981 4382 3180 4444 egre·

618 4478 807 4561 giam
858 4478 1250 4560 expressit;
1319 4498 1501 4559 quae
1552 4476 1809 4555 omnia,
1871 4476 2004 4539 etsi
2069 4474 2275 4537 nobis
2325 4473 2541 4535 multo
2589 4484 2756 4537 ante
2803 4479 3186 4552 perspecta

619 4597 691 4649 et
740 4588 1029 4668 cognita
1074 4585 1391 4663 fuerant,
1442 4594 1677 4647 tamen
1728 4586 1860 4647 hac
1911 4582 2180 4645 recenti
2227 4579 2528 4643 victoria
2573 4598 2784 4659 quam
2834 4577 3184 4640 adversus

622 4694 1187 4757 Lutheranorum
1239 4712 1519 4754 manum
1569 4692 1806 4753 omnia
1853 4693 2160 4753 humana
2227 4698 2298 4752 et
2361 4686 2605 4748 divina
2669 4686 2825 4747 iura
2887 4680 3186 4746 confun-

622 4802 929 4881 dentem,
979 4798 1225 4865 divina
1272 4788 1679 4863 assistente*
1714 4796 1948 4879 gratia
2014 4795 2480 4877 comparasti,
2549 4793 2904 4855 illustrata
2960 4787 3188 4853 fuisse

622 4910 829 4973 nobis
889 4906 1465 4973 iucundissimum
1520 4904 1817 4986 accidit,
1873 4903 2143 4986 tibique
2205 4913 2590 4986 propterea
2653 4909 2724 4963 et
2782 4896 3190 4961 fortissimis
