3575 5775
1436 575 1930 633 ο-<Σ3313ῖΡ-<>

402 655 481 743 ²³11

382 745 476 844 δα

484 720 527 764 ὃ
586 722 819 786 verbis
869 723 1293 805 explicabit,
1358 724 1471 788 cui
1520 743 1735 808 super
1790 724 1902 786 his
1950 723 2271 806 cupimus
2318 743 2360 785 a
2409 723 2798 786 Nobilitate
2849 737 2967 787 tua

481 825 617 893 ern
664 830 1010 894 adhiberi.

570 951 837 1018 Datum
888 967 1021 1018 etc.
1076 978 1177 1036 24.
1228 957 1648 1020 Decembris
1708 978 1866 1036 1523
1923 977 2110 1018 anno
2161 956 2408 1038 primo.

588 1061 829 1126 Simile
879 1065 1156 1128 duobus
1204 1064 1580 1127 Nobilibus
1629 1062 1699 1126 in
1750 1063 1951 1144 albis,
2002 1063 2261 1126 omisso
2313 1065 2644 1126 electore.

587 1168 827 1234 Simile
875 1171 1061 1234 Duci
1110 1169 1493 1236 Saxoniae.

1473 1404 1886 1418 mmm

1629 1671 1775 1737 137.

952 1813 1273 1894 Clemens
1328 1815 1485 1896 VH.
1542 1814 1911 1916 Episcopis
1964 1813 2417 1895 theutonicis·

881 1963 1083 2037 (Epist.
1122 1962 1285 2022 OEem.
1324 1961 1448 2022 vn.
1486 1978 1609 2021 ann.
1648 1960 1796 2021 1523.
1833 1961 1898 2020 A.
1935 1961 1982 2020 1.
2018 1959 2086 2019 N.
2125 1961 2194 2020 69
2228 1959 2321 2019 101.
2356 1961 2488 2030 131.)

1345 2083 1448 2146 (24.
1488 2082 1801 2131 Decembris
1845 2079 2021 2148 1523.)

586 2215 1033 2278 Venerabilis
1094 2214 1319 2278 frater
1384 2225 1518 2278 etc.
1615 2215 1791 2279 Cum
1857 2215 1946 2277 de
1994 2213 2412 2277 Venerabili
2477 2213 2772 2276 fratrum
2852 2234 2968 2275 no-

412 2329 708 2384 strorum
742 2319 1055 2385 Sanctae
1089 2323 1466 2386 Romanae
1509 2321 1875 2385 Ecclesiae
1923 2321 2402 2384 Cardinalium
2451 2319 2746 2383 consilio
2781 2319 2966 2382 Nun-

412 2427 597 2490 cium
638 2429 1133 2510 Apostolicum
1180 2429 1251 2492 in
1300 2428 1758 2492 Germaniam
1821 2428 2338 2510 presertimque
2400 2428 2492 2491 ad
2541 2437 2968 2490 conventum

410 2532 1083 2618 Norimbergensem
1130 2537 1553 2619 propediem
1602 2535 1918 2615 missuri,
1990 2535 2272 2598 interim
2335 2535 2670 2598 dilectum
2747 2533 2967 2597 filium

412 2639 914 2725 Hieronymum
986 2644 1371 2706 Rorarium
1442 2642 1900 2720 familiarem,
1973 2653 2044 2706 et
2117 2643 2580 2705 camerarium
2652 2651 2968 2704 nostrum

412 2750 882 2827 praesentium
942 2749 1415 2812 exhibitorem
1464 2751 1556 2812 ad
1606 2750 1872 2811 dictum
1921 2758 2350 2812 conventum
2411 2749 2968 2830 praemittamus,

412 2853 543 2919 has
586 2858 669 2919 ad
717 2857 1235 2921 fraternitatem
1284 2866 1476 2922 tuam
1526 2856 1942 2921 scribendas
1991 2857 2320 2920 duximus
2333 2904 2351 2937 ‚
2420 2865 2756 2938 tanquam
2790 2877 2966 2933 eam,

416 2959 491 3023 in
532 2964 713 3027 cuius
760 2966 1027 3047 pietate
1079 2986 1257 3047 erga
1306 2966 1556 3043 Deum,
1605 2964 2112 3027 benevolentia
2157 2964 2228 3025 in
2265 2984 2414 3044 nOS,
2465 2974 2678 3044 atque
2730 2966 2966 3025 obser-

421 3071 647 3134 vantia
692 3090 868 3153 erga
901 3074 1085 3134 hanc
1134 3082 1451 3135 sanctam
1500 3069 1763 3135 Sedem
1799 3073 2090 3134 multum
2131 3070 2287 3153 spei
2323 3070 2763 3151 reponimus;
2814 3072 2966 3133 hor-

426 3184 639 3241 tantes
681 3179 909 3260 illam,
959 3189 1035 3241 ut
1084 3178 1311 3261 ipsum
1361 3178 1876 3260 Hieronymum
1927 3187 2169 3240 nostro
2218 3177 2471 3239 intuitu
2513 3176 2844 3258 dirigere,
2897 3187 2968 3239 et

428 3276 655 3347 fovere
702 3285 895 3367 velit,
945 3284 1371 3366 ubicumque
1421 3306 1575 3347 esse
1626 3294 2102 3366 apportunum
2149 3284 2436 3362 viderit,
2487 3285 2696 3346 immo
2750 3294 2822 3346 ut
2869 3288 2962 3345 ul-

432 3385 637 3471 terius,
683 3393 864 3455 sicut
914 3413 1071 3455 eam
1117 3394 1462 3455 hactenus
1510 3392 1767 3455 fecisse
1817 3392 2093 3472 scimuS,
2145 3392 2236 3453 ad
2287 3392 2622 3454 decorem
2679 3389 2834 3469 Dei,
2895 3404 2966 3453 et

442 3486 602 3558 Suae
658 3498 973 3562 Sanctae
1038 3498 1407 3562 Ecclesiae
1472 3498 1779 3580 fideique
1843 3501 2290 3561 orthodoxae
2357 3497 2970 3561 conservationem

444 3611 551 3671 Pro
592 3605 819 3669 officio
869 3606 1039 3668 boni
1085 3606 1395 3688 pastoris
1445 3604 1800 3686 invigilet,
1869 3616 1945 3668 ut
2011 3608 2102 3667 ab
2151 3606 2308 3687 ipso
2357 3606 2514 3668 Deo
2581 3605 2970 3687 praemium

444 3710 503 3760 et
540 3725 577 3766 a
618 3712 820 3775 nobis
869 3722 1083 3794 atque
1124 3714 1258 3775 hac
1294 3710 1561 3775 Sancta
1593 3711 1783 3775 Sede
1835 3712 2546 3793 commendationem,
2583 3722 2652 3774 et
2683 3712 2974 3793 insuper

440 3822 613 3882 quam
643 3819 1037 3900 poterimus
1070 3820 1603 3882 retributionem
1640 3834 2014 3902 reportare
2048 3821 2294 3902 possit,
2330 3821 2966 3902 quaemadmodum

431 3908 582 3979 haec
630 3924 842 3988 latius
891 3926 1078 3988 idem
1128 3926 1582 3989 Hieronimus
1650 3937 1893 3990 nostro
1957 3926 2240 3990 nomine
2306 3925 2730 3989 fraternitati
2802 3936 2968 4013 tunae

419 4025 823 4112 explicabit,
873 4034 986 4095 cui
1034 4032 1407 4115 super-his
1452 4032 1663 4095 fidem
1714 4033 2037 4097 adhiberi
2089 4034 2426 4115 cupimuS.

574 4150 744 4221 Dat.
800 4179 900 4236 24.
956 4158 1371 4220 Decembris
1432 4178 1589 4237 1523
1645 4179 1830 4221 anno
1879 4159 2130 4240 primo,

568 4272 827 4345 Simile
874 4282 1232 4363 Episcopo
1282 4282 1871 4365 Brambergensi;
1923 4282 2280 4366 Episcopo
2330 4293 2462 4347 ete.

1484 4586 1642 4598 vavsox
1658 4588 1884 4598 avvsv-ae*vn
