3575 5775
1668 547 1783 604 0⁴3
1862 549 2126 606 9482*

615 716 690 761 se
741 697 979 761 tradat
1025 696 1096 760 in
1145 695 1551 778 opinionem
1597 698 1805 760 unius
1851 698 2341 761 homuncionis
2390 708 2639 762 contra
2686 710 2905 764 totam
2939 699 3182 764 Eccle-

613 805 789 868 siam
839 825 1021 887 quae
1068 811 1174 866 tot
1221 824 1566 866 annorum
1615 805 1983 868 curriculis
2028 807 2159 868 hos
2208 806 2383 869 ritus
2432 817 2677 870 secuta
2719 817 2854 870 est:
2918 807 3089 887 im0,
3140 829 3185 870 a

615 933 751 994 qua
801 913 968 993 quia
999 911 1258 976 Graeci
1309 921 1379 975 et
1411 911 1711 974 Asiatici
1756 913 2006 994 populi
2057 913 2253 994 prius
2288 913 2667 977 Christiani
2707 925 3181 996 recesserunt,

612 1019 983 1102 imperium
1049 1018 1250 1082 simul
1317 1029 1390 1080 et
1449 1019 1913 1100 religionem,
1976 1018 2332 1102 fidemque
2395 1029 2707 1084 nostram
2772 1023 3179 1087 amiserunt.

613 1129 714 1190 At
761 1127 1354 1209 septentrionales
1404 1136 1475 1189 et
1522 1124 2007 1188 occidentales
2048 1127 2317 1208 populi,
2366 1138 2632 1208 quanto
2665 1129 2988 1211 proxime
3020 1149 3181 1193 cum

611 1236 936 1298 Ecclesia
983 1236 1318 1298 Romana
1363 1243 1760 1312 senserunt,
1810 1243 2010 1295 tanto
2058 1233 2465 1298 felicissime
2512 1234 2920 1299 floruerunt.

791 1343 1090 1404 Inducat
1140 1339 1658 1404 Illustrissimus
1705 1341 1873 1402 Dux
1932 1344 2049 1403 vel
2110 1341 2322 1404 etiam
2380 1355 2598 1424 cogat
2652 1344 2942 1406 fratrem
2992 1344 3179 1407 Mar·

613 1451 834 1514 tinum
868 1469 1210 1512 revocare
1245 1469 1432 1512 nova
1467 1449 1847 1528 Dogmata,
1898 1468 2082 1529 quae
2115 1448 2181 1510 in
2234 1450 2378 1512 suis
2427 1451 2625 1513 libris
2672 1451 2951 1533 sparsit.
3016 1451 3179 1514 Hoc

609 1560 908 1620 honeste
953 1555 1196 1618 facere
1244 1555 1532 1636 poterit,
1579 1555 1746 1636 quia
1795 1557 1865 1617 in
1915 1556 2269 1637 principio
2318 1578 2603 1620 suorum
2653 1559 2992 1621 librorum
3034 1580 3179 1621 non

612 1666 831 1728 semel
880 1673 1320 1746 protestatus
1365 1672 1474 1726 est
1521 1675 1598 1726 se
1647 1673 1995 1726 staturum
2034 1663 2302 1746 judicio
2354 1662 2562 1728 Sedis
2614 1667 3097 1747 Apostolicae.

791 1772 1074 1836 Deinde
1135 1771 1444 1834 imitetur
1509 1769 1614 1832 sui
1681 1770 1950 1832 ordinis
2010 1780 2289 1852 patrem
2352 1772 2611 1835 Divum
2676 1773 3180 1855 Augustinurn,

613 1880 731 1962 qui
777 1880 1190 1941 innumeros
1237 1895 1534 1957 erroreS,
1587 1897 1648 1957 e,
1695 1876 1842 1940 suis
1890 1877 2089 1940 libris
2137 1879 2571 1941 retractavit.

791 1986 1172 2048 Multorum
1218 1984 1433 2046 etiam
1482 1994 1889 2047 sanctorum
1935 1997 2215 2066 patrum
2266 1985 2549 2066 aliquae
2596 1998 2760 2050 sunt
2796 1988 3181 2050 damnatae

610 2092 984 2174 opiniones
1001 2141 1018 2172 ,
1079 2112 1376 2173 quorum
1425 2091 1699 2172 reliqua
1747 2095 2015 2172 scripta
2073 2092 2145 2154 in
2198 2112 2326 2155 usu
2376 2093 2745 2156 Ecclesiae
2792 2096 3179 2167 habentur;

609 2200 723 2261 hic
774 2209 882 2262 est
928 2199 1466 2262 honestissimus
1517 2199 1907 2262 revocandi
1950 2202 2221 2264 modus,
2270 2253 2275 2260 .

722 2299 731 2304 ’
791 2307 1000 2388 Quod
1067 2306 1124 2368 si
1189 2308 1340 2370 vult
1404 2326 1569 2368 suas
1631 2289 2173 2370 lucubrationes*
2222 2309 2312 2369 ad
2373 2317 2701 2388 posteros
2763 2309 3179 2390 perdurare,

609 2417 848 2478 deieat
896 2435 992 2476 ex
1037 2413 1174 2476 illis
1221 2434 1310 2475 ea
1359 2433 1541 2494 quae
1587 2414 1929 2476 damnata
1974 2425 2161 2494 sunt,
2210 2423 2281 2476 et
2327 2416 2421 2478 ab
2470 2414 2761 2496 antiquo
2811 2415 3180 2478 Ecclesiae

610 2533 898 2586 nostrae
947 2521 1084 2582 ritu
1133 2522 1508 2599 recedunt,
1559 2532 1629 2582 et
1676 2531 1843 2583 tunc
1891 2521 2238 2602 reliquum
2286 2525 2478 2603 quod
2526 2523 2661 2584 erit
2708 2525 2800 2586 ab
2850 2524 3181 2586 omnibus

609 2631 891 2712 legetur
939 2628 1154 2693 etiam
1201 2627 1624 2692 auctoritate
1674 2627 2039 2691 Pontificis
2088 2632 2649 2711 comprobatum.

791 2738 868 2798 Id
919 2737 976 2800 si
1023 2735 1266 2801 faciet:
1347 2735 1686 2798 Pontifex
1731 2735 1833 2800 illi
1884 2735 2390 2817 benignissime
2438 2737 2785 2818 ignoscet,
2835 2757 3177 2818 repurga«

609 2845 852 2927 bitque
915 2864 1072 2907 eam
1119 2843 1486 2927 regionem
1535 2865 1578 2906 a
1627 2843 1983 2925 censuriS,
2028 2843 2413 2908 Martinum
2458 2845 2533 2907 in
2579 2843 2797 2907 filium
2846 2845 3176 2927 recipiet:

607 2964 858 3017 et-tota
893 2952 1214 3015 Ecclesia
1247 2952 1592 3035 gaudebit
1625 2962 1768 3017 tam
1816 2953 1887 3015 in
1940 2953 2157 3015 coelis
2206 2973 2417 3034 quam
2463 2954 2534 3014 in
2568 2962 2759 3016 terra
2790 2974 3007 3035 super
3037 2974 3179 3017 ove

605 3064 952 3125 redeunte
1002 3081 1185 3142 quae
1233 3060 1545 3141 perierat
1591 3060 1895 3123 filiorum
1942 3060 2187 3123 Israel.

787 3168 1077 3250 Alioqui
1127 3179 1293 3231 tunc
1339 3168 1860 3231 Illustrissimus
1894 3169 2060 3229 Dux
2108 3171 2202 3230 ob
2249 3169 2593 3231 honorem
2641 3168 2797 3249 Dei,
2846 3188 3177 3231 reveren·

607 3279 774 3339 tiam
824 3276 1110 3339 Domini
1159 3275 1598 3356 Apostolici,
1667 3286 1736 3336 et
1787 3274 2190 3355 Ecclesiae,
2255 3285 2327 3337 et
2373 3275 2442 3337 in
2494 3275 2795 3357 gratiam
2847 3275 3177 3339 Caesaris

606 3384 1056 3466 prohibendo
1120 3384 1298 3445 haec
1363 3384 1582 3461 mala,
1644 3403 1738 3444 ne
1802 3382 2098 3445 ulterius
2154 3392 2481 3464 serpant,
2546 3383 2617 3445 in
2666 3383 3000 3445 universa
3046 3404 3179 3445 sua

605 3491 874 3553 ditione
922 3490 1142 3552 libros
1191 3487 1480 3551 Martini
1529 3499 1600 3551 et
1657 3488 1837 3551 alios
1897 3489 2209 3552 famoscs
2272 3490 2589 3570 libellos,
2640 3511 2683 3552 a
2736 3490 2891 3571 jure
2939 3490 3175 3571 prohi-

605 3598 794 3661 bitos
841 3608 985 3660 tam
1033 3618 1174 3661 eos·
1209 3618 1506 3679 quorum
1567 3617 1852 3659 errores
1911 3597 1982 3659 in
2047 3599 2243 3660 bulla
2302 3608 2467 3659 sunt
2533 3596 2891 3678 expressi,
2961 3618 3174 3678 quam

601 3706 780 3769 alios
825 3724 1001 3788 quos
1048 3716 1302 3787 postea
1349 3706 1592 3784 edidit,
1641 3706 1863 3768 multo
1912 3706 2141 3789 magis
2190 3725 2537 3784 enormeS,
2588 3714 2659 3767 et
2704 3704 3169 3786 perniciOSOS,

603 3813 922 3878 comburi
955 3814 1244 3876 mandet
1291 3824 1364 3875 et
1403 3834 1485 3875 re
1533 3812 1692 3894 ipsa
1737 3811 1976 3893 faciat,
2019 3813 2223 3894 juxta
2270 3811 2799 3874 conclusionem
2842 3810 3175 3875 Caesaris

603 3921 674 3983 in
723 3920 1054 4002 consiliO,
1107 3920 1414 3983 omnium
1463 3940 1744 3982 suarum
1795 3921 2157 3983 nationum
2207 3917 2503 3980 factam:
2572 3920 2666 3980 ob
2716 3918 2906 3999 quod
2956 3919 3173 3999 potis·

602 4030 848 4093 simum
916 4029 1051 4111 ipsi
1115 4028 1458 4093 Oratores
1521 4028 1909 4091 mittuntur.
2017 4026 2344 4088 Fratrem
2407 4046 2581 4088 vero
2646 4023 3029 4088 Martinum
3098 4026 3173 4089 in

602 4135 840 4217 aliqua
885 4154 1052 4199 arce
1101 4136 1440 4217 detineat,
1491 4156 1622 4199 nec
1671 4135 1981 4216 patiatur
2015 4133 2244 4215 ipsum
2279 4133 2449 4196 talia
2478 4133 2813 4213 scribere,
2864 4152 2997 4195 nec
3029 4133 3171 4195 alio

600 4242 856 4324 fugere
903 4242 997 4304 ad
1043 4242 1584 4305 diffundendum
1631 4262 1834 4305 suum
1882 4242 1951 4305 in
2002 4242 2161 4304 aliis
2208 4241 2545 4321 gentibus
2595 4260 2978 4321 venenum,
3042 4241 3172 4303 sed

601 4348 742 4411 illic
793 4348 1214 4430 detineatur,
1263 4352 1490 4413 donec
1539 4349 1805 4412 Caesar
1852 4350 1921 4412 in
1958 4350 2216 4411 Diaeta
2265 4368 2423 4411 cum
2473 4348 2680 4410 bonis
2725 4348 3172 4429 principibus

602 4467 674 4517 et
721 4456 1191 4537 prudentibus
1252 4457 1424 4519 viris
1487 4457 1998 4520 consultaverit
2044 4456 2215 4538 quid
2264 4457 2355 4517 de
2404 4474 2489 4517 eo
2540 4454 2630 4516 sit
2679 4454 3169 4519 ordinandum.

602 4561 1046 4644 Quamquam
1108 4563 1169 4625 si
1230 4564 1379 4627 iure
1441 4567 1634 4627 bono
1688 4565 2084 4647 procedere
2132 4564 2389 4641 vellet,
2454 4564 2753 4625 deberet
2798 4560 3029 4643 ipsum
3076 4561 3169 4623 ad

601 4670 934 4733 Cesarem
995 4670 1310 4752 mittere,
1371 4671 1494 4753 qui
1557 4692 1698 4734 una
1731 4692 1903 4734 cum
1952 4668 2300 4733 Pontifice
2352 4671 2440 4731 de
2488 4667 2827 4731 ulteriore
2867 4667 3171 4751 juridica

599 4775 1098 4858 prosecutione
1147 4788 1508 4844 tractaret.

777 4884 1030 4969 Neque
1095 4884 1285 4948 dicat
1349 4886 1867 4950 Illustrissimus
1931 4890 2094 4952 Dux
2162 4908 2241 4951 se
2304 4883 2553 4946 timere
2606 4884 2983 4965 populum,
3048 4880 3169 4965 qui
