3575 5775
1744 569 2239 645 0-<3380ffi

710 709 850 775 mia
897 713 1090 777 debil
1152 714 1398 797 lingua
1459 724 1532 779 et
1591 718 1890 780 stancha
1948 738 2186 800 penna
2249 717 2739 800 magnificat-le
2804 728 2879 779 et
2940 716 3271 780 inalzarle

713 838 853 881 non
900 838 1080 901 pure
1125 841 1257 903 per
1303 825 1474 887 dare
1525 834 1776 905 questo
1826 825 2101 906 premio
2148 826 2280 889 che
2338 825 2376 888 ὲ
2424 844 2521 888 un
2568 822 2765 888 fumo
2813 844 2857 887 a
2900 842 3045 887 una
3090 822 3275 887 virtu

712 934 912 990 tanto
958 928 1234 1009 divina,
1281 950 1396 995 ma
1441 952 1572 1012 per
1619 933 1936 995 excitare
1986 933 2197 995 altrui
2246 944 2318 995 et
2366 952 2569 995 come
2614 934 2687 995 la
2732 932 2895 995 dice
2943 949 3073 1013 per
3120 950 3277 1013 pro·

712 1053 924 1115 porre
969 1055 1111 1099 uno
1161 1037 1488 1120 exempio
1538 1048 1610 1101 et
1655 1060 1799 1103 una
1842 1041 2097 1121 regula
2142 1060 2187 1102 a
2232 1039 2397 1102 tutti
2446 1039 2496 1101 li
2544 1038 2705 1102 altri
2771 1036 3077 1120 principi
3140 1038 3281 1120 sig-

713 1140 868 1204 nori
917 1151 988 1205 et
1034 1144 1292 1224 prelati
1341 1144 1410 1207 in
1461 1148 1593 1209 che
1667 1146 1879 1209 modo
1952 1148 2287 1210 debbano
2358 1146 2669 1209 formare
2734 1145 2802 1209 le
2873 1144 3137 1208 actioni
3210 1154 3283 1207 et

709 1247 1020 1329 pensieri
1068 1250 1223 1313 suoi
1274 1260 1464 1316 sotto
1511 1272 1606 1317 un
1655 1254 1753 1317 tal
1804 1253 2139 1335 Principe
2188 1263 2262 1316 et
2307 1252 2647 1335 pontifice
2699 1253 2877 1331 loro,
2924 1262 2999 1315 et
3054 1262 3276 1315 certa-

711 1365 948 1419 mente
992 1355 1062 1419 io
1112 1359 1328 1421 credo
1388 1361 1520 1423 che
1587 1360 1819 1442 questi
1883 1361 2074 1423 modi
2147 1378 2465 1441 operano
2532 1380 2701 1423 cose
2766 1360 2896 1423 che
2956 1360 3277 1423 daranno

712 1480 845 1525 con
880 1462 1255 1527 incredibil
1284 1465 2093 1531 satisfaccioneinfinita
2140 1467 2561 1549 maraviglia
2608 1468 2749 1531 alla
2778 1467 2892 1530 eta
2941 1476 3015 1531 et
3058 1466 3279 1548 tempi

709 1568 933 1632 nostri
981 1570 1098 1653 gia
1147 1582 1346 1635 tanto
1396 1573 1690 1637 cori-otti
1758 1582 1832 1637 et
1889 1576 1983 1637 da
2044 1574 2215 1656 ogni
2264 1577 2449 1637 bene
2507 1572 2780 1637 luntani
2836 1593 2969 1655 per
3024 1574 3073 1636 li
3120 1592 3275 1654 pas-

710 1675 846 1739 sati
895 1676 1116 1739 errori
1166 1687 1238 1741 et
1283 1678 1626 1744 disordini
1680 1734 1691 1746 .
1727 1730 1743 1745 .
1781 1734 1791 1745 .
1828 1729 1842 1743 .

891 1801 1172 1867 Vinnae
1217 1802 1332 1867 IX
1383 1802 1540 1867 Oct.
1591 1804 2030 1872 MDXXIV.

1877 1996 2187 2009 susm-vav&

1271 2340 1426 2421 Des».
1481 2341 1829 2425 Erasmus
1883 2226 2267 2427 Jbtmldath.
2326 2338 2696 2441 eiberto1).

1495 2488 1678 2560 (ΞΟΠ
1713 2491 1775 2551 σὺ
1812 2490 1969 2553 ⁸11oe-
2008 2492 2175 2565 opint-
2210 2491 2305 2555 id.
2339 2490 2481 2569 863.)

1701 2616 1807 2673 (13.
1846 2611 2067 2665 Octobr.
2110 2616 2285 2675 1524.)

890 2747 1354 2815 Ornatissime
1387 2753 1516 2816 vir.
1609 2752 1811 2817 Missi
1860 2751 2135 2834 pridem
2182 2751 2501 2817 libellum
2547 2751 2641 2814 de
2680 2750 2909 2815 libero
2940 2748 3278 2823 arbitrio;

713 2878 896 2922 nunc
946 2858 1318 2924 excuditur
1367 2862 1457 2924 de
1505 2860 1923 2926 invocandis
1970 2860 2255 2942 sanctiS,
2306 2858 2607 2942 aliisque
2653 2857 3027 2924 nonnullis
3113 2857 3276 2938 Jam

710 2963 986 3047 pridem
1019 2967 1602 3032 debaccabantur
1648 2968 1717 3032 in
1749 2989 1863 3032 me
1896 2967 2180 3031 furiosis
2211 2966 2471 3032 libellis
2503 2986 2586 3032 ac
2618 2965 2912 3030 famosis
2958 2965 3285 3046 picturis.

710 3071 914 3138 Nunc
962 3074 1187 3137 maior
1234 3074 1447 3140 etiam
1493 3075 1817 3139 fremitus
1870 3074 2245 3138 comitatus
2277 3084 2417 3150 est;
2466 3095 2675 3138 nemo
2705 3073 3035 3137 crederet
3063 3092 3283 3154 quam

709 3179 853 3240 late
900 3181 1159 3243 malum
1208 3183 1550 3266 serpserit
1597 3193 1669 3246 et
1714 3184 1786 3248 in
1837 3183 1990 3248 dies
2037 3191 2297 3265 serpat.
2390 3181 2543 3246 Nec
2582 3202 2695 3246 me
2724 3181 2906 3244 clam
2938 3189 3050 3244 est
3094 3199 3283 3260 quos

713 3285 978 3349 amicos
1017 3287 1474 3370 perdiderim,
1523 3311 1701 3372 quos
1734 3293 1981 3354 hostes
2012 3289 2083 3353 in
2118 3311 2231 3354 me
2263 3287 2741 3373 provocarinu
2790 3307 3007 3370 porro
3036 3305 3285 3350 rerum

713 3394 1051 3456 tumultus
1100 3395 1220 3476 qui
1266 3395 1554 3460 videtur
1602 3397 2081 3460 atrocissimus
2145 3395 2515 3460 imminere
2568 3415 2903 3478 quorsum
2964 3393 3057 3456 sit
3112 3413 3281 3458 eva·

712 3517 916 3562 surus
964 3500 1227 3568 nescio,
1320 3501 1478 3585 Ego
1527 3511 1762 3567 tamen
1814 3504 2050 3566 omnia
2096 3502 2379 3585 perpeti
2424 3485 2612 3566 malo
2661 3521 2870 3584 quam
2934 3500 3051 3564 isti
3112 3519 3283 3564 con-

710 3605 1040 3670 iurationi
1096 3611 1463 3675 accedere.
1555 3609 1716 3674 Non
1769 3611 2017 3674 dubito
2074 3610 2241 3691 quin
2302 3607 2375 3676 S.
2436 3609 2527 3672 D.
2592 3607 2677 3672 N.
2738 3607 2829 3670 sit
2898 3627 3061 3671 eum
3128 3606 3287 3670 ani·

711 3734 898 3776 mum
947 3716 1419 3797 praestiturus
1469 3738 1675 3799 quem
1720 3717 1887 3781 mihi
1936 3717 2311 3800 pollicetur
2359 3716 2434 3780 in
2478 3735 2609 3780 suo
2654 3715 3082 3797 diplomate;
3134 3733 3285 3796 ego

711 3821 1022 3885 vicissim
1071 3822 1170 3886 sic
1217 3826 1542 3887 tractabo
1603 3827 1738 3888 hoc
1802 3823 2166 3906 negotium
2229 3832 2309 3886 ut
2376 3842 2620 3886 omnes
2688 3820 3093 3903 intelligant
3160 3841 3285 3885 me

710 3947 854 3991 non
902 3927 1216 3992 defuisse
1275 3949 1408 4012 pro
1455 3951 1615 3994 mea
1664 3930 1849 3994 virili
1897 3930 2261 3994 Ecclesiae
2309 3927 2739 3993 Catholicae.
2833 3927 3153 3992 Libellus
3182 3931 3283 3992 de

708 4035 935 4098 libero
969 4036 1262 4101 arbitrio
1296 4036 1434 4101 iam
1464 4039 1723 4102 multos
1753 4037 2109 4120 pertraxit
2156 4037 2227 4098 in
2274 4035 2631 4100 diversam
2677 4035 3105 4099 sententiam
3152 4035 3285 4118 qni

711 4145 1086 4208 lutlierano
1159 4145 1478 4226 dogmati
1546 4145 1833 4209 fuerant
1888 4141 2371 4208 addictissimi.
2486 4139 2827 4208 Studebis
2888 4140 2959 4207 S.
3033 4143 3121 4206 D.
3188 4143 3285 4208 N.

709 4250 1030 4314 favorem
1078 4251 1149 4314 in
1198 4272 1330 4316 nos
1376 4254 1516 4318 tuis
1563 4250 2299 4316 commendationibus
2345 4267 2648 4332 augere,
2718 4249 2839 4331 qui
2885 4249 2944 4313 si
2990 4269 3107 4313 me
3154 4251 3281 4313 de·

713 4357 958 4421 'stituat
1004 4361 1220 4442 plane
1277 4359 1766 4440 memetipsum
1840 4357 2071 4422 obieci
2132 4355 2435 4422 rabiosis
2497 4356 3029 4420 dilacerandum
3090 4357 3285 4420 cani·

710 4466 876 4538 bus;
941 4467 1068 4528 sed
1117 4467 1379 4548 aderit,
1441 4475 1518 4528 ut
1565 4485 1819 4548 spei-0,
1882 4463 2203 4528 Christus
2218 4511 2236 4542 ,
2300 4461 2501 4524 cuius
2548 4462 2825 4542 gloriae
2870 4461 3159 4526 confido
3202 4461 3287 4528 S.

714 4571 802 4634 D.
849 4571 935 4634 N.
983 4592 1289 4655 syncero
1339 4582 1634 4654 pectore
1685 4571 2129 4636 serviturum.
2234 4569 2551 4632 Primum
2606 4571 2945 4652 optabam
2990 4577 3073 4631 ut
3140 4571 3293 4634 hoc

715 4678 1120 4761 dissidium,
1165 4680 1636 4762 periculosius
1683 4699 1889 4762 quam
1940 4677 2137 4742 multi
2175 4675 2628 4759 intelligunt,
2678 4673 3067 4739 moderatis
3113 4677 3283 4740 rati·

782 4913 830 4982 ¹)
864 4913 1016 4962 Haec
1055 4913 1284 4982 epistola
1317 4913 1458 4964 inter
1492 4925 1656 4978 open
1693 4911 1898 4960 Erasini
1935 4925 2043 4960 non
2082 4915 2316 4975 apparet.
