3575 5775
1719 585 2179 642 &Bagam

665 731 797 792 che
846 749 1191 812 appresso
1219 731 1357 794 Dio
1404 731 1633 814 prima
1683 742 1753 795 et
1802 732 1923 814 poi
1956 733 2218 796 Nostro
2254 730 2562 814 Signore
2612 743 2684 796 et
2730 743 2914 798 tutto
2960 734 3003 796 l’
3030 755 3231 798 sacro

667 835 1041 920 Colleggio
1076 847 1438 902 trovarete
1488 839 1843 921 condegni
1892 841 2144 922 premii
2192 849 2264 903 et
2312 841 2564 922 gratie,
2616 851 2688 903 et
2733 840 2851 904 noi
2898 860 3029 922 per
3077 861 3232 923 pro·

663 946 821 1027 pria
870 955 1113 1008 nostra
1157 947 1449 1009 volonta
1496 967 1710 1010 senza
1754 944 2219 1029 requisitione
2269 950 2359 1010 de
2408 948 2601 1028 altri,
2650 969 2693 1010 a
2740 958 2983 1028 tempo
3030 968 3120 1010 ve
3166 949 3232 1010 le

663 1072 1168 1134 procureremo
1220 1062 1290 1116 et
1335 1054 1840 1135 impetraremo
1889 1075 2029 1117 non
2077 1064 2261 1118 tutto
2309 1055 2359 1117 il
2408 1065 2661 1136 potere
2694 1064 2958 1119 nostro,
3032 1054 3233 1118 State

665 1159 999 1240 adunque
1065 1159 1137 1220 di
1201 1163 1392 1223 bono
1459 1159 1693 1223 animo
1761 1170 1832 1223 et
1894 1171 2356 1241 perseverate
2414 1181 2613 1224 come
2663 1160 2757 1223 fin
2806 1161 2924 1242 qui
2973 1163 3233 1225 havete

663 1265 856 1328 facto
917 1267 1745 1331 constantissimamente.
1844 1269 1984 1330 Per
2051 1270 2233 1331 altro
2300 1288 2645 1350 appresso
2694 1268 2765 1330 vi
2813 1267 2873 1330 si
2920 1269 3235 1332 scrivera

662 1371 781 1454 piu
829 1375 1120 1456 allongo
1181 1383 1252 1436 et
1297 1375 1851 1456 provvederassi
1907 1375 1980 1437 di
2032 1375 2153 1456 qui
2209 1376 2524 1439 secundo
2580 1375 2741 1437 sera
2798 1389 3231 1457 opportuno,

665 1479 865 1543 Bene
913 1482 1170 1546 valete.

841 1587 1248 1652 Florentiae
1299 1588 1565 1652 XXVI
1613 1589 1986 1652 Februarii
2033 1589 2402 1654 MDXXI.

2483 1713 2572 1776 Ufl
2610 1714 2701 1783 fr„
2748 1715 3159 1766 vicecancellar.

1741 1906 1747 1912 ς
1757 1903 1848 1913 --Ἀ-ρ.
1860 1904 1962 1914 -Λκιν
1971 1905 2125 1916 dvx-„w-

1897 2135 2003 2199 29.

1395 2243 2051 2324 vicecancellarius
2108 2242 2489 2324 Alcandm.

1535 2390 1822 2460 (Ument.
1864 2389 2117 2449 German.
2153 2388 2217 2447 L.
2256 2389 2361 2456 20.)

1105 2508 1208 2575 (Ex
1247 2509 1522 2558 Florentia
1561 2521 1644 2574 27.
1683 2510 1843 2563 Febr.
1887 2536 1954 2545 —
1990 2511 2252 2558 Wormat.
2298 2521 2344 2559 2.
2386 2508 2565 2556 Martii
2611 2505 2784 2576 1521.)

843 2632 938 2698 Se
1005 2633 1075 2696 io
1124 2653 1267 2696 non
1317 2634 1514 2696 fusse
1562 2635 1903 2697 talmente
1952 2653 2299 2715 oppresso
2348 2632 2421 2693 di
2468 2631 2772 2694 facende
2820 2640 2893 2693 et
2940 2632 3235 2714 negotii,

663 2761 864 2804 come
933 2761 1012 2804 sa
1061 2741 1148 2805 V.
1200 2742 1271 2805 S.
1332 2750 1404 2804 et
1465 2760 1605 2804 non
1655 2760 1950 2822 sapesse
2001 2742 2133 2804 che
2181 2740 2419 2820 quella
2466 2759 2607 2802 non
2657 2739 2799 2820 pub
2855 2739 3233 2821 respirare,

662 2849 984 2912 crederei
1031 2850 1102 2913 la
1149 2847 1289 2912 mia
1319 2867 1361 2911 o
1395 2849 1466 2911 la
1496 2868 1623 2912 sua
1657 2857 1849 2911 sorte
1882 2867 2119 2911 essere
2153 2847 2529 2929 megliore;
2582 2867 2694 2910 ma
2727 2848 3235 2929 cognoscendo

660 2966 845 3020 tutto
894 2958 934 3019 l’
972 2958 1334 3039 oppositO,
1385 2978 1523 3022 non
1571 2976 1812 3039 veggo
1862 2955 2127 3039 perche
2176 2956 2224 3018 li
2273 2958 2512 3019 debba
2559 2956 2871 3019 scrivere
2920 2958 3235 3017 secondo

662 3065 752 3127 mi
800 3065 1072 3129 ricerca
1119 3086 1252 3147 per
1299 3068 1367 3128 la
1416 3085 1542 3128 sua
1592 3066 1662 3127 di
1695 3064 1872 3139 XII;
1922 3064 2196 3145 impero
2231 3064 2389 3126 chel
2422 3063 2729 3144 bisogno
2763 3062 2930 3125 delli
2964 3062 3235 3145 negotii

663 3170 721 3232 si
755 3183 1134 3236 commette
1168 3175 1260 3236 da
1293 3173 1535 3236 Roma
1568 3183 1640 3235 et
1674 3173 1721 3235 li
1755 3172 1961 3235 affari
2009 3170 2129 3253 qui
2177 3191 2353 3233 sono
2403 3171 2621 3232 molto
2670 3170 3032 3233 differenti
3064 3171 3236 3231 delli

662 3278 820 3341 altri
872 3277 1070 3360 costi,
1120 3289 1191 3342 et
1239 3279 1310 3341 di
1359 3299 1686 3342 recreare
1739 3278 1825 3341 V.
1864 3276 1933 3342 S.
1987 3300 2119 3340 con
2168 3279 2235 3340 le
2285 3276 2422 3339 mie
2469 3278 2724 3339 lettere
2777 3276 2816 3338 ὲ
2864 3286 3061 3339 tanto
3113 3276 3231 3338 im-

661 3386 1061 3465 pertinente
1131 3386 1244 3449 all'
1289 3386 1748 3449 insufitientia
1820 3394 1892 3448 et
1962 3383 2485 3466 occuppatione
2556 3385 2696 3446 mia
2766 3392 3034 3465 quanto
3108 3382 3233 3465 piu

660 3502 903 3572 presto
972 3492 1039 3554 io
1105 3502 1327 3575 tengo
1391 3493 1698 3575 bisogno
1765 3491 1836 3554 di
1905 3492 2131 3555 simile
2196 3492 2568 3557 medicina.
2678 3490 3025 3554 Existimo
3075 3493 3237 3553 chel

660 3599 975 3660 remedio
1039 3598 1208 3662 delli
1273 3600 1623 3662 communi
1685 3598 1953 3662 affanni
2000 3598 2308 3663 consista
2355 3599 2425 3663 in
2472 3599 2906 3681 supportarli
2955 3599 3235 3680 pacien-

663 3714 971 3769 temente
1022 3720 1093 3769 et
1138 3707 1208 3767 in
1257 3704 1490 3769 fructu
1540 3728 1776 3769 rerum
1823 3710 2009 3769 bene
2057 3716 2450 3789 gestarum,
2514 3708 2578 3770 el
2630 3709 2841 3788 quale
2888 3716 3235 3788 quantun-

662 3832 799 3893 que
849 3832 987 3874 non
1037 3811 1096 3874 si
1143 3832 1384 3905 vegga
1431 3812 1580 3877 cosi
1627 3815 1769 3876 alla
1817 3816 2083 3896 palese,
2134 3813 2174 3875 ὲ
2215 3813 2391 3895 pero
2426 3822 2594 3875 noto
2626 3815 2769 3876 alla
2798 3812 3237 3895 gratitudine

663 3920 771 3982 de'
806 3919 1121 4000 Patroni,
1171 3920 1219 3983 li
1269 3920 1460 4002 quali
1511 3932 1809 3984 sentano
1850 3922 1941 3983 de
1976 3921 2062 3983 V.
2098 3918 2169 3984 S.
2206 3921 2443 4003 quello
2474 3922 2607 3983 che
2642 3930 2713 3983 et
2742 3922 3235 3983 meritamente

662 4030 997 4091 debbono
1064 4040 1135 4091 et
1197 4030 1265 4092 le
1325 4028 1512 4091 virtu
1571 4039 1642 4092 et
1707 4033 1897 4090 bone
1959 4028 2226 4109 qualita
2285 4047 2408 4091 sue
2458 4028 2845 4090 ricercanO.
2942 4027 3069 4090 Cui
3124 4048 3235 4089 me

661 4135 1034 4215 plurimum
1085 4138 1523 4201 commendo,
1619 4136 2025 4199 Florentiae
2076 4136 2376 4198 XXVII
2412 4134 2784 4197 Februarii
2815 4133 3186 4198 MDXXI.

2766 4276 2889 4339 Sor.
2928 4276 3015 4337 rr.

2616 4366 3160 4417 vice-CancellariuS.
