3575 5775
1387 554 1502 594 ο-«Γς
1587 543 1686 601 119
1764 542 1881 598 {220

371 693 569 758 libros
615 692 881 776 ubique
927 714 1060 776 per
1108 691 1404 756 Sacrum
1452 693 1861 756 Romanum
1907 693 2314 776 imperium,
2378 693 2582 757 sicuti
2636 695 2707 758 in
2757 715 2912 777 pro-

371 803 599 865 vinciis
661 801 924 864 nostris
979 800 1337 864 inferioris
1401 800 1863 880 Burgundiae
1928 801 2195 864 factum
2257 799 2540 879 fuisset,
2621 803 2915 866 cremari

369 911 783 972 faceremus:
849 919 918 971 et
981 929 1138 971 cum
1199 907 1383 970 inter
1429 909 1608 970 haec
1655 907 2075 988 magnificus
2124 908 2477 970 Henricus
2526 907 2779 971 Comes
2830 911 2917 970 de

366 1018 626 1080 Nassau
661 1016 1106 1080 consiliarius
1137 1026 1400 1094 noster,
1435 1014 1641 1077 nobis
1673 1015 1958 1078 nomine
1990 1025 2111 1077 tuo
2142 1015 2485 1096 retulerit,
2518 1016 2919 1078 dilectionis

363 1135 518 1188 tuae
583 1124 1018 1186 desiderium
1080 1143 1274 1201 esse,
1339 1142 1428 1184 ne
1476 1123 1545 1183 in
1596 1142 1674 1183 re
1725 1121 2053 1201 Lutheri‚
2114 1121 2249 1184 nisi
2297 1142 2381 1184 eo
2424 1121 2625 1202 ,prius
2674 1122 2917 1184 audito

362 1233 646 1295 ulterius
691 1232 1088 1312 procedere
1139 1229 1472 1310 velimuS,
1525 1228 2016 1312 requisivimus
2064 1239 2155 1310 te,
2204 1239 2281 1290 ut
2328 1228 2631 1290 eundem
2665 1229 2917 1290 Luthe-

363 1361 504 1403 rum
556 1340 649 1402 ad
697 1348 1122 1401 conventum
1168 1335 1608 1418 imperialem
1655 1339 1794 1398 huc
1842 1337 2269 1399 adduceres:
2343 1335 2431 1398 Et
2481 1355 2611 1397 nos
2658 1335 2921 1398 ibidem

363 1449 546 1510 viros
595 1448 868 1526 doctOS,
919 1456 988 1507 et
1037 1444 1396 1526 sapientes
1445 1443 1853 1525 deputaturi
1890 1463 2222 1522 essemUS,
2272 1443 2389 1523 qui
2424 1463 2581 1504 eum
2614 1443 2918 1504 audituri

361 1563 624 1616 essent:
691 1553 790 1615 'Ut
833 1561 1088 1634 postea
1136 1552 1335 1614 iuxta
1384 1550 1813 1631 aequitatem
1862 1554 2001 1614 hoc
2050 1549 2413 1632 negotium
2463 1551 2713 1612 tollere
2764 1571 2918 1632 pos-

360 1663 608 1724 simus:
645 1661 752 1722 Ita
780 1669 1016 1722 tamen
1053 1661 1246 1740 quod
1282 1659 1558 1720 interim
1591 1659 1747 1740 ipse
1789 1659 2137 1720 Lutherus
2169 1657 2343 1718 nihil
2374 1667 2621 1719 contra
2652 1655 2919 1720 Sancti·

359 1779 574 1832 tatem
625 1765 992 1829 Pontificis
1039 1777 1160 1829 aut
1206 1764 1586 1845 scriberet,
1649 1774 1772 1827 aut
1822 1765 2197 1826 emitteret.
2282 1761 2428 1826 Sed
2478 1783 2689 1844 quum
2736 1784 2921 1826 nunc

357 1875 496 1937 fide
549 1875 770 1956 digno
820 1873 1224 1935 testimonio
1275 1872 1512 1934 edocti
1561 1891 1799 1934 sumus
1850 1873 2151 1934 eundem
2184 1870 2569 1932 Lutherum
2616 1871 2923 1934 maximo

357 1983 814 2045 anathemate
885 2001 926 2041 a
1003 1979 1455 2042 Beatitudine
1519 1978 1886 2041 Pontificis
1978 1977 2655 2041 excommunicatum
2746 1999 2925 2060 esse,

359 2088 856 2172 gravissimum
902 2086 1352 2149 interdictum
1402 2086 1794 2160 observari,
1840 2096 1913 2148 et
1963 2105 2118 2147 esse
2167 2087 2433 2147 debere
2480 2105 2925 2166 quocumque

359 2195 806 2278 pervenerit,
869 2203 990 2255 aut
1055 2193 1480 2273 ubicumque
1543 2192 1914 2274 manserit,
1976 2194 2092 2254 vel
2155 2212 2311 2254 cum
2371 2191 2927 2273 quibuscumque

361 2302 810 2366 tractaverit:
873 2311 1144 2362 mature
1194 2299 1820 2379 consideravimuS,
1885 2298 1943 2362 si
1990 2319 2173 2361 nunc
2223 2299 2575 2361 Lutherus
2624 2319 2781 2362 cum
2831 2300 2926 2360 di-

359 2409 670 2473 lectione
717 2419 840 2468 tua
887 2407 1228 2470 advenire
1278 2409 1606 2486 deberet,
1677 2407 1866 2488 quod
1915 2409 2049 2470 hoc
2100 2427 2239 2468 non
2290 2406 2717 2470 mediocrem
2766 2426 2925 2469 con-

363 2518 714 2580 fusionem
764 2513 1072 2593 afferret,
1137 2514 1504 2594 Nobisque
1553 2535 1635 2575 ac
1687 2533 1891 2576 sacro
1941 2534 2231 2576 romano
2285 2513 2579 2594 imperio
2630 2524 2699 2574 et
2743 2513 2929 2576 illius

363 2625 668 2688 statibus
720 2625 808 2684 ab
858 2622 1125 2684 exteris
1173 2622 1580 2685 nationibus
1629 2621 1911 2684 sinistre
1961 2623 2341 2684 admodum
2387 2621 2928 2702 interpretatum

361 2733 452 2794 iri
524 2751 769 2812 posse:
843 2735 914 2791 et
983 2739 1061 2791 ut
1129 2729 1530 2792 huiusmodi
1593 2728 2122 2792 inconvenienti
2190 2729 2429 2792 debite
2497 2738 2928 2808 occurratur,

361 2842 732 2903 hortamur
778 2836 1229 2900 dilectionem
1278 2846 1470 2899 tuam
1519 2835 1708 2899 omni
1755 2855 1897 2919 quo
1948 2856 2320 2920 possumus
2363 2835 2617 2915 studio,
2665 2847 2741 2898 ut
2775 2857 2904 2918 pre

361 2949 518 3011 fato
571 2945 882 3009 Luthero
932 2964 1297 3026 proponas
1347 2955 1418 3007 et
1465 2947 1803 3007 ostendas
1818 2995 1837 3025 ,
1897 2944 1953 3007 si
2003 2946 2230 3024 volet,
2291 2944 2523 3005 omnia
2573 2964 2691 3022 ea,
2748 2964 2928 3024 quae

364 3065 620 3117 contra
661 3052 1186 3115 Beatitudinem
1221 3051 1605 3133 Pontificis,
1651 3062 1724 3113 et
1755 3050 2091 3114 Sanctam
2126 3048 2385 3113 Sedem
2418 3050 2929 3131 Apostolicam,

365 3172 442 3226 et
489 3172 892 3223 sanctorum
939 3171 1219 3241 patrum
1269 3162 1596 3239 decreta,
1643 3170 1714 3221 et
1763 3159 2065 3221 concilia
2112 3157 2502 3240 scripserit,
2552 3167 2931 3239 antequam

367 3268 562 3331 illinc
623 3268 978 3344 discedat,
1046 3286 1423 3343 revocare,
1489 3276 1560 3327 et
1621 3286 1696 3329 se
1759 3267 2050 3347 insuper
2098 3275 2387 3328 sanctae
2439 3263 2626 3327 sedis
2672 3264 2931 3327 iudicio

365 3375 743 3452 subiicere,
792 3376 983 3454 quod
1036 3374 1294 3436 deinde
1344 3394 1502 3436 eum
1551 3382 1806 3453 tecum,
1855 3394 1995 3435 non
2044 3375 2180 3435 huc
2229 3374 2356 3434 sed
2398 3371 2931 3435 Francfordiam

361 3482 462 3544 ad
513 3482 833 3562 Menum,
891 3484 1006 3544 vel
1057 3480 1362 3562 aliquem
1411 3481 1628 3543 alium
1675 3484 1907 3544 locum
1954 3480 2293 3559 vicinum,
2344 3490 2416 3542 et
2464 3479 2937 3562 propinquum

361 3590 722 3667 adducaS,
785 3598 856 3651 et
904 3588 1044 3650 illic
1095 3590 1530 3651 voluntatem
1583 3599 1897 3652 nostram
1946 3598 2299 3669 expectet.
2397 3586 2603 3668 Quod
2654 3588 2710 3649 si
2760 3589 2935 3649 haec

360 3697 525 3777 ipse
574 3695 924 3757 Lutherus
977 3694 1218 3757 facere
1281 3695 1753 3777 recusaverit,
1820 3704 1986 3758 tunc
2042 3695 2271 3776 ipsum
2322 3694 2511 3757 domi
2557 3694 2937 3776 relinquas

363 3804 602 3863 donec
671 3802 880 3864 latius
944 3804 1033 3863 de
1097 3804 1234 3864 hac
1297 3823 1512 3865 causa
1575 3824 1732 3865 cum
1800 3802 2181 3864 dilectione
2230 3814 2352 3863 tua
2397 3805 2623 3864 verbo
2672 3800 2938 3882 aegeri-

364 3930 566 3987 muS,
629 3910 818 3989 quod
889 3909 1342 3972 dilectionem
1389 3918 1580 3972 tuam
1630 3911 1855 3971 latere
1906 3908 2283 3988 noluimus,
2350 3917 2426 3969 ut
2472 3908 2540 3969 in
2593 3927 2679 3970 eo
2729 3908 2939 3968 etiam

367 4017 812 4079 voluntatem
877 4026 1186 4078 nostram
1253 4018 1648 4097 exequeris.
1749 4018 2008 4078 Datum
2076 4016 2143 4077 in
2198 4014 2483 4078 civitate
2533 4023 2775 4077 nostra
2820 4012 2939 4075 im—

367 4122 629 4204 periali
677 4121 1142 4185 Wormatiae.
