3575 5775
1713 547 2205 608 0-43294&

676 699 839 764 insti
890 718 1083 782 appo
1132 699 1201 762 la
1250 695 1560 762 Cesarea
1606 697 1886 760 Maesta
1933 700 2064 760 che
2114 695 2283 759 doni
2331 696 2581 759 ordine
2629 718 2672 759 a
2719 699 2816 760 tal
2867 719 3065 760 error
3119 697 3236 780 piu

678 817 925 890 presto
984 805 1041 868 si
1098 815 1270 890 pote
1334 815 1404 868 et
1459 824 1635 887 pare
1699 805 1827 868 che
1895 805 1940 866 'l
2002 804 2404 885 Argentino
2471 805 2804 886 predetto
2864 804 3061 867 habii
3120 805 3236 887 piu

678 935 905 998 paura
962 915 1053 976 (16
1120 913 1159 976 1’
1216 913 1641 996 apparentia
1707 914 1797 974 de
1863 922 2115 994 questo
2175 912 2359 974 libro
2424 913 2557 974 6116
2624 913 2715 976 (16
2779 914 2971 975 nullo
3038 913 3240 993 altro,

678 1042 899 1086 anaor
948 1023 1079 1086 che
1115 1021 1313 1084 detto
1350 1021 1711 1104 Episcopo
1746 1039 2029 1101 sempre
2061 1019 2130 1081 in
2164 1020 2236 1082 la
2264 1019 2524 1082 Diaeta
2555 1017 2640 1081 sii
2689 1028 2874 1082 stato
2923 1013 3240 1083 animoso

682 1141 751 1192 et
800 1132 991 1192 bono
1040 1149 1169 1212 per
1220 1129 1287 1192 la
1321 1127 1545 1190 Santa
1588 1127 1864 1190 Chiesa.
1959 1123 2056 1188 Se
2097 1127 2234 1190 Dio
2282 1147 2394 1189 me
2440 1127 2744 1190 havesse
2778 1125 2960 1190 satta
3006 1126 3241 1210 gratia

682 1237 771 1298 do
820 1237 1183 1320 hybernar
1234 1245 1485 1318 questo
1536 1255 1721 1298 anno
1771 1234 1844 1296 in
1891 1236 1962 1296 la
2008 1233 2444 1298 bibliotheca
2490 1234 2806 1317 palatina
2857 1255 2901 1298 a
2933 1255 3044 1298 me
3079 1255 3240 1298 con-

683 1363 919 1422 cessa,
990 1353 1185 1406 certo
1255 1341 1631 1404 volentieri
1710 1339 1948 1403 hart-ei
2015 1339 2260 1402 scritto
2328 1348 2578 1402 contra
2643 1351 2898 1422 questo
2964 1341 3242 1404 ribaldo

686 1451 905 1522 libum
974 1470 1085 1512 ma
1152 1449 1415 1530 perche
1486 1449 1673 1512 vedo
1742 1449 1873 1510 che
1935 1457 2142 1528 parte
2198 1467 2331 1528 per
2390 1446 2440 1510 li
2503 1447 2757 1509 camini
2819 1469 2863 1511 a
2922 1469 3034 1511 me
3103 1469 3244 1511 non

686 1556 941 1634 securi,
1010 1565 1215 1638 parte
1276 1554 1543 1638 perche
1600 1575 1731 1636 per
1786 1555 2378 1617 comandamento
2427 1553 2516 1616 de
2563 1553 2650 1616 N.
2699 1551 2751 1615 S
2801 1574 2843 1618 e
2892 1556 2983 1618 de
3032 1554 3119 1618 V.
3171 1553 3246 1618 S.

686 1664 877 1728 Rma
926 1663 993 1726 io
1042 1665 1135 1726 ho
1186 1683 1227 1726 a
1274 1671 1505 1726 restar
1550 1661 1623 1723 in
1685 1671 1936 1742 queste
2001 1662 2240 1723 bande
2301 1661 2411 1722 sin
2472 1665 2604 1723 che
2665 1661 2829 1724 vedi
2893 1662 2990 1724 dil
3060 1671 3246 1726 tutto

689 1769 1048 1854 extirpata
1096 1779 1345 1852 questa
1410 1776 1615 1848 setta,
1681 1788 1724 1829 o
1789 1769 2068 1832 almeno
2133 1777 2333 1830 tanto
2399 1769 2535 1830 che
2595 1787 2738 1831 non
2795 1788 2873 1831 se
2931 1768 3250 1832 rechiedi

687 1877 807 1959 piu
856 1879 926 1942 la
975 1875 1337 1960 presentia
1382 1875 1541 1954 mia,
1592 1877 1697 1938 ho·
1731 1875 1975 1936 voluto
2023 1876 2318 1937 mandat
2365 1875 2564 1937 detto
2611 1875 2818 1956 libro,
2866 1875 3064 1939 accio
3113 1877 3250 1940 che

688 1983 965 2048 interim
1014 1983 1313 2064 qualche
1362 1981 1589 2064 gentil
1635 1980 1928 2062 ingenio
1979 1983 2068 2044 de
2119 1981 2336 2062 quelli
2381 1981 2560 2044 recti
2623 1993 2696 2044 et
2759 1983 3143 2046 orthodoxi
3193 1983 3252 2046 si

688 2090 988 2154 exerciti
1023 2109 1181 2152 cum
1214 2089 1331 2170 piu
1367 2087 1523 2150 ocio
1556 2098 1626 2150 et
1660 2088 1870 2168 copia
1900 2090 1989 2151 de
2023 2088 2184 2151 libri
2233 2089 2428 2152 costa
2475 2110 2520 2150 a
2564 2090 2962 2170 responder
3007 2091 3252 2154 avanti

688 2201 819 2262 che
852 2199 911 2262 si
940 2197 1265 2279 imprima
1294 2196 1595 2277 qualche
1627 2197 1767 2258 mal
1799 2204 2128 2258 concetto
2162 2195 2285 2257 alli
2329 2194 2512 2257 laici.
2607 2195 2818 2258 Certo
2867 2198 2999 2260 che
3047 2198 3252 2261 detto

689 2305 871 2368 libro
920 2305 1013 2368 mi
1060 2305 1155 2366 ha
1200 2302 1382 2365 fatto
1440 2303 1641 2383 quasi
1690 2312 1920 2365 restar
1969 2323 2108 2383 qua
2154 2301 2276 2383 piu
2325 2303 2460 2366 che
2506 2304 2688 2365 altro
2735 2323 2867 2384 per
2915 2324 3254 2369 occorrer

690 2413 822 2474 6116
870 2409 1103 2492 questi
1148 2407 1396 2491 populi
1440 2427 1579 2470 non
1629 2407 1687 2470 si
1735 2409 1999 2472 lassino
2047 2409 2222 2471 tirar
2267 2409 2338 2470 in
2387 2418 2640 2491 questa
2687 2409 2870 2472 falsa
2912 2410 3252 2493 opinione

693 2517 742 2582 il
792 2519 923 2580 che
971 2536 1084 2579 me
1152 2515 1383 2577 sforzo
1456 2514 1569 2576 far
1640 2535 1773 2577 con
1839 2515 1987 2577 vivi
2052 2516 2485 2598 argomenti,
2560 2526 2631 2579 et
2699 2527 2965 2598 quanto
3035 2539 3256 2600 posso

690 2627 914 2688 veder
963 2633 1034 2686 et
1081 2621 1300 2685 sentir
1347 2641 1491 2684 non
1555 2641 1767 2683 senza
1835 2620 2278 2685 satisfatione
2341 2623 2432 2686 de
2498 2622 2612 2685 chi
2670 2643 2762 2685 ne
2827 2624 3116 2705 dubita,
3183 2635 3255 2690 et

689 2729 1062 2795 confusion
1110 2731 1199 2792 de
1247 2727 1655 2792 Lutherani.
1750 2728 1928 2793 Esso
1976 2728 2158 2792 libro
2218 2749 2436 2792 ancor
2505 2731 2637 2792 che
2708 2731 2749 2792 1’
2784 2729 2979 2793 habii
3041 2731 3253 2796 titulo

690 2840 780 2901 de
829 2857 925 2902 un
974 2835 1282 2920 quidam,
1332 2844 1403 2899 et
1449 2836 1637 2900 intus
1685 2836 1950 2918 quellui
1999 2857 2074 2901 se
2123 2835 2390 2901 nomini
2438 2836 2731 2918 Boem0‚
2779 2841 3168 2903 tuttavolta
3215 2839 3255 2903 ὲ

692 2945 1002 3028 openion
1052 2946 1157 3015 de.
1191 2943 1393 3025 quasi
1442 2943 1603 3006 tutti
1651 2945 1782 3006 6116
1831 2942 1917 3006 sii
1965 2954 2334 3026 composto
2383 2944 2454 3007 in
2503 2955 2754 3027 queste
2815 2947 3090 3027 bande,
3165 2966 3255 3011 ne

690 3055 783 3116 ha
830 3052 873 3114 l'
909 3060 1115 3114 autor
1160 3060 1359 3114 tanto
1408 3062 1664 3132 saputo
1715 3050 2116 3114 dissimulat
2163 3053 2230 3115 el
2279 3052 2440 3114 stilo
2486 3053 2616 3115 che
2667 3072 2804 3114 non
2855 3052 2912 3115 si
2951 3072 3253 3135 cognos-

691 3158 825 3239 chi,
874 3157 1031 3220 anci
1080 3158 1341 3239 perche
1392 3158 1462 3219 in
1513 3157 1747 3221 alcuni
1795 3158 1984 3221 lochi
2034 3178 2299 3241 sparge
2349 3158 2640 3222 dictioni
2686 3161 2996 3223 barbare
3045 3180 3254 3225 como

692 3266 802 3328 dir
848 3265 919 3327 in
968 3265 1391 3346 linguaggio
1439 3284 1693 3346 grem,
1758 3274 1831 3328 et
1877 3267 2057 3328 altre
2106 3266 2368 3347 simile,
2430 3275 2630 3329 tanto
2700 3267 2819 3349 piu
2878 3268 2971 3329 mi
3021 3268 3058 3331 ὲ
3109 3288 3253 3331 505·

694 3380 928 3455 pett0,
988 3372 1254 3452 perche
1315 3372 1433 3433 nel
1488 3379 1680 3434 resto
1750 3373 1867 3434 del
1931 3373 2094 3435 stilo
2143 3392 2286 3435 non
2337 3373 2745 3436 demonstra
2793 3393 2990 3436 esser
3034 3374 3254 3438 homo

695 3480 827 3541 6116
876 3497 1017 3540 non
1066 3478 1298 3560 sappii
1347 3478 1457 3541 dir
1503 3481 1685 3543 altro
1733 3482 1867 3543 che
1913 3479 2371 3565 lz'nguagium.

876 3584 1129 3665 Quello
1178 3587 1403 3648 amico
1436 3586 1524 3648 de
1558 3586 1672 3649 chi
1706 3608 1782 3649 se
1813 3586 2119 3668 suspica,
2170 3586 2474 3649 essendo
2523 3586 2882 3651 dominica
2925 3586 3256 3668 proxime

696 3700 987 3777 passata
1062 3711 1261 3755 meco
1342 3712 1384 3753 a
1450 3713 1711 3775 pranso
1776 3693 2070 3756 insieme
2135 3713 2293 3758 cum
2355 3713 2448 3756 un
2511 3694 2787 3775 grande
2844 3693 3256 3757 Lutherano

696 3800 1065 3864 accadette
1116 3800 1247 3862 che
1295 3800 1353 3862 si
1402 3802 1605 3881 parlo
1665 3799 1737 3863 di
1786 3811 2038 3883 questo
2086 3800 2268 3864 libro
2329 3801 2464 3863 che
2523 3800 2592 3862 io
2653 3800 2913 3863 mando
2938 3846 2958 3881 ,
3022 3810 3096 3863 et
3161 3801 3256 3863 di-

694 3910 922 3971 cendo
971 3906 1039 3969 io
1090 3908 1220 3970 che
1270 3916 1619 3970 contenea
1667 3911 1884 3971 multe
1931 3908 2204 3991 buggie
2269 3906 2914 3991 impudentissime,
2984 3907 3082 3970 lui
3157 3909 3256 3971 in-

697 4015 1055 4078 flammato
1123 4035 1326 4077 como
1392 4036 1487 4077 un
1549 4014 1711 4077 foco
1761 4016 1855 4078 mi
1905 4016 2093 4078 disse
2142 4036 2300 4078 cum
2345 4014 2652 4097 impetO,
2714 4016 2846 4079 che
2909 4003 3258 4078 ne'mon·

698 4132 963 4185 strasse
990 4141 1129 4185 una
1156 4120 1361 4184 cheli
1389 4121 1840 4202 piacerebbe.
1908 4123 1986 4185 Io
2019 4132 2214 4185 certo
2248 4132 2500 4203 aperto
2549 4122 2596 4184 il
2644 4120 2828 4185 libro
2877 4122 3114 4184 subito
3167 4142 3258 4185 ne

700 4227 1037 4291 monstrai
1086 4229 1224 4291 doe
1274 4228 1804 4293 evidentissime
1855 4241 1924 4291 et
1971 4230 2298 4310 probailo
2346 4250 2478 4311 per
2523 4228 2575 4291 li
2619 4229 2890 4311 proprii
2940 4229 3118 4292 detti
3168 4231 3258 4293 de

700 4334 847 4399 San
896 4337 1121 4398 Paulo
1170 4336 1463 4416 allegati
1508 4335 1581 4399 in
1631 4356 1789 4399 esso
1840 4337 2021 4399 libro
2072 4338 2160 4399 de
2209 4345 2402 4400 sorte
2454 4337 2586 4399 6116
2641 4337 2876 4400 subito
2947 4337 3258 4399 devento

696 4443 979 4524 giald0‚
1048 4443 1179 4505 che
1226 4462 1449 4524 parea
1494 4453 1852 4506 venenato
1902 4445 1992 4505 da
2039 4444 2315 4525 grande
2364 4442 2774 4517 confusion;
2832 4464 2947 4506 ma
2991 4443 3257 4526 perche

698 4570 841 4613 non
891 4570 1015 4611 era
1060 4558 1299 4631 tempo
1360 4550 1451 4612 de
1514 4550 1633 4632 piu
1683 4552 2038 4631 procedet
2084 4550 2152 4613 io
2201 4550 2414 4614 messi
2460 4549 2556 4613 fin
2615 4571 2658 4613 a
2723 4551 2823 4612 tal
2894 4570 3059 4615 cosa
3127 4551 3258 4614 las-

700 4655 979 4720 sandoli
1028 4657 1159 4718 che
1204 4657 1440 4720 roder.

878 4764 1035 4827 Hor
1080 4765 1343 4845 perche
1390 4763 1607 4827 incidi
1653 4763 1725 4825 in
1773 4763 2204 4827 mentionem
2249 4764 2591 4844 hominiS,
2662 4774 2733 4827 et
2796 4762 3062 4827 Vostra
3105 4762 3257 4845 Sig-

702 4872 907 4937 noria
952 4872 1586 4935 Reverendissima
1633 4892 1763 4953 per
1813 4892 1952 4934 una
1999 4894 2126 4935 soa
2170 4872 2264 4935 ali
2297 4871 2368 4934 di
2399 4871 2669 4953 passati
2701 4871 2792 4933 mi
2839 4871 3260 4934 commanda
