3575 5775
1314 551 1810 606 0-43257ff-<s

310 708 371 761 et
414 719 619 782 opere
668 698 865 762 accio
918 697 1140 761 Cesar
1188 716 1495 760 conosca
1544 705 1615 759 et
1660 705 1846 760 tutto
1898 697 1941 758 ’1
1990 698 2252 760 mondo
2302 699 2434 762 che
2481 697 2566 763 N.
2618 695 2726 759 8⁰¹*
2773 716 2843 760 et

309 817 535 886 questa
581 806 805 868 Santa
853 802 1044 867 Sede
1092 813 1443 887 reputano
1494 813 1747 886 questa
1795 804 2028 886 gratia
2077 806 2320 886 doppo
2367 805 2507 868 Dio
2558 803 2650 868 da
2699 803 2844 868 Sua

308 913 441 974 Μῐὲ
497 913 801 976 Cesarea
864 922 935 974 et
996 914 1128 974 che
1191 931 1281 973 ne
1350 932 1605 974 serano
1666 932 1948 992 sempre
2011 911 2443 975 ricordevoli
2525 923 2594 974 et
2656 913 2845 994 grati

309 1041 493 1082 verso
540 1021 776 1101 quella
827 1028 898 1082 et
942 1028 1128 1082 tutta
1174 1040 1257 1081 su
1306 1017 1489 1082 Casa
1552 1018 2023 1082 serenissima.
2117 1019 2260 1082 Voi
2322 1039 2526 1083 mess,
2596 1019 2844 1082 Hiero-

306 1147 499 1208 nymo
545 1126 1044 1209 ringratierete
1113 1146 1331 1188 ancor
1394 1126 1461 1188 el
1526 1146 1675 1188 rev.
1724 1125 1961 1188 Padre
1994 1125 2431 1207 ‘confessor,
2496 1125 2844 1206 Palentia,

306 1234 681 1296 consellieri
729 1247 799 1296 et
847 1233 895 1295 li
941 1233 1100 1296 altri
1150 1232 1421 1316 signori
1464 1233 1778 1296 secondo
1827 1233 1878 1294 li
1925 1233 2174 1316 meriti,
2226 1242 2295 1295 et
2342 1232 2846 1314 persuadetevi

304 1343 423 1402 che
467 1350 658 1403 tante
705 1339 1007 1420 fatiche,
1075 1340 1253 1401 tanti
1315 1339 1527 1402 stenti
1594 1349 1665 1403 et
1715 1339 1960 1420 vigilie
2009 1348 2210 1402 usate
2257 1339 2325 1402 in
2380 1350 2629 1421 questa
2678 1361 2846 1402 cosa

304 1445 366 1507 vi
410 1467 705 1509 saratino
757 1449 1350 1510 cumulatamente
1397 1447 1749 1510 ristorate.
1845 1445 1930 1510 N.
1982 1445 2055 1512 S.
2124 1447 2335 1511 lauda
2392 1467 2522 1509 con
2576 1468 2846 1510 summa

304 1553 851 1616 commendation
900 1553 943 1615 l'
976 1573 1236 1634 opera,
1302 1552 1353 1615 il
1420 1553 1655 1616 studio
1723 1563 1795 1616 et
1849 1552 2017 1616 fede
2067 1563 2138 1616 et
2186 1553 2556 1617 animosita
2605 1563 2848 1618 vostra

304 1660 499 1741 piena
545 1661 616 1723 di
662 1660 1012 1742 religione
1061 1659 1131 1722 in
1182 1669 1435 1741 questa
1482 1681 1649 1722 cosa
1698 1669 1897 1723 tanto
1948 1661 2426 1743 travagliosa‚
2493 1669 2564 1724 et
2610 1659 2728 1723 noi
2776 1658 2846 1722 vi

302 1766 582 1830 amiamo
649 1767 1163 1830 cordialmente
1229 1776 1301 1830 et
1366 1787 1710 1849 pensamo
1772 1788 1814 1829 a
1878 1768 2380 1831 commodarvi.
2474 1767 2556 1830 El
2622 1771 2844 1831 breve

302 1875 383 1936 de
428 1874 690 1937 accessi
737 1894 870 1956 per
915 1874 960 1936 l’
996 1873 1303 1936 officiale
1354 1875 1444 1936 de
1492 1873 1787 1936 Treveri
1839 1873 1909 1936 vi
1956 1873 2016 1936 si
2063 1875 2324 1937 manda
2387 1895 2521 1936 con
2572 1884 2843 1956 questa,

302 1981 344 2043 il
389 1992 569 2044 resto
618 1981 678 2043 si
725 2001 949 2063 segue
998 1980 1068 2043 di
1117 1980 1385 2044 vedere
1434 1980 1491 2043 si
1540 1981 1952 2063 expedisca.
2045 1980 2137 2042 Et
2165 1983 2350 2044 bene
2382 1981 2640 2044 valete.
2735 1981 2846 2043 Ex

300 2087 646 2151 Florentia
693 2087 760 2150 V
807 2087 997 2168 Junii
1043 2087 1411 2151 MDXXI.

461 2194 621 2257 Non
668 2195 737 2256 vi
788 2195 1020 2258 scordi
1070 2195 1137 2258 16
1185 2205 1430 2258 nostre
1477 2194 2133 2258 raccomandationi
2181 2215 2223 2256 a
2271 2191 2344 2257 S.
2393 2194 2520 2257 Mt*
2557 2197 2843 2276 quando

300 2301 363 2362 vi
425 2321 713 2364 occorre
776 2299 1273 2383 opportunita,
1331 2302 1465 2364 che
1527 2312 1723 2363 certo
1786 2312 2114 2383 portamo
2178 2302 2296 2364 nel
2363 2322 2529 2364 core
2593 2311 2868 2382 questo·

298 2411 471 2471 buon
520 2409 844 2491 principe
894 2417 965 2472 et
1013 2408 1235 2471 siamo
1284 2428 1415 2491 per
1475 2409 1796 2490 portarlo
1863 2409 2033 2489 ogni
2098 2406 2166 2471 di
2229 2409 2349 2490 pisi
2405 2429 2539 2490 per
2595 2418 2845 2490 questa

298 2535 413 2578 sua
456 2536 723 2578 summa
770 2515 1011 2578 bonta.
1116 2515 1208 2579 Al
1271 2513 1638 2578 confessor
1700 2514 2335 2578 osservandissimo
2397 2514 2544 2578 fate
2616 2515 2844 2578 anche

297 2624 357 2684 le
398 2623 649 2685 iterate
698 2621 1351 2686 raccomandationi
1400 2623 1468 2685 al
1514 2641 1697 2703 gran
1746 2622 2170 2686 Cancellieri
2217 2631 2348 2688 etc.

458 2729 665 2793 Circa
697 2729 745 2793 il
778 2729 1023 2792 venire
1058 2739 1301 2792 vostro
1336 2731 1547 2811 quale
1578 2737 1917 2792 mostrate
1950 2730 2380 2811 desiderare,
2415 2730 2499 2792 N.
2537 2728 2844 2812 Signore

301 2836 438 2900 dice
486 2839 618 2900 che
667 2857 745 2901 se
794 2857 935 2900 non
984 2835 1055 2899 vi
1088 2856 1265 2918 pare
1296 2836 1415 2918 pi&
1448 2835 1857 2900 necessaria
1905 2837 1944 2900 l'
1979 2856 2200 2919 opera
2232 2846 2474 2901 vostra
2505 2837 2577 2899 in
2610 2839 2844 2919 quelle

298 2946 514 3009 bande
582 2946 716 3008 che
778 2944 814 3007 6
896 2953 1235 3007 contento
1302 2964 1390 3007 ve
1452 2964 1541 3007 ne
1615 2945 1930 3025 poss-iate
1997 2952 2281 3007 tornare
2360 2963 2405 3006 a
2473 2946 2842 3007 commodo

300 3060 543 3116 vostro.
638 3052 728 3113 Et
776 3053 963 3114 bene
1014 3052 1267 3114 valete.
1364 3050 1772 3114 Florentiae
1823 3051 1925 3113 VI
1971 3050 2162 3129 Junii
2209 3050 2574 3114 MDXXI.

1768 3174 1876 3239 vr.
1915 3174 2129 3246 Frater,
2171 3183 2303 3233 vice
2343 3181 2772 3248 Cancellarius.¹)
2885 3250 2890 3255 ¹

1364 3377 1568 3389 mvemw
1575 3381 1588 3389 υ
1597 3378 1635 3389 υκ-
1644 3378 1773 3389 *tvvm

1484 3625 1630 3691 100.

934 3753 1349 3833 Aloander
1412 3751 2188 3833 VioecanoellariO.

1224 3890 1422 3961 (nunt.
1464 3891 1644 3950 Germ.
1680 3890 1743 3950 L.
1777 3890 1915 3955 133.)

1326 4002 1397 4069 (1.
1436 4003 1585 4067 Junii
1632 3998 1805 4069 1521.)

458 4128 617 4191 Non
667 4148 793 4190 era
841 4147 969 4208 per
1017 4129 1353 4190 molestat
1402 4128 1469 4189 al
1532 4135 1869 4207 presente
1927 4147 2062 4189 con
2118 4126 2252 4189 mie
2310 4128 2518 4189 lettre
2583 4126 2842 4189 Vostra

306 4230 620 4315 Signoria
668 4234 1341 4315 Reverendissirna‚
1405 4255 1482 4296 se
1530 4254 1671 4295 non
1730 4231 1925 4296 fusse
1973 4235 2106 4297 che
2153 4234 2222 4295 lo
2271 4232 2628 4316 Episcopo
2677 4234 2842 4296 olirn

305 4339 427 4402 mio
472 4340 740 4404 Patron
790 4340 841 4402 li
888 4340 1120 4404 scrive
1170 4343 1423 4404 alcune
1472 4340 1891 4403 credentiali
1940 4340 2012 4402 di
2056 4340 2194 4402 mie
2243 4342 2490 4403 lettre:
2540 4341 2725 4403 Pero
2774 4340 2842 4403 16

307 4449 607 4529 supplico
658 4449 792 4511 che
842 4468 921 4511 se
970 4468 1112 4510 non
1158 4468 1290 4529 per
1338 4448 1720 4529 preghiere
1772 4448 1888 4510 del
1938 4448 2134 4510 detto
2183 4446 2543 4529 Episcopo
2577 4447 2663 4509 ne
2713 4466 2844 4528 per

307 4552 427 4615 mie
480 4554 724 4618 humili
790 4554 1299 4635 summissioni,
1358 4554 1637 4617 almeno
1693 4574 1827 4636 per
1886 4574 2084 4617 arnor
2141 4555 2328 4616 della
2377 4552 2602 4617 Santa
2649 4552 2840 4617 Sede

308 4658 725 4744 Apostolica,
754 4672 825 4724 et
846 4671 1407 4725 sustentamento
1435 4662 1507 4723 di
1529 4662 1785 4743 quella,
1813 4661 2080 4724 Vostra
2115 4660 2450 4742 Signoria
2477 4662 2840 4724 Reveren-

364 4887 397 4956 ι)
434 4892 698 4943 Aleander
732 4908 893 4942 manu
930 4894 1145 4958 propria
1182 4894 1482 4943 adnotavit:
1524 4894 1798 4943 Redditae
1837 4892 2060 4943 Lovanii
2100 4905 2182 4942 21.
2224 4894 2390 4959 Junii.

351 4995 496 5049 Bam,
518 5000 808 5041 Documenta.
825 5000 1102 5040 lanthertum.
2457 4982 2520 5035 17
