3575 5775
1374 637 1870 693 φθὸθΙΕβ-«ῡ

1540 927 1691 994 238.

892 1044 1195 1125 Eokius:
1255 1043 1561 1123 Fructus
1618 1044 1970 1146 germinis
2023 1045 2338 1126 Lutheri.

330 1191 566 1261 (Pontis.
614 1192 944 1266 Imperator.
983 1191 1143 1250 Eokii
1182 1193 1288 1250 eto.
1343 1190 1627 1339 offis-tog?
1665 1221 1733 1338 :b-
1783 1192 1950 1354 mich.
1987 1193 2162 1252 vatio.
2213 1195 2432 1252 mar.
2466 1193 2680 1252 mn
2722 1193 2840 1252 Vol.
2877 1193 2908 1251 1

1636 1296 1665 1338 ο
1732 1297 1847 1355 seq.

519 1408 735 1472 Anno
784 1409 1069 1471 Domini
1115 1407 1536 1472 MDXXIV
1572 1419 2035 1474 surrexerunt
2067 1410 2310 1473 rustici
2366 1410 2630 1474 subditi
2695 1409 2902 1472 comi-

334 1515 425 1578 tis
486 1517 576 1579 de
644 1515 935 1598 Hupfen
1002 1515 1191 1578 circa
1248 1515 1389 1577 duo
1442 1516 1709 1599 oppida
1768 1518 1918 1580 eius
1967 1516 2372 1602 Stielingen
2420 1528 2491 1581 et
2551 1517 2898 1599 Tumgen,

330 1625 519 1686 adeo
547 1636 624 1686 ut
655 1633 1379 1686 castramentarentur
1409 1635 1680 1686 armata
1711 1645 1922 1688 manu
1956 1627 2145 1688 circa
2179 1647 2424 1690 nemus
2455 1625 2897 1699 Hercinium;

329 1731 619 1793 tandem
661 1738 826 1812 post
852 1732 1095 1813 plures
1125 1739 1510 1816 attentatas
1560 1733 1980 1795 concordias
2029 1734 2216 1816 (nam
2245 1732 2902 1796 Schaffhusensium

331 1838 790 1900 concordiam
838 1836 1101 1899 factam
1149 1847 1220 1899 et
1268 1847 1717 1919 acceptatam
1752 1839 1993 1902 rustici
2027 1842 2262 1903 denuo
2291 1840 2692 1923 fregerunt)
2744 1859 2902 1902 cum

327 1945 637 2028 plurium
688 1945 1029 2009 nobilium
1078 1943 1343 2008 subditi
1392 1954 1463 2006 et
1511 1944 2002 2009 Praelatorum
2049 1969 2126 2010 se
2175 1946 2454 2011 rusticis
2504 1947 2898 2010 coniunxis-

328 2063 525 2134 sent,
589 2055 894 2116 collecto
952 2071 1215 2133 magno
1281 2051 1599 2133 equitatu
1662 2053 1905 2116 rustici
1971 2074 2237 2136 aequas
2295 2055 2742 2118 conditiones
2791 2073 2898 2116 ac-

331 2179 593 2241 cepere
642 2160 843 2242 pacis
892 2169 964 2224 et
1012 2159 1111 2222 sic
1159 2179 1274 2221 res
1322 2158 1457 2221 fuit
1504 2159 1771 2225 sedata.

509 2267 726 2330 Anno
776 2266 919 2329 Dni
948 2265 1329 2329 MDXXV
1373 2266 1441 2328 in
1482 2264 1640 2356 ipso
1672 2267 2010 2346 Januario
2059 2269 2323 2332 subditi
2371 2270 2654 2332 abbatis
2704 2268 2898 2332 Cam·

326 2374 744 2455 pidunensis
791 2374 1087 2437 similem
1135 2375 1496 2456 querelam
1542 2385 1953 2457 moverunt,
2015 2377 2201 2439 unde
2267 2371 2459 2438 missi
2509 2397 2551 2438 a
2599 2377 2894 2440 foedere

329 2480 727 2545 Svevorum
779 2481 897 2564 qui
946 2501 1232 2544 causam
1280 2481 1605 2544 audirent
1631 2530 1648 2563 ‚
1699 2503 1854 2544 eam
1905 2482 2257 2565 reliquere
2305 2484 2815 2567 imperfectam.

510 2589 726 2652 Unde
772 2610 940 2652 mox
988 2587 1230 2652 rustici
1294 2588 1510 2650 vicini
1570 2589 1667 2676 in*
1707 2589 1972 2671 Algoia
2037 2590 2357 2672 episcopi
2424 2590 2902 2674 Augustensis

330 2697 545 2759 etiam
597 2698 1067 2778 rebellarunt,
1130 2697 1249 2778 qui
1308 2697 1661 2758 nollentes
1733 2717 1952 2778 agere
2002 2718 2159 2760 cum
2209 2698 2446 2780 aliquo
2497 2698 2900 2762 consiliario

328 2804 691 2884 petierunt
740 2804 1126 2865 adventum
1174 2801 1511 2885 Episcopi
1559 2803 1630 2866 in
1678 2805 1974 2885 propria
2021 2825 2358 2888 persona,
2430 2805 2548 2888 qui
2619 2808 2711 2868 ad
2778 2826 2902 2868 eos

330 2912 527 2974 venit
576 2911 644 2973 in
697 2910 1140 2975 Oberndorff
1182 2920 1252 2972 et
1300 2908 1579 2992 Steten,
1630 2914 1756 2975 sed
1807 2933 1884 2975 re
1933 2912 2200 2975 infecta
2248 2924 2536 2975 coactus
2585 2914 2716 2977 fuit
2766 2914 2896 2975 dis-

330 3020 591 3081 cedere
638 3019 710 3083 in
757 3020 1171 3084 Februario

506 3125 739 3189 Sexta
784 3126 1155 3190 Februarii
1204 3126 1487 3190 collecti
1534 3136 1698 3189 sunt
1758 3126 2003 3190 rustici
2057 3126 2306 3189 armati
2355 3148 2572 3209 supra
2619 3126 2898 3190 Ulmam

332 3234 613 3297 duobus
682 3233 1075 3297 miliaribus
1126 3235 1195 3297 in
1258 3234 1696 3317 Baleringen
1765 3244 1838 3296 et
1895 3232 2392 3315 Schimelberg
2454 3236 2544 3297 ad
2604 3246 2902 3316 quatuor

330 3341 661 3420 millium,
726 3342 1080 3405 neminem
1142 3351 1379 3405 tamen
1440 3340 1894 3405 offenderunt
1955 3342 2081 3404 sed
2139 3352 2372 3403 certos
2421 3354 2902 3424 conceperunt

331 3448 670 3511 articulos
728 3468 863 3530 pro
914 3448 1310 3531 Evangelio
1361 3459 1432 3512 et
1481 3470 1720 3513 eorum
1773 3449 2106 3513 libertate
2155 3462 2403 3511 eontra
2451 3447 2900 3529 SacerdoteS,

333 3555 711 3619 Praelatos
761 3566 831 3619 et
880 3555 1155 3619 nobiles
1204 3576 1360 3619 cum
1408 3556 1665 3637 quibus
1713 3576 1932 3639 saepe
1979 3557 2127 3638 liga
2175 3554 2438 3620 frustra
2486 3556 2654 3637 agit.

510 3662 781 3744 Quinta
810 3662 1052 3726 Martii
1101 3664 1537 3726 rebellarunt
1584 3664 1828 3727 rustici
1875 3664 1946 3726 in
1993 3664 2434 3727 Keisthnaro
2479 3664 2898 3744 Mindeltab,

332 3770 596 3852 Ilertal,
648 3770 1165 3851 Chamlachtal,
1214 3769 1532 3852 Ginztal,
1579 3770 1863 3852 Rottal,
1911 3771 1983 3833 in
2031 3772 2525 3835 Marchionatu
2575 3773 2900 3853 Burgaro

333 3877 521 3942 circa
572 3881 802 3941 lacum
853 3878 1043 3941 circa
1090 3876 1443 3961 Waltser,
1508 3890 1578 3941 et
1624 3878 2026 3941 Wuntzach
2083 3880 2266 3942 adeo
2319 3879 2507 3961 quod
2553 3878 2622 3940 in
2673 3879 2900 3941 tribus

286 3984 745 4079 ⁸septimanis
794 3987 930 4048 orti
976 3985 1267 4048 fuerunt
1313 3995 1475 4049 octo
1524 3985 1729 4049 cunei
1779 3986 2238 4049 Rusticorum
2292 3996 2362 4049 et
2424 3994 2756 4068 potenter
2825 3986 2894 4047 in

334 4090 589 4156 Suevis
640 4112 732 4155 ex
784 4092 1116 4175 opposito
1165 4091 1519 4154 Bavariae
1575 4112 1804 4174 prope
1868 4090 2287 4174 Schengaro
2346 4104 2424 4155 ut
2483 4092 2703 4156 duces
2761 4094 2893 4157 Ba·

328 4201 571 4263 variae
621 4200 970 4280 timerent,
1021 4219 1110 4261 ne
1160 4198 1630 4290 irrumperent
1662 4198 1731 4261 in
1783 4199 2116 4262 ducatum
2166 4220 2406 4263 eorum
2439 4211 2508 4262 et
2537 4200 2898 4284 praesidia

330 4306 840 4391 imposuerunt.

510 4412 995 4478 Obtinuerunt
1040 4416 1259 4477 multa
1307 4413 1574 4497 oppida
1641 4413 2015 4494 Luikirch‚
2066 4415 2406 4496 Vangen,
2473 4414 2892 4494 Markdorff,

330 4520 737 4605 Morspurg‚
785 4520 1171 4603 Waltsere,
1220 4520 1629 4601 Wurtzach,
1680 4520 2051 4604 Leiphein,
2100 4520 2500 4605 Gintzburg
2549 4532 2678 4589 etc,

504 4628 776 4711 Quarta
824 4629 1116 4713 Aprilis,
1208 4628 1583 4691 Exercitus
1631 4628 1822 4709 ligae
1871 4628 2122 4710 fugato
2172 4628 2888 4712 Wirtembergiorum

330 4735 601 4799 Ducem
648 4736 1063 4819 supervenit
1111 4745 1182 4798 et
1231 4734 1494 4800 VIIIm.
1542 4736 1964 4799 rusticorum
2013 4756 2105 4797 ex
2151 4746 2451 4819 utraque
2497 4747 2702 4819 parte
2749 4738 2886 4801 Da-

330 4844 523 4906 nubii
571 4864 801 4926 prope
848 4842 1221 4926 Leiphaim
1271 4841 1691 4905 constitutos
1736 4840 2000 4905 invasit
2061 4850 2132 4904 et
2187 4843 2280 4905 ad
2328 4843 2464 4906 tria
2510 4845 2728 4910 millia
2775 4866 2886 4909 oc-

332 4950 515 5033 cidit,
565 4951 1001 5035 septingenti
1049 4963 1170 5014 aut
1216 4952 1459 5037 plures
1505 4950 1854 5013 submersi
1901 4961 2100 5032 sunt,
2147 4949 2428 5035 plurimi
2470 4952 2684 5039 capti,
2733 4953 2885 5017 Ple-
