3575 5775
1326 567 1819 630 0-<316585-<2

333 723 540 778 tenuto
584 715 704 796 qui
753 716 849 778 da
893 715 1055 778 tutti
1098 734 1278 795 gran
1327 713 1758 796 buggiardO,
1807 714 2188 776 tuttavolta
2233 722 2431 777 tanta
2477 714 2513 777 ὲ
2557 715 2626 777 la
2666 713 2848 780 inca·

331 830 520 902 gnata
560 821 895 885 affetione
944 823 1034 883 de
1081 821 1244 884 tutti
1289 821 1519 904 questi
1568 818 1818 902 populi
1850 839 2057 882 verso
2090 815 2401 883 Luthero
2450 821 2579 883 che
2615 823 2850 884 crede·
2920 885 2927 901 ,

333 930 610 991 rebbeno
658 931 726 992 al
778 928 1086 1008 diaboIO,
1137 929 1203 991 el
1251 929 1418 1011 qual
1465 922 1583 1009 gia
1632 927 1679 988 li
1731 927 2039 1008 domina,
2089 928 2357 1008 purche
2403 928 2677 991 dicesse
2710 932 2849 992 ben

330 1034 388 1096 di
427 1034 740 1100 LutherO.

477 1143 990 1207 Haveressemo
1061 1151 1336 1206 tentato
1408 1143 1479 1204 di
1545 1141 1869 1223 prohibit
1933 1143 2064 1205 che
2115 1150 2365 1223 questo
2414 1143 2660 1205 eraldo
2708 1165 2849 1206 non

329 1247 490 1312 fusse
532 1251 888 1330 mandato,
937 1271 1052 1312 ma
1097 1249 1234 1313 mai
1282 1249 1357 1312 su
1407 1249 1751 1331 possibile
1800 1249 2171 1312 intendere
2222 1250 2314 1311 da
2361 1249 2408 1311 li
2443 1249 2851 1313 Caesariani

325 1372 525 1436 neque
570 1378 946 1438 personam
995 1357 1412 1421 mittendam
1462 1377 1695 1438 neque
1745 1364 2027 1438 tempus
2074 1356 2448 1437 discessu8‚
2499 1359 2849 1421 ancorche

325 1461 484 1524 mille
529 1464 862 1528 instantie
910 1464 1310 1545 facessimO,
1377 1472 1446 1527 et
1496 1465 1711 1527 credo
1763 1465 1896 1527 che
1946 1464 2384 1526 dubitavano
2435 1485 2478 1527 o
2526 1466 2657 1528 che
2706 1485 2849 1530 non

323 1570 836 1634 subornassemo
884 1591 1016 1653 per
1059 1572 1305 1635 danari
1339 1572 1538 1634 detto
1571 1573 1838 1651 erald0‚
1890 1573 2019 1634 che
2054 1592 2208 1634 cum
2243 1573 2543 1653 qualche
2574 1574 2848 1654 parolle

323 1694 442 1737 non
487 1679 878 1742 deterreret
925 1680 1311 1742 Lutherum
1378 1681 1470 1741 ab
1532 1678 1847 1741 adventu
1904 1699 2112 1760 quem
2160 1678 2275 1740 isti
2330 1687 2497 1741 tunc
2544 1678 2851 1742 maxime

321 1786 654 1866 optabant,
703 1796 780 1848 ut
827 1786 1003 1848 alias
1033 1785 1246 1867 seipsi
1296 1793 1368 1848 et
1413 1786 1668 1848 adesso
1705 1786 1919 1848 credo
1955 1788 2086 1850 che
2120 1807 2196 1847 se
2230 1786 2627 1867 repentinO,
2677 1807 2847 1849 over

319 1909 392 1950 ne
435 1894 878 1956 tenderemus
924 1892 1219 1956 insidias
1268 1893 1583 1955 Luthero
1631 1892 1699 1955 in
1750 1893 1897 1972 via,
1948 1894 2138 1974 quod
2189 1904 2422 1956 tamen
2472 1901 2847 1974 utrumque

317 1995 736 2063 falsissimum
799 1999 1071 2062 fuisset.
1167 1999 1388 2062 Basta
1451 2001 1580 2062 che
1656 1997 1793 2061 mai
1870 1999 2254 2081 potessimo
2321 2000 2407 2061 ne
2472 2000 2713 2062 avanti
2762 1999 2848 2062 ne

313 2101 502 2185 dopoi
551 2127 678 2188 per
713 2107 913 2169 molti
944 2109 1013 2168 dl
1047 2106 1378 2170 intendet
1406 2107 1505 2168 tal
1539 2125 1706 2168 cosa
1739 2127 1870 2186 per
1903 2106 2022 2168 via
2054 2107 2326 2169 alcuna.
2401 2107 2845 2169 Intendendo

307 2209 343 2269 li
381 2211 783 2278 Caesariani
833 2215 963 2276 che
1013 2233 1146 2295 pur
1176 2213 1444 2276 Luther
1492 2233 1614 2275 era
1660 2233 1790 2294 per
1820 2214 2021 2274 venir
2072 2215 2159 2275 de
2190 2225 2411 2296 cert0,
2458 2233 2669 2295 parse
2717 2215 2847 2276 che

309 2329 675 2385 restassero
737 2321 900 2384 tutti
959 2321 1240 2384 attoniti
1289 2321 1550 2402 perche
1610 2341 1830 2382 erano
1878 2332 1953 2382 ut
2001 2341 2215 2402 supra
2264 2320 2413 2383 dixi
2462 2320 2709 2382 mutati
2759 2322 2849 2383 de

315 2430 653 2510 proposito
703 2431 822 2492 dal
871 2428 1228 2492 desiderio
1275 2429 1504 2509 primo
1553 2429 1684 2490 che
1748 2429 2078 2490 haveano
2138 2429 2293 2491 chel
2342 2428 2654 2501 venisse;
2718 2447 2849 2491 nos

315 2554 466 2598 vero
511 2538 678 2600 nihil
727 2557 1034 2617 unquam
1087 2533 1598 2615 dubitavimus,
1649 2535 1815 2616 quin
1869 2543 2058 2597 esset
2104 2545 2445 2598 venturus
2492 2547 2656 2616 post
2705 2545 2847 2597 tam

315 2641 628 2708 humanas
688 2667 732 2708 a
789 2643 1098 2708 Caesare
1155 2644 1244 2705 ad
1307 2663 1464 2706 eum
1530 2644 1732 2704 datas
1780 2643 2074 2704 litteras,
2172 2641 2849 2722 Quomodocumque

314 2748 366 2809 ci
409 2754 788 2816 mandorno
840 2750 1160 2813 Sabbato
1212 2753 1280 2813 el
1329 2749 1695 2812 confessor
1745 2771 1787 2812 a
1833 2751 2070 2830 parlar
2106 2751 2171 2811 al
2205 2749 2478 2810 Nuncio
2528 2760 2600 2810 et
2648 2770 2690 2811 a
2737 2770 2847 2811 me

313 2855 575 2924 insieme
625 2861 714 2923 de
762 2861 834 2922 lo
882 2860 1014 2923 che
1065 2879 1141 2921 se
1190 2859 1422 2921 havea
1471 2879 1513 2920 a
1561 2857 1748 2930 fare;
1822 2857 1869 2919 li
1938 2855 2310 2919 dicessimo
2388 2858 2518 2919 che
2568 2875 2848 2938 sempre

311 2964 630 3031 haveamo
679 2970 1010 3049 predetto
1077 2968 1208 3029 che
1268 2985 1401 3047 per
1450 2967 1641 3027 nulla
1691 2964 1985 3045 ragione
2035 2963 2317 3046 aequita
2364 2965 2595 3026 honor
2642 2984 2684 3025 o
2736 2983 2847 3024 co-

314 3074 498 3137 modo
545 3096 621 3137 se
671 3076 972 3137 devesse
1020 3073 1129 3136 far
1161 3072 1362 3135 venir
1412 3073 1636 3153 quest'
1665 3074 1877 3134 homo
1925 3071 2188 3151 perche
2224 3072 2528 3133 sarebbe
2578 3090 2619 3133 a
2668 3090 2846 3150 gran

315 3182 622 3245 scandalo
675 3183 789 3243 del
837 3180 1100 3245 mundo
1150 3201 1189 3242 e
1237 3198 1614 3261 vergogna
1661 3182 1837 3257 lor0,
1888 3188 1959 3240 et
2004 3180 2231 3259 perho
2280 3180 2432 3241 loro
2477 3178 2607 3239 che
2636 3178 2847 3239 have—

314 3308 436 3350 ano
496 3292 674 3353 cossi
745 3290 990 3352 voluto
1063 3288 1221 3349 chel
1291 3286 1574 3349 venisse
1623 3306 2044 3370 cereasseno
2093 3288 2373 3349 almeno
2424 3285 2511 3347 de
2560 3284 2671 3347 far
2718 3286 2848 3346 che

313 3394 438 3457 Dio
478 3419 514 3460 e
563 3398 608 3459 '1
628 3396 920 3459 Vicario
968 3414 1095 3458 suo
1144 3397 1545 3457 havesseno
1593 3394 1660 3455 el
1694 3394 1939 3455 debito
1988 3394 2140 3455 loro
2191 3402 2263 3454 et
2297 3392 2557 3455 Caesar
2606 3414 2696 3454 ne
2744 3412 2847 3454 re-

315 3514 610 3581 portasse
681 3507 943 3575 honor3
1015 3524 1129 3565 ma
1197 3522 1328 3584 pur
1396 3502 1706 3563 volendo
1781 3501 1846 3562 el
1919 3499 2287 3562 confessor
2343 3519 2475 3580 per
2524 3494 2848 3586 nomezdi

317 3608 551 3676 Caesar
598 3632 809 3693 saper
859 3611 900 3673 1’
937 3609 1210 3673 obietto
1269 3618 1551 3689 nostro,
1599 3607 1648 3669 li
1699 3608 2089 3671 dicessemo
2140 3608 2269 3669 che
2317 3606 2385 3668 in
2438 3607 2681 3689 primis
2730 3626 2853 3669 era

317 3720 691 3783 necessario
740 3721 872 3782 che
922 3717 1187 3781 Caesar
1233 3717 1510 3779 facesse
1556 3714 1780 3777 intrar
1829 3713 2106 3795 questui
2168 3714 2283 3795 piu
2336 3721 2611 3777 secreto
2658 3713 2851 3775 fusse

317 3826 664 3907 possibile,
729 3826 990 3888 deinde
1052 3825 1100 3886 li
1149 3826 1356 3887 desse
1405 3845 1497 3886 un
1547 3822 1706 3883 loco
1753 3822 1824 3883 in
1872 3822 2122 3902 palazo
2173 3822 2356 3883 dove
2406 3839 2711 3882 nessuno
2760 3822 2850 3883 de

319 3934 584 4012 sospetti
630 3942 920 4015 potesse
968 3931 1278 3994 conferir
1328 3950 1459 3993 con
1508 3928 1636 3993 lui:
1702 3938 2062 4009 postremo
2112 3929 2244 3990 che
2291 3928 2852 4008 interrogaretur

318 4034 692 4119 simpliciter
744 4050 815 4102 et
863 4038 1101 4101 omnia
1146 4036 1399 4100 fierent
1449 4036 1651 4098 sicuti
1703 4036 1768 4097 in
1832 4037 2121 4097 decreto
2178 4035 2573 4117 principum
2634 4036 2849 4096 conti-

321 4154 530 4227 netur,
598 4158 668 4210 et
737 4146 872 4209 nisi
941 4146 1078 4207 ista
1145 4144 1402 4207 fierent
1477 4144 1546 4205 in
1595 4145 1730 4205 hoc
1780 4152 2143 4224 postremo
2194 4143 2493 4205 articulo
2541 4150 2723 4203 tutto
2774 4160 2850 4203 se

321 4256 666 4328 porterebe
717 4256 806 4315 de
857 4254 1040 4315 male
1076 4252 1146 4313 in
1182 4250 1470 4333 peggio.
1567 4250 1884 4330 Piacque
1919 4252 1987 4312 el
2018 4250 2332 4312 conselio
2366 4250 2433 4310 al
2466 4248 2850 4311 Confessor

327 4366 392 4416 et
430 4380 506 4422 ne
553 4362 855 4424 andamo
905 4359 1066 4422 tutti
1115 4361 1204 4421 ad
1257 4358 1672 4430 Caesarem;
1747 4356 2134 4419 referimoli
2206 4356 2249 4417 l'
2278 4355 2525 4418 adviso
2577 4366 2851 4427 nosti-03

329 4462 488 4529 disse
532 4472 658 4531 che
709 4466 894 4531 cossi
944 4487 1020 4529 se
1069 4466 1391 4545 sarebbe,
1443 4474 1514 4528 et
1559 4472 1799 4526 tamen
1836 4462 2160 4544 sequenti
2208 4462 2325 4524 die
2356 4461 2431 4523 su
2466 4463 2662 4524 detto
2696 4463 2854 4523 chel

327 4568 724 4652 logiamento
789 4577 1096 4637 sarebbe
1162 4572 1282 4636 alli
1333 4570 1721 4653 Augustini
1784 4580 1857 4632 et
1904 4571 2033 4631 che
2081 4571 2348 4632 harebe
2398 4569 2672 4649 guarda
2722 4570 2853 4630 che

335 4676 516 4742 niuno
559 4682 602 4743 li
651 4685 952 4764 potrebe
1002 4683 1242 4763 parlar
1290 4701 1366 4741 se
1415 4698 1555 4741 non
1607 4677 1719 4739 chi
1753 4678 2133 4759 piacerebe
2165 4697 2207 4738 a
2241 4674 2525 4739 Caesar.
2621 4674 2854 4738 Credo

337 4782 442 4845 che
484 4787 536 4848 si
579 4788 728 4852 fara
780 4799 964 4852 tutto
1015 4793 1078 4851 el
1130 4788 1510 4869 contrariO,
1560 4806 1758 4846 como
1812 4784 1845 4845 ὲ
1898 4794 2084 4845 stato
2135 4804 2414 4865 sempre
2448 4782 2541 4845 fin
2580 4782 2694 4865 qui
2733 4785 2851 4845 ob—

341 4905 598 4959 servato.
