3575 5775
1623 518 2116 578 <>-<“ζ3268ξ3>-ο

590 673 815 734 malos
864 671 1509 754 exploratissimum
1561 681 1752 733 certe
1803 681 1911 732 est
1961 680 2081 732 aut
2129 669 2298 732 nihil
2350 677 2472 731 aut
2501 669 2877 730 admodum
2910 686 3160 748 parum

592 779 929 860 praesidii
976 778 1047 840 in
1094 777 1233 841 illis
1282 777 1511 842 situm.

770 885 851 946 In
899 886 1082 946 hanc
1130 886 1375 947 horam
1406 904 1630 965 usque
1664 883 2342 966 VVittembergensis
2390 884 2636 946 schola
2682 892 2833 945 toto
2868 891 3164 964 pectore

592 991 935 1054 incumbit
988 993 1079 1054 ad
1138 993 1675 1072 provehendam
1726 990 2272 1054 commotionem
2321 990 2686 1071 nephariis
2734 989 2878 1052 suis
2929 988 3163 1072 dispu-

595 1100 985 1162 tationibus
1034 1110 1106 1161 et
1152 1099 1437 1180 scriptis
1496 1099 1920 1170 maledictis:
1985 1098 2499 1161 calumniantur
2564 1105 2762 1170 vota;
2826 1098 3169 1159 damnant

593 1207 662 1269 in
695 1207 1098 1269 universum
1134 1206 1657 1269 confessionem
1708 1205 1870 1269 oris,
1968 1205 2352 1268 Affirmant
2391 1225 2696 1287 peccare
2728 1213 2800 1266 et
2833 1203 3165 1266 schisma·

594 1314 683 1376 tis
734 1335 891 1376 esse
940 1334 1105 1376 reos
1154 1315 1577 1395 quicumque
1610 1311 1993 1376 Sanctitati
2041 1323 2323 1376 vestrae
2375 1315 2899 1394 obsequuntur:
2951 1331 3170 1392 super

596 1421 893 1483 articulo
946 1419 1601 1482 communicationis
1650 1423 1781 1482 sub
1833 1420 2072 1500 specie
2121 1421 2327 1502 panis
2358 1419 2858 1482 commendant
2889 1439 3166 1480 rursum

596 1529 953 1590 Bohemos
1002 1537 1339 1608 tanquam
1370 1547 1709 1610 germane
1761 1526 2202 1590 christianos
2281 1527 2388 1589 Ae
2422 1526 2632 1588 editis
2665 1525 2974 1588 scedulis
3023 1536 3168 1587 tam

598 1636 1017 1715 blasphema
1065 1634 1201 1716 ipsi
1251 1633 1512 1715 passim
1565 1634 1958 1716 divulgant.

736 1742 855 1804 'In
908 1741 1062 1804 dies
1110 1751 1274 1822 post
1322 1741 1629 1803 omnium
1665 1744 2014 1802 bonorum
2049 1739 2360 1802 virorum
2409 1750 2760 1820 conatum,
2809 1749 2972 1821 post
3020 1741 3172 1801 bul-

597 1850 733 1911 lam
788 1847 1261 1910 Beatitudinis
1326 1856 1614 1908 vestrae
1677 1856 1750 1910 et
1798 1847 2224 1910 Caesareum
2291 1846 2600 1908 edictum
2665 1847 2735 1908 in
2785 1846 3172 1909 Martinum

600 1968 668 2017 et
706 1955 1108 2035 compliceS,
1145 1942 1494 2035 augentur
1524 1952 1729 2034 copie
1762 1955 2344 2032 l',utheranorum‚
2399 1953 2676 2035 iamque
2706 1954 3044 2016 rarissimi
3073 1953 3174 2016 in—

599 2063 979 2125 veniuntur
1026 2061 1189 2124 laici
1240 2061 1357 2142 qui
1407 2061 1712 2123 candide
1764 2072 1834 2121 et
1874 2061 2288 2142 simpli-citer
2319 2061 2615 2123 faveant
2647 2060 3178 2140 ecclesiasticis„

602 2171 729 2232 sed
778 2179 849 2230 et
896 2172 1086 2231 bona
1138 2189 1304 2250 pars
1354 2169 1804 2230 sacerdotum
1862 2167 2036 2230 facit
2098 2188 2254 2229 cum
2305 2168 2618 2230 Luthero
2669 2179 2740 2230 et
2787 2168 3176 2250 plerosque

603 2279 824 2358 pudet
871 2285 1061 2338 stare
1116 2298 1155 2336 a
1203 2285 1409 2356 parte
1444 2275 1776 2336 Romane
1827 2274 2169 2354 Ecclesie‚
2221 2275 2403 2336 adeo
2438 2274 2736 2338 invisum
2774 2283 2882 2337 est
2911 2295 3178 2336 nomen

604 2385 1115 2446 curtisanorum
1168 2392 1237 2444 et
1287 2383 1735 2444 decretorum
1784 2380 2246 2446 beatitudinis
2296 2393 2532 2444 vestre
2582 2402 2720 2462 que
2752 2401 3014 2462 magno
3063 2403 3176 2442 su-

602 2491 898 2571 percilio
947 2499 1110 2571 post
1160 2489 1858 2571 Wittembergenses
1907 2497 1980 2551 et
2028 2489 2144 2550 alii
2195 2510 2479 2570 quoque
2526 2489 2871 2552 reiieiunt.

782 2596 1282 2659 Erfordienses
1332 2596 1596 2658 subditi
1646 2597 1816 2659 dicti
1845 2607 2216 2658 creaturae
2267 2608 2549 2658 vestrae
2599 2597 2726 2658 sed
2779 2597 3052 2676 perfidi,
3105 2596 3178 2658 in

606 2705 889 2767 Ducatu
946 2704 1117 2766 illmi
1169 2701 1533 2766 Saxoniae
1581 2704 1802 2766 Ducis
1853 2703 2182 2764 electoris
2241 2713 2371 2766 etc,
2435 2714 2802 2766 manentes
2861 2704 3182 2766 excitato

608 2833 835 2895 nuper
884 2811 1383 2874 seditiosorum
1434 2812 1756 2891 tumultu,
1809 2810 2295 2873 dissimulante
2345 2821 2596 2872 senatu
2645 2811 3008 2893 utriusque
3057 2813 3181 2874 de-

605 2918 764 2981 cani
814 2928 952 2980 tam
1006 2919 1217 2981 divae
1266 2918 1565 3000 virginis
1614 2939 1824 2999 quam
1875 2919 2100 2980 sancti
2153 2918 2382 2981 severi
2435 2940 2518 2980 ac
2563 2928 2724 2981 octo
2777 2928 2847 2980 et
2877 2920 3184 3001 quadra-

608 3026 809 3108 ginta
857 3025 1154 3088 aliorum
1204 3025 1711 3087 canonicorum
1761 3035 1834 3086 et
1881 3025 2306 3087 vicariorum
2356 3026 2893 3106 collegiatarum
2954 3030 3182 3089 eccle·

608 3134 865 3195 siarum
916 3134 1135 3195 aedes
1186 3133 1633 3213 diripuerunt
1683 3142 2037 3214 nocteque
2087 3143 2158 3195 et
2206 3134 2390 3195 inter
2439 3133 2555 3195 diu
2587 3132 2859 3197 foribus
2893 3136 3184 3197 aedium

608 3238 1009 3301 huiusmodi
1040 3239 1506 3319 comminutis,
1556 3238 1805 3301 fractis
1831 3239 2186 3320 fenestriS,
2231 3239 2512 3317 mensiS,
2563 3242 2920 3319 tabulatiS‚
2971 3241 3184 3321 arcis,

610 3345 931 3407 armariis
978 3345 1176 3407 libris
1225 3344 1557 3425 omnique
1608 3345 1747 3407 alio
1799 3345 2296 3427 suppellectile
2347 3357 2416 3408 et
2466 3346 2790 3411 dissectis
2820 3348 3184 3411 variorum

610 3451 905 3514 vinculis
954 3450 1359 3514 effuderunt
1410 3450 1575 3513 vina
1611 3461 1682 3513 et
1715 3453 2154 3518 cerevisiam.
2253 3454 2578 3517 Ad'haec
2613 3466 2867 3535 vesteS‚
2901 3476 3187 3539 carnes,

611 3558 918 3621 butirum
968 3569 1040 3621 et
1087 3558 1362 3639 reliqua
1411 3562 1796 3637 esculenta,
1848 3560 2222 3641 pecuniam
2273 3582 2578 3644 quoque,
2629 3574 2972 3643 argentea
3003 3585 3190 3627 vasa

612 3677 681 3729 et
738 3664 1067 3729 clenodia
1116 3686 1351 3727 secum
1404 3667 1876 3728 abstulerunt.
1974 3668 2314 3730 Preterea
2363 3668 2430 3729 in
2465 3671 2744 3732 domum
2779 3672 3187 3733 consistorii

611 3772 1003 3855 praepositi
1033 3772 1399 3853 utriusque
1449 3773 1801 3835 ecclesiae
1850 3773 2200 3837 irruentes
2250 3795 2405 3837 eam
2439 3784 2657 3838 totam
2695 3778 3188 3857 devastarunt,

611 3891 871 3943 tectum
923 3880 1436 3961 confregerunt
1484 3890 1555 3941 et
1588 3880 1926 3960 quicquid
1960 3881 2321 3961 librorum,
2372 3892 2690 3945 actorum
2726 3882 3188 3963 iudicialium,

613 3987 1093 4069 depositarum
1130 3987 1521 4049 litterarum
1558 3998 1626 4049 et
1654 3998 2265 4050 monumentorum
2290 4000 2764 4070 reppererunt
2791 3990 3188 4073 discerpse-

611 4106 793 4158 runt.
894 4094 1140 4176 Neque
1190 4104 1403 4157 antea
1452 4115 1494 4155 a
1542 4096 2048 4176 prosequendo
2100 4096 2292 4157 clero
2327 4108 2437 4159 est
2471 4096 2768 4158 desitum
2802 4118 3011 4178 quam
3062 4100 3190 4161 ubi

614 4202 1033 4283 perterritus
1064 4202 1133 4263 in
1169 4200 1537 4262 tuitionem
1570 4222 1726 4263 sese
1758 4210 2050 4265 senatus
2085 4202 2420 4283 dedisset,
2471 4203 2764 4284 eiusque
2797 4204 3194 4286 presidium

614 4310 1083 4388 implorasset.
1181 4305 1488 4369 Senatus
1524 4306 1741 4370 nihilo
1777 4308 1996 4370 setius
2027 4330 2067 4369 a
2099 4310 2591 4372 sacerdotibus
2627 4320 2697 4372 et
2727 4313 2918 4373 clero
2955 4313 3192 4375 huius-

618 4414 806 4478 modi
857 4416 1102 4496 exegit
1150 4415 1486 4477 articulos
1536 4416 1882 4495 quosdam
1942 4416 2563 4497 nephandissimos
2622 4427 2870 4498 utpote
2927 4418 3194 4499 quibus

618 4522 707 4585 ad
776 4542 1100 4603 quaeque
1165 4522 1455 4583 sordida
1514 4533 1586 4583 et
1648 4522 1888 4585 civilia
1947 4543 2168 4586 onera
2228 4526 2602 4586 subeunda
2649 4544 2732 4587 ac
2781 4526 2872 4586 ad
2921 4525 3196 4589 tributa

618 4629 1001 4710 pendenda
1046 4639 1123 4689 ut
1169 4628 1516 4708 reliquum
1565 4632 1826 4711 vulgus
1875 4633 2429 4711 perpelleretur;
2483 4634 2840 4714 multaque
2871 4632 3010 4694 alia
3044 4653 3193 4696 non

621 4736 847 4799 solum
910 4756 1091 4817 quae
1154 4734 1426 4798 faciunt
1488 4737 1834 4800 adversus
1881 4737 2287 4802 libertatem
2337 4739 2889 4803 ecclesiasticam
2940 4740 3066 4802 sed
3117 4750 3192 4804 et

622 4841 792 4913 iuris
840 4844 1211 4905 humanam
1264 4843 1693 4923 aequitatem
1744 4848 2173 4908 subvertunt
2219 4849 2313 4908 ab
2349 4846 2613 4909 eisdem
2649 4858 3068 4929 exegerunt,
3119 4861 3196 4911 et
