<?xml version="1.0" encoding="UTF-8"?>
<!DOCTYPE html PUBLIC "-//W3C//DTD XHTML 1.0 Transitional//EN"
    "http://www.w3.org/TR/xhtml1/DTD/xhtml1-transitional.dtd">
<html xmlns="http://www.w3.org/1999/xhtml" xml:lang="en" lang="en">
 <head>
  <title>
</title>
<meta http-equiv="Content-Type" content="text/html;charset=utf-8" />
  <meta name='ocr-system' content='tesseract 3.04.00' />
  <meta name='ocr-capabilities' content='ocr_page ocr_carea ocr_par ocr_line ocrx_word'/>
</head>
<body>
  <div class='ocr_page' id='page_1' title='image "./monumentareform02vatigoog_0426.png"; bbox 0 0 3575 5775; ppageno 0'>
   <div class='ocr_carea' id='block_1_1' title="bbox 1678 552 2163 621">
    <p class='ocr_par' dir='ltr' id='par_1_1' title="bbox 1678 552 2163 621">
     <span class='ocr_line' id='line_1_1' title="bbox 1678 552 2163 621; baseline 0 0"><span class='ocrx_word' id='word_1_1' title='bbox 1678 552 2163 621; x_wconf 49' lang='lat' dir='ltr'>*xz-amem</span> 
     </span>
    </p>
   </div>
   <div class='ocr_carea' id='block_1_2' title="bbox 642 708 3199 1753">
    <p class='ocr_par' dir='ltr' id='par_1_2' title="bbox 642 708 3199 1753">
     <span class='ocr_line' id='line_1_2' title="bbox 642 708 3195 795; baseline -0.002 -20"><span class='ocrx_word' id='word_1_2' title='bbox 642 755 758 795; x_wconf 52' lang='lat' dir='ltr'>w„</span> <span class='ocrx_word' id='word_1_3' title='bbox 828 737 1317 791; x_wconf 32' lang='lat' dir='ltr'>,fimum-mrum,-</span> <span class='ocrx_word' id='word_1_4' title='bbox 1384 726 1515 783; x_wconf 66' lang='lat' dir='ltr'>hm</span> <span class='ocrx_word' id='word_1_5' title='bbox 1624 720 1754 779; x_wconf 61' lang='lat' dir='ltr'>:ke</span> <span class='ocrx_word' id='word_1_6' title='bbox 1810 713 2045 794; x_wconf 93' lang='lat' dir='ltr'>quello</span> <span class='ocrx_word' id='word_1_7' title='bbox 2093 708 2364 789; x_wconf 86' lang='lat' dir='ltr'>anim0,</span> <span class='ocrx_word' id='word_1_8' title='bbox 2434 709 2569 771; x_wconf 86' lang='lat' dir='ltr'>che</span> <span class='ocrx_word' id='word_1_9' title='bbox 2626 726 2910 791; x_wconf 87' lang='lat' dir='ltr'>sempre</span> <span class='ocrx_word' id='word_1_10' title='bbox 2956 708 3195 772; x_wconf 87' lang='lat' dir='ltr'>hanno</span> 
     </span>
     <span class='ocr_line' id='line_1_3' title="bbox 651 814 3198 903; baseline -0.003 -19"><span class='ocrx_word' id='word_1_11' title='bbox 651 852 847 903; x_wconf 55' lang='lat' dir='ltr'>*sums</span> <span class='ocrx_word' id='word_1_12' title='bbox 918 853 982 899; x_wconf 60' lang='grc' dir='ltr'>(ι,</span> <span class='ocrx_word' id='word_1_13' title='bbox 1059 842 1387 895; x_wconf 39' lang='lat' dir='ltr'>&#39;shut-nx?</span> <span class='ocrx_word' id='word_1_14' title='bbox 1448 832 1553 889; x_wconf 54' lang='grc' dir='ltr'>,ὑεῖ</span> <span class='ocrx_word' id='word_1_15' title='bbox 1602 840 1766 897; x_wconf 54' lang='lat'>:2:350</span> <span class='ocrx_word' id='word_1_16' title='bbox 1812 820 1901 880; x_wconf 91' lang='lat' dir='ltr'>de</span> <span class='ocrx_word' id='word_1_17' title='bbox 1950 815 2120 898; x_wconf 86' lang='lat' dir='ltr'>ogni</span> <span class='ocrx_word' id='word_1_18' title='bbox 2168 815 2599 897; x_wconf 87' lang='lat' dir='ltr'>obedientia,</span> <span class='ocrx_word' id='word_1_19' title='bbox 2654 826 2729 879; x_wconf 89' lang='lat' dir='ltr'>et</span> <span class='ocrx_word' id='word_1_20' title='bbox 2772 814 3198 899; x_wconf 77' lang='lat' dir='ltr'>superiorita</span> 
     </span>
     <span class='ocr_line' id='line_1_4' title="bbox 655 922 3195 1013; baseline -0.001 -26"><span class='ocrx_word' id='word_1_21' title='bbox 655 983 668 1013; x_wconf 36' lang='grc' dir='ltr'><strong><em>ε</em></strong></span> <span class='ocrx_word' id='word_1_22' title='bbox 751 956 841 1008; x_wconf 62' lang='lat'>„25</span> <span class='ocrx_word' id='word_1_23' title='bbox 871 971 908 1010; x_wconf 68' lang='lat'>.‚</span> <span class='ocrx_word' id='word_1_24' title='bbox 987 965 1196 1011; x_wconf 57' lang='lat' dir='ltr'>vnum</span> <span class='ocrx_word' id='word_1_25' title='bbox 1258 944 1327 995; x_wconf 41' lang='grc' dir='ltr'>κζῐ</span> <span class='ocrx_word' id='word_1_26' title='bbox 1396 944 1519 995; x_wconf 54' lang='grc' dir='ltr'>,ἤιε</span> <span class='ocrx_word' id='word_1_27' title='bbox 1567 944 1843 1007; x_wconf 66' lang='lat' dir='ltr'>sempre</span> <span class='ocrx_word' id='word_1_28' title='bbox 1891 922 1941 985; x_wconf 91' lang='lat' dir='ltr'>li</span> <span class='ocrx_word' id='word_1_29' title='bbox 1980 922 2405 1004; x_wconf 87' lang='lat' dir='ltr'>Imperatori</span> <span class='ocrx_word' id='word_1_30' title='bbox 2452 922 2573 1005; x_wconf 74' lang='lat' dir='ltr'>gia</span> <span class='ocrx_word' id='word_1_31' title='bbox 2618 922 2817 985; x_wconf 88' lang='lat' dir='ltr'>molti</span> <span class='ocrx_word' id='word_1_32' title='bbox 2863 922 3032 987; x_wconf 83' lang='lat' dir='ltr'>anni</span> <span class='ocrx_word' id='word_1_33' title='bbox 3080 924 3195 985; x_wconf 87' lang='lat' dir='ltr'>ha·</span> 
     </span>
     <span class='ocr_line' id='line_1_5' title="bbox 763 1029 3195 1117; baseline 0 -25"><span class='ocrx_word' id='word_1_34' title='bbox 763 1084 837 1117; x_wconf 66' lang='lat' dir='ltr'>u:</span> <span class='ocrx_word' id='word_1_35' title='bbox 914 1070 1177 1113; x_wconf 31' lang='grc' dir='ltr'>,γὼ-μ..</span> <span class='ocrx_word' id='word_1_36' title='bbox 1279 1058 1478 1103; x_wconf 46' lang='lat' dir='ltr'>‚xxv-v</span> <span class='ocrx_word' id='word_1_37' title='bbox 1527 1034 1865 1113; x_wconf 59' lang='lat' dir='ltr'>disponer</span> <span class='ocrx_word' id='word_1_38' title='bbox 1931 1031 2021 1092; x_wconf 89' lang='lat' dir='ltr'>de</span> <span class='ocrx_word' id='word_1_39' title='bbox 2070 1029 2334 1111; x_wconf 88' lang='lat' dir='ltr'>quelle)</span> <span class='ocrx_word' id='word_1_40' title='bbox 2400 1032 2619 1093; x_wconf 88' lang='lat' dir='ltr'>hauta</span> <span class='ocrx_word' id='word_1_41' title='bbox 2684 1040 2937 1112; x_wconf 88' lang='lat' dir='ltr'>questa</span> <span class='ocrx_word' id='word_1_42' title='bbox 2996 1050 3195 1093; x_wconf 87' lang='lat' dir='ltr'>occa-</span> 
     </span>
     <span class='ocr_line' id='line_1_6' title="bbox 1052 1136 3197 1219; baseline -0.002 -15"><span class='ocrx_word' id='word_1_43' title='bbox 1052 1189 1090 1211; x_wconf 75' lang='lat'>..</span> <span class='ocrx_word' id='word_1_44' title='bbox 1169 1169 1362 1211; x_wconf 43' lang='lat' dir='ltr'>,xc-r·</span> <span class='ocrx_word' id='word_1_45' title='bbox 1399 1164 1468 1205; x_wconf 55' lang='lat' dir='ltr'>&gt;a</span> <span class='ocrx_word' id='word_1_46' title='bbox 1515 1140 1903 1216; x_wconf 79' lang='lat' dir='ltr'>lutherana,</span> <span class='ocrx_word' id='word_1_47' title='bbox 1953 1136 2085 1199; x_wconf 89' lang='lat' dir='ltr'>che</span> <span class='ocrx_word' id='word_1_48' title='bbox 2134 1136 2527 1218; x_wconf 83' lang='lat' dir='ltr'>destrugge</span> <span class='ocrx_word' id='word_1_49' title='bbox 2566 1138 2735 1219; x_wconf 89' lang='lat' dir='ltr'>ogni</span> <span class='ocrx_word' id='word_1_50' title='bbox 2767 1136 3197 1215; x_wconf 86' lang='lat' dir='ltr'>obedientia,</span> 
     </span>
     <span class='ocr_line' id='line_1_7' title="bbox 951 1243 3198 1326; baseline -0.004 -10"><span class='ocrx_word' id='word_1_51' title='bbox 951 1292 1009 1316; x_wconf 49' lang='lat' dir='ltr'>a.</span> <span class='ocrx_word' id='word_1_52' title='bbox 1042 1262 1540 1313; x_wconf 47' lang='lat' dir='ltr'>„ammineum</span> <span class='ocrx_word' id='word_1_53' title='bbox 1599 1254 1929 1325; x_wconf 90' lang='lat' dir='ltr'>scoperto</span> <span class='ocrx_word' id='word_1_54' title='bbox 1995 1246 2067 1306; x_wconf 89' lang='lat' dir='ltr'>la</span> <span class='ocrx_word' id='word_1_55' title='bbox 2112 1243 2484 1325; x_wconf 77' lang='lat' dir='ltr'>malignita</span> <span class='ocrx_word' id='word_1_56' title='bbox 2530 1244 2621 1307; x_wconf 93' lang='lat' dir='ltr'>de</span> <span class='ocrx_word' id='word_1_57' title='bbox 2668 1244 2712 1307; x_wconf 87' lang='lat' dir='ltr'>l&#39;</span> <span class='ocrx_word' id='word_1_58' title='bbox 2740 1245 2973 1309; x_wconf 87' lang='lat' dir='ltr'>anima</span> <span class='ocrx_word' id='word_1_59' title='bbox 3022 1247 3198 1326; x_wconf 82' lang='lat' dir='ltr'>lore,</span> 
     </span>
     <span class='ocr_line' id='line_1_8' title="bbox 703 1350 3195 1431; baseline 0 -17"><span class='ocrx_word' id='word_1_60' title='bbox 703 1392 748 1431; x_wconf 61' lang='grc'>.,</span> <span class='ocrx_word' id='word_1_61' title='bbox 848 1404 936 1430; x_wconf 45' lang='grc' dir='ltr'>,μ</span> <span class='ocrx_word' id='word_1_62' title='bbox 1017 1405 1036 1420; x_wconf 84' lang='grc'>,</span> <span class='ocrx_word' id='word_1_63' title='bbox 1111 1382 1231 1419; x_wconf 70' lang='lat' dir='ltr'>..w</span> <span class='ocrx_word' id='word_1_64' title='bbox 1289 1374 1486 1419; x_wconf 57' lang='lat' dir='ltr'>&lt;ava</span> <span class='ocrx_word' id='word_1_65' title='bbox 1535 1352 1843 1415; x_wconf 90' lang='lat' dir='ltr'>occulta:</span> <span class='ocrx_word' id='word_1_66' title='bbox 1912 1352 2003 1414; x_wconf 90' lang='lat' dir='ltr'>de</span> <span class='ocrx_word' id='word_1_67' title='bbox 2052 1352 2264 1414; x_wconf 91' lang='lat' dir='ltr'>modo</span> <span class='ocrx_word' id='word_1_68' title='bbox 2312 1351 2445 1412; x_wconf 89' lang='lat' dir='ltr'>che</span> <span class='ocrx_word' id='word_1_69' title='bbox 2493 1370 2637 1414; x_wconf 90' lang='lat' dir='ltr'>non</span> <span class='ocrx_word' id='word_1_70' title='bbox 2684 1353 3079 1415; x_wconf 84' lang='lat' dir='ltr'><strong>solamente</strong></span> <span class='ocrx_word' id='word_1_71' title='bbox 3124 1350 3195 1414; x_wconf 92' lang='lat' dir='ltr'>in</span> 
     </span>
     <span class='ocr_line' id='line_1_9' title="bbox 805 1457 3199 1540; baseline -0.004 -10"><span class='ocrx_word' id='word_1_72' title='bbox 805 1489 1245 1530; x_wconf 42' lang='lat' dir='ltr'>nusum-ow</span> <span class='ocrx_word' id='word_1_73' title='bbox 1313 1464 1404 1525; x_wconf 57' lang='lat' dir='ltr'>nie</span> <span class='ocrx_word' id='word_1_74' title='bbox 1449 1462 1518 1522; x_wconf 88' lang='lat' dir='ltr'>le</span> <span class='ocrx_word' id='word_1_75' title='bbox 1567 1458 1825 1521; x_wconf 88' lang='lat' dir='ltr'>Diaete</span> <span class='ocrx_word' id='word_1_76' title='bbox 1873 1466 2117 1521; x_wconf 88' lang='lat' dir='ltr'>tenute</span> <span class='ocrx_word' id='word_1_77' title='bbox 2165 1476 2208 1518; x_wconf 91' lang='lat' dir='ltr'>a</span> <span class='ocrx_word' id='word_1_78' title='bbox 2257 1457 2734 1540; x_wconf 88' lang='lat' dir='ltr'>Norimberga</span> <span class='ocrx_word' id='word_1_79' title='bbox 2789 1478 2965 1521; x_wconf 88' lang='lat' dir='ltr'>sono</span> <span class='ocrx_word' id='word_1_80' title='bbox 3015 1466 3199 1521; x_wconf 87' lang='lat' dir='ltr'>state</span> 
     </span>
     <span class='ocr_line' id='line_1_10' title="bbox 951 1563 3199 1647; baseline -0.005 -10"><span class='ocrx_word' id='word_1_81' title='bbox 951 1615 972 1637; x_wconf 46' lang='lat'><em>2</em></span> <span class='ocrx_word' id='word_1_82' title='bbox 1073 1600 1092 1630; x_wconf 82' lang='grc' dir='ltr'>ι.</span> <span class='ocrx_word' id='word_1_83' title='bbox 1147 1577 1213 1632; x_wconf 70' lang='lat' dir='ltr'>&#39;u</span> <span class='ocrx_word' id='word_1_84' title='bbox 1261 1566 1589 1647; x_wconf 58' lang='lat' dir='ltr'>ragione,</span> <span class='ocrx_word' id='word_1_85' title='bbox 1661 1585 1775 1627; x_wconf 88' lang='lat' dir='ltr'>ma</span> <span class='ocrx_word' id='word_1_86' title='bbox 1824 1584 2041 1627; x_wconf 85' lang='lat' dir='ltr'>ancor</span> <span class='ocrx_word' id='word_1_87' title='bbox 2086 1563 2308 1627; x_wconf 88' lang='lat' dir='ltr'>fanno</span> <span class='ocrx_word' id='word_1_88' title='bbox 2356 1564 2547 1627; x_wconf 86' lang='lat' dir='ltr'>assai</span> <span class='ocrx_word' id='word_1_89' title='bbox 2599 1564 2870 1647; x_wconf 83' lang='lat' dir='ltr'>peggio</span> <span class='ocrx_word' id='word_1_90' title='bbox 2916 1564 2989 1627; x_wconf 92' lang='lat' dir='ltr'>in</span> <span class='ocrx_word' id='word_1_91' title='bbox 3038 1563 3199 1627; x_wconf 78' lang='lat' dir='ltr'>fatti</span> 
     </span>
     <span class='ocr_line' id='line_1_11' title="bbox 839 1670 3198 1753; baseline -0.003 -10"><span class='ocrx_word' id='word_1_92' title='bbox 839 1707 855 1732; x_wconf 61' lang='grc' dir='ltr'><strong>ι</strong></span> <span class='ocrx_word' id='word_1_93' title='bbox 976 1703 1152 1743; x_wconf 41' lang='lat' dir='ltr'>wau.»</span> <span class='ocrx_word' id='word_1_94' title='bbox 1204 1693 1410 1740; x_wconf 77' lang='lat' dir='ltr'>nome</span> <span class='ocrx_word' id='word_1_95' title='bbox 1471 1672 1561 1733; x_wconf 94' lang='lat' dir='ltr'>de</span> <span class='ocrx_word' id='word_1_96' title='bbox 1608 1671 1717 1733; x_wconf 88' lang='lat' dir='ltr'>far</span> <span class='ocrx_word' id='word_1_97' title='bbox 1765 1672 2100 1753; x_wconf 88' lang='lat' dir='ltr'>predicar</span> <span class='ocrx_word' id='word_1_98' title='bbox 2147 1670 2188 1732; x_wconf 92' lang='lat' dir='ltr'>l’</span> <span class='ocrx_word' id='word_1_99' title='bbox 2216 1670 2654 1752; x_wconf 83' lang='lat' dir='ltr'>EvangeliO,</span> <span class='ocrx_word' id='word_1_100' title='bbox 2726 1692 2869 1735; x_wconf 87' lang='lat' dir='ltr'>non</span> <span class='ocrx_word' id='word_1_101' title='bbox 2913 1673 3198 1735; x_wconf 85' lang='lat' dir='ltr'>lassano</span> 
     </span>
    </p>
   </div>
   <div class='ocr_carea' id='block_1_3' title="bbox 687 1725 882 1752">
    <p class='ocr_par' dir='ltr' id='par_1_3' title="bbox 687 1725 882 1752">
     <span class='ocr_line' id='line_1_12' title="bbox 687 1725 882 1752; baseline 0.005 -7"><span class='ocrx_word' id='word_1_102' title='bbox 687 1725 827 1752; x_wconf 50' lang='grc' dir='ltr'>χηὴ·</span> <span class='ocrx_word' id='word_1_103' title='bbox 864 1729 882 1746; x_wconf 60' lang='grc' dir='ltr'>ἱ</span> 
     </span>
    </p>
   </div>
   <div class='ocr_carea' id='block_1_4' title="bbox 626 1776 3204 4964">
    <p class='ocr_par' dir='ltr' id='par_1_4' title="bbox 626 1776 3204 4964">
     <span class='ocr_line' id='line_1_13' title="bbox 692 1776 3199 1860; baseline -0.002 -13"><span class='ocrx_word' id='word_1_104' title='bbox 692 1834 790 1853; x_wconf 44' lang='grc' dir='ltr'>,μ</span> <span class='ocrx_word' id='word_1_105' title='bbox 822 1817 949 1852; x_wconf 41' lang='lat' dir='ltr'>m...</span> <span class='ocrx_word' id='word_1_106' title='bbox 1035 1808 1113 1851; x_wconf 57' lang='lat' dir='ltr'>xe</span> <span class='ocrx_word' id='word_1_107' title='bbox 1161 1800 1298 1845; x_wconf 79' lang='lat' dir='ltr'>uon</span> <span class='ocrx_word' id='word_1_108' title='bbox 1347 1778 1740 1857; x_wconf 84' lang='lat' dir='ltr'>lutherani,</span> <span class='ocrx_word' id='word_1_109' title='bbox 1815 1787 1884 1839; x_wconf 87' lang='lat' dir='ltr'>et</span> <span class='ocrx_word' id='word_1_110' title='bbox 1950 1776 2454 1860; x_wconf 86' lang='lat' dir='ltr'>prohibiscono</span> <span class='ocrx_word' id='word_1_111' title='bbox 2523 1799 2567 1841; x_wconf 99' lang='lat' dir='ltr'>a</span> <span class='ocrx_word' id='word_1_112' title='bbox 2611 1779 2743 1841; x_wconf 89' lang='lat' dir='ltr'>tuti</span> <span class='ocrx_word' id='word_1_113' title='bbox 2790 1778 3009 1860; x_wconf 88' lang='lat' dir='ltr'>quelli</span> <span class='ocrx_word' id='word_1_114' title='bbox 3066 1779 3199 1841; x_wconf 90' lang='lat' dir='ltr'>che</span> 
     </span>
     <span class='ocr_line' id='line_1_14' title="bbox 727 1892 2181 1961; baseline -0.006 -6"><span class='ocrx_word' id='word_1_115' title='bbox 727 1936 794 1961; x_wconf 35' lang='grc' dir='ltr'>μ</span> <span class='ocrx_word' id='word_1_116' title='bbox 822 1920 1029 1957; x_wconf 48' lang='lat' dir='ltr'>mmo</span> <span class='ocrx_word' id='word_1_117' title='bbox 1074 1892 1513 1957; x_wconf 61' lang='lat' dir='ltr'>attramente.</span> <span class='ocrx_word' id='word_1_118' title='bbox 2170 1896 2181 1903; x_wconf 85' lang='lat'><strong>‘</strong></span> 
     </span>
     <span class='ocr_line' id='line_1_15' title="bbox 823 1990 3201 2079; baseline -0.002 -20"><span class='ocrx_word' id='word_1_119' title='bbox 823 2011 1064 2065; x_wconf 49' lang='lat' dir='ltr'>&#39;muno</span> <span class='ocrx_word' id='word_1_120' title='bbox 1111 1994 1281 2079; x_wconf 74' lang='lat' dir='ltr'>ogni</span> <span class='ocrx_word' id='word_1_121' title='bbox 1327 1992 1545 2071; x_wconf 87' lang='lat' dir='ltr'>male,</span> <span class='ocrx_word' id='word_1_122' title='bbox 1615 2010 1654 2053; x_wconf 87' lang='lat' dir='ltr'>a</span> <span class='ocrx_word' id='word_1_123' title='bbox 1703 1991 1921 2072; x_wconf 90' lang='lat' dir='ltr'>quelli</span> <span class='ocrx_word' id='word_1_124' title='bbox 1969 1990 2284 2072; x_wconf 81' lang='lat' dir='ltr'>religiosi</span> <span class='ocrx_word' id='word_1_125' title='bbox 2352 1992 2484 2055; x_wconf 89' lang='lat' dir='ltr'>che</span> <span class='ocrx_word' id='word_1_126' title='bbox 2532 1992 2907 2073; x_wconf 86' lang='lat' dir='ltr'>seguitano</span> <span class='ocrx_word' id='word_1_127' title='bbox 2955 1992 2999 2055; x_wconf 93' lang='lat' dir='ltr'>l&#39;</span> <span class='ocrx_word' id='word_1_128' title='bbox 3027 1993 3201 2056; x_wconf 89' lang='lat' dir='ltr'>anti·</span> 
     </span>
     <span class='ocr_line' id='line_1_16' title="bbox 663 2096 3199 2191; baseline -0.003 -19"><span class='ocrx_word' id='word_1_129' title='bbox 663 2148 675 2191; x_wconf 61' lang='lat'>2</span> <span class='ocrx_word' id='word_1_130' title='bbox 740 2143 772 2172; x_wconf 76' lang='lat'>.·</span> <span class='ocrx_word' id='word_1_131' title='bbox 831 2126 962 2167; x_wconf 63' lang='lat' dir='ltr'>»ao</span> <span class='ocrx_word' id='word_1_132' title='bbox 1027 2104 1216 2169; x_wconf 68' lang='lat' dir='ltr'>della</span> <span class='ocrx_word' id='word_1_133' title='bbox 1264 2097 1546 2163; x_wconf 88' lang='lat' dir='ltr'>Chiesia</span> <span class='ocrx_word' id='word_1_134' title='bbox 1595 2097 1951 2161; x_wconf 89' lang='lat' dir='ltr'>catholica</span> <span class='ocrx_word' id='word_1_135' title='bbox 1966 2146 1984 2179; x_wconf 95' lang='lat'>,</span> <span class='ocrx_word' id='word_1_136' title='bbox 2056 2106 2129 2161; x_wconf 91' lang='lat' dir='ltr'>et</span> <span class='ocrx_word' id='word_1_137' title='bbox 2172 2096 2441 2179; x_wconf 92' lang='lat' dir='ltr'>piliano</span> <span class='ocrx_word' id='word_1_138' title='bbox 2489 2098 2539 2161; x_wconf 92' lang='lat' dir='ltr'>li</span> <span class='ocrx_word' id='word_1_139' title='bbox 2587 2099 2741 2163; x_wconf 88' lang='lat' dir='ltr'>loro</span> <span class='ocrx_word' id='word_1_140' title='bbox 2802 2100 2989 2163; x_wconf 89' lang='lat' dir='ltr'>lochi</span> <span class='ocrx_word' id='word_1_141' title='bbox 3035 2120 3199 2164; x_wconf 89' lang='lat' dir='ltr'>con-</span> 
     </span>
     <span class='ocr_line' id='line_1_17' title="bbox 643 2203 3201 2289; baseline -0.003 -12"><span class='ocrx_word' id='word_1_142' title='bbox 643 2253 662 2277; x_wconf 50' lang='lat'><em>„</em></span> <span class='ocrx_word' id='word_1_143' title='bbox 728 2212 1032 2277; x_wconf 50' lang='lat' dir='ltr'>„cumali</span> <span class='ocrx_word' id='word_1_144' title='bbox 1097 2210 1166 2273; x_wconf 88' lang='lat' dir='ltr'>in</span> <span class='ocrx_word' id='word_1_145' title='bbox 1229 2206 1332 2269; x_wconf 90' lang='lat' dir='ltr'>usi</span> <span class='ocrx_word' id='word_1_146' title='bbox 1379 2203 1685 2289; x_wconf 87' lang='lat' dir='ltr'>profani.</span> <span class='ocrx_word' id='word_1_147' title='bbox 1781 2204 2274 2284; x_wconf 89' lang='lat' dir='ltr'>Permetteno,</span> <span class='ocrx_word' id='word_1_148' title='bbox 2346 2205 2506 2268; x_wconf 89' lang='lat' dir='ltr'>anci</span> <span class='ocrx_word' id='word_1_149' title='bbox 2567 2204 2923 2269; x_wconf 91' lang='lat' dir='ltr'>inducono</span> <span class='ocrx_word' id='word_1_150' title='bbox 2970 2206 3201 2269; x_wconf 87' lang='lat' dir='ltr'>Pretti</span> 
     </span>
     <span class='ocr_line' id='line_1_18' title="bbox 687 2311 3198 2398; baseline -0.003 -14"><span class='ocrx_word' id='word_1_151' title='bbox 687 2360 697 2384; x_wconf 91' lang='lat'>·.</span> <span class='ocrx_word' id='word_1_152' title='bbox 754 2316 1074 2383; x_wconf 53' lang='lat' dir='ltr'>xlunachi</span> <span class='ocrx_word' id='word_1_153' title='bbox 1121 2314 1332 2398; x_wconf 90' lang='lat' dir='ltr'>piliar</span> <span class='ocrx_word' id='word_1_154' title='bbox 1359 2311 1570 2375; x_wconf 90' lang='lat' dir='ltr'>molie</span> <span class='ocrx_word' id='word_1_155' title='bbox 1604 2313 1972 2390; x_wconf 90' lang='lat' dir='ltr'>monache,</span> <span class='ocrx_word' id='word_1_156' title='bbox 2022 2331 2240 2375; x_wconf 90' lang='lat' dir='ltr'>overo</span> <span class='ocrx_word' id='word_1_157' title='bbox 2272 2312 2509 2393; x_wconf 88' lang='lat' dir='ltr'>quelle</span> <span class='ocrx_word' id='word_1_158' title='bbox 2556 2313 2688 2375; x_wconf 88' lang='lat' dir='ltr'>che</span> <span class='ocrx_word' id='word_1_159' title='bbox 2716 2312 2945 2394; x_wconf 89' lang='lat' dir='ltr'>prima</span> <span class='ocrx_word' id='word_1_160' title='bbox 2980 2334 3198 2377; x_wconf 88' lang='lat' dir='ltr'>erano</span> 
     </span>
     <span class='ocr_line' id='line_1_19' title="bbox 641 2417 1774 2497; baseline -0.01 -7"><span class='ocrx_word' id='word_1_161' title='bbox 641 2445 788 2490; x_wconf 64' lang='lat' dir='ltr'>&#39;mo</span> <span class='ocrx_word' id='word_1_162' title='bbox 837 2422 1229 2497; x_wconf 68' lang='lat' dir='ltr'>concubine</span> <span class='ocrx_word' id='word_1_163' title='bbox 1279 2428 1352 2481; x_wconf 89' lang='lat' dir='ltr'>et</span> <span class='ocrx_word' id='word_1_164' title='bbox 1398 2417 1774 2481; x_wconf 89' lang='lat' dir='ltr'>meretrici.</span> 
     </span>
     <span class='ocr_line' id='line_1_20' title="bbox 819 2520 3201 2607; baseline -0.002 -14"><span class='ocrx_word' id='word_1_165' title='bbox 819 2534 894 2600; x_wconf 75' lang='lat' dir='ltr'>lu</span> <span class='ocrx_word' id='word_1_166' title='bbox 937 2526 1170 2595; x_wconf 78' lang='lat' dir='ltr'>alcuni</span> <span class='ocrx_word' id='word_1_167' title='bbox 1203 2524 1392 2589; x_wconf 92' lang='lat' dir='ltr'>lochi</span> <span class='ocrx_word' id='word_1_168' title='bbox 1435 2526 1925 2605; x_wconf 87' lang='lat' dir='ltr'>destruggono</span> <span class='ocrx_word' id='word_1_169' title='bbox 1966 2526 2032 2587; x_wconf 86' lang='lat' dir='ltr'>le</span> <span class='ocrx_word' id='word_1_170' title='bbox 2061 2523 2355 2607; x_wconf 81' lang='lat' dir='ltr'>imagini</span> <span class='ocrx_word' id='word_1_171' title='bbox 2388 2524 2480 2587; x_wconf 92' lang='lat' dir='ltr'>de</span> <span class='ocrx_word' id='word_1_172' title='bbox 2513 2520 2781 2604; x_wconf 86' lang='lat' dir='ltr'>Sancti,</span> <span class='ocrx_word' id='word_1_173' title='bbox 2833 2526 2923 2589; x_wconf 84' lang='lat' dir='ltr'>de</span> <span class='ocrx_word' id='word_1_174' title='bbox 2955 2537 3201 2591; x_wconf 86' lang='lat' dir='ltr'>nostra</span> 
     </span>
     <span class='ocr_line' id='line_1_21' title="bbox 647 2630 3203 2715; baseline -0.002 -14"><span class='ocrx_word' id='word_1_175' title='bbox 647 2651 846 2707; x_wconf 61' lang='lat' dir='ltr'>{mna</span> <span class='ocrx_word' id='word_1_176' title='bbox 909 2648 980 2703; x_wconf 80' lang='lat' dir='ltr'>et</span> <span class='ocrx_word' id='word_1_177' title='bbox 1027 2635 1145 2697; x_wconf 91' lang='lat' dir='ltr'>del</span> <span class='ocrx_word' id='word_1_178' title='bbox 1193 2630 1546 2695; x_wconf 81' lang='lat' dir='ltr'>Salvator.</span> <span class='ocrx_word' id='word_1_179' title='bbox 1641 2631 1801 2694; x_wconf 90' lang='lat' dir='ltr'>Non</span> <span class='ocrx_word' id='word_1_180' title='bbox 1851 2632 2111 2695; x_wconf 86' lang='lat' dir='ltr'>voleno</span> <span class='ocrx_word' id='word_1_181' title='bbox 2178 2632 2313 2694; x_wconf 90' lang='lat' dir='ltr'>che</span> <span class='ocrx_word' id='word_1_182' title='bbox 2361 2630 2419 2693; x_wconf 92' lang='lat' dir='ltr'>si</span> <span class='ocrx_word' id='word_1_183' title='bbox 2466 2630 2701 2695; x_wconf 87' lang='lat' dir='ltr'>facino</span> <span class='ocrx_word' id='word_1_184' title='bbox 2750 2632 3090 2715; x_wconf 88' lang='lat' dir='ltr'>orationi,</span> <span class='ocrx_word' id='word_1_185' title='bbox 3156 2656 3203 2697; x_wconf 88' lang='lat' dir='ltr'>a</span> 
     </span>
     <span class='ocr_line' id='line_1_22' title="bbox 640 2736 3204 2820; baseline -0.001 -12"><span class='ocrx_word' id='word_1_186' title='bbox 640 2760 878 2813; x_wconf 58' lang='lat' dir='ltr'>nunti-a</span> <span class='ocrx_word' id='word_1_187' title='bbox 927 2744 1174 2820; x_wconf 91' lang='lat' dir='ltr'>Dona,</span> <span class='ocrx_word' id='word_1_188' title='bbox 1243 2738 1332 2802; x_wconf 68' lang='lat' dir='ltr'>ne</span> <span class='ocrx_word' id='word_1_189' title='bbox 1383 2758 1422 2801; x_wconf 87' lang='lat' dir='ltr'>a</span> <span class='ocrx_word' id='word_1_190' title='bbox 1473 2738 1739 2820; x_wconf 85' lang='lat' dir='ltr'>sancti,</span> <span class='ocrx_word' id='word_1_191' title='bbox 1807 2749 1877 2801; x_wconf 93' lang='lat' dir='ltr'>et</span> <span class='ocrx_word' id='word_1_192' title='bbox 1923 2736 1995 2801; x_wconf 91' lang='lat' dir='ltr'>in</span> <span class='ocrx_word' id='word_1_193' title='bbox 2045 2740 2297 2801; x_wconf 90' lang='lat' dir='ltr'>alcune</span> <span class='ocrx_word' id='word_1_194' title='bbox 2346 2736 2628 2801; x_wconf 88' lang='lat' dir='ltr'>Chiesie</span> <span class='ocrx_word' id='word_1_195' title='bbox 2674 2739 2912 2803; x_wconf 89' lang='lat' dir='ltr'>hanno</span> <span class='ocrx_word' id='word_1_196' title='bbox 2960 2742 3204 2807; x_wconf 90' lang='lat' dir='ltr'>levato</span> 
     </span>
     <span class='ocr_line' id='line_1_23' title="bbox 639 2842 3201 2929; baseline -0.001 -12"><span class='ocrx_word' id='word_1_197' title='bbox 639 2858 674 2921; x_wconf 75' lang='grc' dir='ltr'>ι’</span> <span class='ocrx_word' id='word_1_198' title='bbox 717 2854 870 2922; x_wconf 57' lang='lat' dir='ltr'>Ave</span> <span class='ocrx_word' id='word_1_199' title='bbox 917 2846 1181 2929; x_wconf 88' lang='lat' dir='ltr'>Maria,</span> <span class='ocrx_word' id='word_1_200' title='bbox 1253 2854 1326 2911; x_wconf 89' lang='lat' dir='ltr'>et</span> <span class='ocrx_word' id='word_1_201' title='bbox 1389 2844 1462 2910; x_wconf 87' lang='lat' dir='ltr'>in</span> <span class='ocrx_word' id='word_1_202' title='bbox 1508 2848 1666 2910; x_wconf 92' lang='lat' dir='ltr'>loco</span> <span class='ocrx_word' id='word_1_203' title='bbox 1733 2844 1825 2908; x_wconf 90' lang='lat' dir='ltr'>de</span> <span class='ocrx_word' id='word_1_204' title='bbox 1874 2842 2093 2909; x_wconf 88' lang='lat' dir='ltr'>Salve</span> <span class='ocrx_word' id='word_1_205' title='bbox 2138 2842 2467 2928; x_wconf 82' lang='lat' dir='ltr'>Regina,</span> <span class='ocrx_word' id='word_1_206' title='bbox 2538 2846 2799 2910; x_wconf 90' lang='lat' dir='ltr'>voleno</span> <span class='ocrx_word' id='word_1_207' title='bbox 2863 2846 2923 2913; x_wconf 87' lang='lat' dir='ltr'>si</span> <span class='ocrx_word' id='word_1_208' title='bbox 2986 2846 3201 2914; x_wconf 87' lang='lat' dir='ltr'>dichi.</span> 
     </span>
     <span class='ocr_line' id='line_1_24' title="bbox 637 2950 3201 3037; baseline -0.001 -15"><span class='ocrx_word' id='word_1_209' title='bbox 637 2965 852 3031; x_wconf 47' lang='lat' dir='ltr'>Salve</span> <span class='ocrx_word' id='word_1_210' title='bbox 886 2959 1056 3024; x_wconf 86' lang='lat' dir='ltr'>Rex</span> <span class='ocrx_word' id='word_1_211' title='bbox 1091 2963 1224 3021; x_wconf 87' lang='lat' dir='ltr'>etc.</span> <span class='ocrx_word' id='word_1_212' title='bbox 1319 2955 1481 3018; x_wconf 87' lang='lat' dir='ltr'>Non</span> <span class='ocrx_word' id='word_1_213' title='bbox 1523 2971 1829 3016; x_wconf 88' lang='lat' dir='ltr'>servano</span> <span class='ocrx_word' id='word_1_214' title='bbox 1876 2951 1926 3014; x_wconf 88' lang='lat' dir='ltr'>li</span> <span class='ocrx_word' id='word_1_215' title='bbox 1972 2950 2238 3032; x_wconf 89' lang='lat' dir='ltr'>ieiunii,</span> <span class='ocrx_word' id='word_1_216' title='bbox 2287 2950 2378 3014; x_wconf 73' lang='lat' dir='ltr'>ne</span> <span class='ocrx_word' id='word_1_217' title='bbox 2423 2961 2575 3015; x_wconf 89' lang='lat' dir='ltr'>tute</span> <span class='ocrx_word' id='word_1_218' title='bbox 2622 2954 2689 3015; x_wconf 89' lang='lat' dir='ltr'>le</span> <span class='ocrx_word' id='word_1_219' title='bbox 2720 2952 2905 3017; x_wconf 87' lang='lat' dir='ltr'>feste</span> <span class='ocrx_word' id='word_1_220' title='bbox 2936 2955 3201 3037; x_wconf 89' lang='lat' dir='ltr'>debite,</span> 
     </span>
     <span class='ocr_line' id='line_1_25' title="bbox 637 3056 3203 3146; baseline 0 -18"><span class='ocrx_word' id='word_1_221' title='bbox 637 3073 720 3136; x_wconf 67' lang='grc' dir='ltr'>ιιὸ.</span> <span class='ocrx_word' id='word_1_222' title='bbox 773 3069 820 3132; x_wconf 85' lang='lat' dir='ltr'>li</span> <span class='ocrx_word' id='word_1_223' title='bbox 869 3063 939 3128; x_wconf 83' lang='lat' dir='ltr'>di</span> <span class='ocrx_word' id='word_1_224' title='bbox 987 3061 1327 3146; x_wconf 86' lang='lat' dir='ltr'>prohibiti</span> <span class='ocrx_word' id='word_1_225' title='bbox 1389 3063 1482 3124; x_wconf 91' lang='lat' dir='ltr'>da</span> <span class='ocrx_word' id='word_1_226' title='bbox 1529 3078 1764 3123; x_wconf 90' lang='lat' dir='ltr'>carne.</span> <span class='ocrx_word' id='word_1_227' title='bbox 1859 3057 2021 3120; x_wconf 91' lang='lat' dir='ltr'>Non</span> <span class='ocrx_word' id='word_1_228' title='bbox 2069 3077 2333 3122; x_wconf 88' lang='lat' dir='ltr'>curano</span> <span class='ocrx_word' id='word_1_229' title='bbox 2401 3056 2449 3122; x_wconf 84' lang='lat' dir='ltr'>li</span> <span class='ocrx_word' id='word_1_230' title='bbox 2498 3057 2943 3124; x_wconf 87' lang='lat' dir='ltr'>Sacramenti</span> <span class='ocrx_word' id='word_1_231' title='bbox 2990 3063 3081 3126; x_wconf 92' lang='lat' dir='ltr'>de</span> <span class='ocrx_word' id='word_1_232' title='bbox 3130 3064 3203 3128; x_wconf 93' lang='lat' dir='ltr'>la</span> 
     </span>
     <span class='ocr_line' id='line_1_26' title="bbox 637 3164 3202 3252; baseline -0.002 -12"><span class='ocrx_word' id='word_1_233' title='bbox 637 3172 918 3241; x_wconf 59' lang='lat' dir='ltr'>l&#39;hiesia</span> <span class='ocrx_word' id='word_1_234' title='bbox 966 3169 1474 3252; x_wconf 87' lang='lat' dir='ltr'>specialmente</span> <span class='ocrx_word' id='word_1_235' title='bbox 1521 3168 1592 3230; x_wconf 90' lang='lat' dir='ltr'>la</span> <span class='ocrx_word' id='word_1_236' title='bbox 1621 3164 2109 3229; x_wconf 85' lang='lat' dir='ltr'>Confessione.</span> <span class='ocrx_word' id='word_1_237' title='bbox 2186 3164 2277 3227; x_wconf 91' lang='lat' dir='ltr'>Et</span> <span class='ocrx_word' id='word_1_238' title='bbox 2325 3185 2413 3228; x_wconf 91' lang='lat' dir='ltr'>ne</span> <span class='ocrx_word' id='word_1_239' title='bbox 2447 3166 2518 3228; x_wconf 90' lang='lat' dir='ltr'>la</span> <span class='ocrx_word' id='word_1_240' title='bbox 2544 3165 2992 3231; x_wconf 88' lang='lat' dir='ltr'>Eucharistia</span> <span class='ocrx_word' id='word_1_241' title='bbox 3019 3189 3202 3235; x_wconf 89' lang='lat' dir='ltr'>sono</span> 
     </span>
     <span class='ocr_line' id='line_1_27' title="bbox 637 3270 3201 3354; baseline -0.004 -5"><span class='ocrx_word' id='word_1_242' title='bbox 637 3283 730 3348; x_wconf 70' lang='lat' dir='ltr'>dil</span> <span class='ocrx_word' id='word_1_243' title='bbox 780 3288 932 3342; x_wconf 87' lang='lat' dir='ltr'>tuto</span> <span class='ocrx_word' id='word_1_244' title='bbox 981 3275 1290 3339; x_wconf 86' lang='lat' dir='ltr'>discordi</span> <span class='ocrx_word' id='word_1_245' title='bbox 1338 3276 1432 3338; x_wconf 88' lang='lat' dir='ltr'>da</span> <span class='ocrx_word' id='word_1_246' title='bbox 1477 3275 1548 3337; x_wconf 97' lang='lat' dir='ltr'>la</span> <span class='ocrx_word' id='word_1_247' title='bbox 1593 3271 1855 3336; x_wconf 89' lang='lat' dir='ltr'>diretta</span> <span class='ocrx_word' id='word_1_248' title='bbox 1900 3270 2039 3336; x_wconf 87' lang='lat' dir='ltr'>via.</span> <span class='ocrx_word' id='word_1_249' title='bbox 2132 3271 2237 3334; x_wconf 69' lang='lat' dir='ltr'>Ne</span> <span class='ocrx_word' id='word_1_250' title='bbox 2285 3273 2545 3334; x_wconf 85' lang='lat' dir='ltr'>voleno</span> <span class='ocrx_word' id='word_1_251' title='bbox 2594 3273 2727 3335; x_wconf 89' lang='lat' dir='ltr'>che</span> <span class='ocrx_word' id='word_1_252' title='bbox 2768 3273 3081 3354; x_wconf 85' lang='lat' dir='ltr'>giovano</span> <span class='ocrx_word' id='word_1_253' title='bbox 3128 3279 3201 3341; x_wconf 89' lang='lat' dir='ltr'>le</span> 
     </span>
     <span class='ocr_line' id='line_1_28' title="bbox 635 3377 3199 3464; baseline -0.002 -11"><span class='ocrx_word' id='word_1_254' title='bbox 635 3385 973 3463; x_wconf 83' lang='lat' dir='ltr'>orationi,</span> <span class='ocrx_word' id='word_1_255' title='bbox 1043 3391 1116 3446; x_wconf 89' lang='lat' dir='ltr'>et</span> <span class='ocrx_word' id='word_1_256' title='bbox 1161 3381 1671 3464; x_wconf 85' lang='lat' dir='ltr'>Eleemosyne,</span> <span class='ocrx_word' id='word_1_257' title='bbox 1743 3399 1784 3442; x_wconf 89' lang='lat' dir='ltr'>a</span> <span class='ocrx_word' id='word_1_258' title='bbox 1846 3377 1897 3442; x_wconf 92' lang='lat' dir='ltr'>li</span> <span class='ocrx_word' id='word_1_259' title='bbox 1935 3377 2285 3442; x_wconf 81' lang='lat' dir='ltr'>defuncti.</span> <span class='ocrx_word' id='word_1_260' title='bbox 2376 3377 2485 3441; x_wconf 68' lang='lat' dir='ltr'>Ne</span> <span class='ocrx_word' id='word_1_261' title='bbox 2532 3398 2799 3442; x_wconf 83' lang='lat' dir='ltr'>cruano</span> <span class='ocrx_word' id='word_1_262' title='bbox 2856 3381 2907 3444; x_wconf 91' lang='lat' dir='ltr'>li</span> <span class='ocrx_word' id='word_1_263' title='bbox 2956 3382 3199 3449; x_wconf 87' lang='lat' dir='ltr'>Divini</span> 
     </span>
     <span class='ocr_line' id='line_1_29' title="bbox 635 3483 3199 3572; baseline -0.002 -13"><span class='ocrx_word' id='word_1_264' title='bbox 635 3491 902 3572; x_wconf 82' lang='lat' dir='ltr'>Officii,</span> <span class='ocrx_word' id='word_1_265' title='bbox 951 3491 1039 3554; x_wconf 73' lang='lat' dir='ltr'>ne</span> <span class='ocrx_word' id='word_1_266' title='bbox 1088 3487 1486 3553; x_wconf 89' lang='lat' dir='ltr'>ornamenti</span> <span class='ocrx_word' id='word_1_267' title='bbox 1534 3487 1626 3549; x_wconf 89' lang='lat' dir='ltr'>de</span> <span class='ocrx_word' id='word_1_268' title='bbox 1671 3489 1742 3550; x_wconf 87' lang='lat' dir='ltr'>la</span> <span class='ocrx_word' id='word_1_269' title='bbox 1789 3483 2092 3549; x_wconf 90' lang='lat' dir='ltr'>Chiesia.</span> <span class='ocrx_word' id='word_1_270' title='bbox 2188 3483 2277 3547; x_wconf 90' lang='lat' dir='ltr'>Et</span> <span class='ocrx_word' id='word_1_271' title='bbox 2323 3504 2403 3548; x_wconf 87' lang='lat' dir='ltr'>se</span> <span class='ocrx_word' id='word_1_272' title='bbox 2450 3487 2708 3550; x_wconf 85' lang='lat' dir='ltr'>alcuna</span> <span class='ocrx_word' id='word_1_273' title='bbox 2752 3490 2986 3570; x_wconf 86' lang='lat' dir='ltr'>volta,</span> <span class='ocrx_word' id='word_1_274' title='bbox 3032 3511 3079 3553; x_wconf 96' lang='lat' dir='ltr'>o</span> <span class='ocrx_word' id='word_1_275' title='bbox 3124 3490 3199 3556; x_wconf 91' lang='lat' dir='ltr'>in</span> 
     </span>
     <span class='ocr_line' id='line_1_30' title="bbox 639 3579 3203 3678; baseline 0 -16"><span class='ocrx_word' id='word_1_276' title='bbox 639 3603 894 3668; x_wconf 78' lang='lat' dir='ltr'>alcuno</span> <span class='ocrx_word' id='word_1_277' title='bbox 941 3599 1101 3660; x_wconf 88' lang='lat' dir='ltr'>loco</span> <span class='ocrx_word' id='word_1_278' title='bbox 1149 3595 1200 3658; x_wconf 92' lang='lat' dir='ltr'>li</span> <span class='ocrx_word' id='word_1_279' title='bbox 1228 3579 1606 3678; x_wconf 83' lang='lat' dir='ltr'>regimenti</span> <span class='ocrx_word' id='word_1_280' title='bbox 1653 3592 1875 3656; x_wconf 88' lang='lat' dir='ltr'>fanno</span> <span class='ocrx_word' id='word_1_281' title='bbox 1910 3593 2212 3674; x_wconf 86' lang='lat' dir='ltr'>qualche</span> <span class='ocrx_word' id='word_1_282' title='bbox 2240 3592 2847 3657; x_wconf 86' lang='lat' dir='ltr'>demonstratione</span> <span class='ocrx_word' id='word_1_283' title='bbox 2878 3597 2969 3658; x_wconf 92' lang='lat' dir='ltr'>de</span> <span class='ocrx_word' id='word_1_284' title='bbox 2998 3600 3203 3663; x_wconf 88' lang='lat' dir='ltr'>voler</span> 
     </span>
     <span class='ocr_line' id='line_1_31' title="bbox 637 3699 3199 3785; baseline 0 -14"><span class='ocrx_word' id='word_1_285' title='bbox 637 3708 748 3772; x_wconf 88' lang='lat' dir='ltr'>far</span> <span class='ocrx_word' id='word_1_286' title='bbox 793 3707 1139 3768; x_wconf 85' lang='lat' dir='ltr'>observar</span> <span class='ocrx_word' id='word_1_287' title='bbox 1185 3703 1228 3766; x_wconf 87' lang='lat' dir='ltr'>l&#39;</span> <span class='ocrx_word' id='word_1_288' title='bbox 1255 3703 1548 3785; x_wconf 88' lang='lat' dir='ltr'>antiquo</span> <span class='ocrx_word' id='word_1_289' title='bbox 1595 3702 1732 3764; x_wconf 90' lang='lat' dir='ltr'>rito</span> <span class='ocrx_word' id='word_1_290' title='bbox 1782 3699 2289 3764; x_wconf 89' lang='lat' dir='ltr'>Ecclesiastico</span> <span class='ocrx_word' id='word_1_291' title='bbox 2302 3747 2320 3780; x_wconf 91' lang='lat'>‚</span> <span class='ocrx_word' id='word_1_292' title='bbox 2391 3710 2545 3764; x_wconf 87' lang='lat' dir='ltr'>tuta</span> <span class='ocrx_word' id='word_1_293' title='bbox 2590 3705 2787 3765; x_wconf 86' lang='lat' dir='ltr'>volta</span> <span class='ocrx_word' id='word_1_294' title='bbox 2843 3722 2985 3768; x_wconf 89' lang='lat' dir='ltr'>non</span> <span class='ocrx_word' id='word_1_295' title='bbox 3032 3705 3070 3769; x_wconf 76' lang='grc' dir='ltr'>ὲ</span> <span class='ocrx_word' id='word_1_296' title='bbox 3120 3727 3199 3771; x_wconf 90' lang='lat' dir='ltr'>se</span> 
     </span>
     <span class='ocr_line' id='line_1_32' title="bbox 635 3805 3201 3895; baseline -0 -18"><span class='ocrx_word' id='word_1_297' title='bbox 635 3834 778 3877; x_wconf 91' lang='lat' dir='ltr'>non</span> <span class='ocrx_word' id='word_1_298' title='bbox 845 3811 1166 3893; x_wconf 89' lang='lat' dir='ltr'>fictione,</span> <span class='ocrx_word' id='word_1_299' title='bbox 1238 3811 1502 3895; x_wconf 74' lang='lat' dir='ltr'>perche</span> <span class='ocrx_word' id='word_1_300' title='bbox 1563 3808 1635 3872; x_wconf 92' lang='lat' dir='ltr'>in</span> <span class='ocrx_word' id='word_1_301' title='bbox 1685 3807 1736 3871; x_wconf 92' lang='lat' dir='ltr'>li</span> <span class='ocrx_word' id='word_1_302' title='bbox 1784 3805 2009 3871; x_wconf 87' lang='lat' dir='ltr'>effetti</span> <span class='ocrx_word' id='word_1_303' title='bbox 2078 3826 2219 3870; x_wconf 89' lang='lat' dir='ltr'>non</span> <span class='ocrx_word' id='word_1_304' title='bbox 2268 3808 2552 3870; x_wconf 87' lang='lat' dir='ltr'>lassano</span> <span class='ocrx_word' id='word_1_305' title='bbox 2598 3810 2975 3889; x_wconf 85' lang='lat' dir='ltr'>praedicar</span> <span class='ocrx_word' id='word_1_306' title='bbox 3036 3813 3201 3876; x_wconf 87' lang='lat' dir='ltr'>altri</span> 
     </span>
     <span class='ocr_line' id='line_1_33' title="bbox 634 3914 3197 4000; baseline -0.001 -16"><span class='ocrx_word' id='word_1_307' title='bbox 634 3921 768 3984; x_wconf 88' lang='lat' dir='ltr'>che</span> <span class='ocrx_word' id='word_1_308' title='bbox 834 3919 882 3981; x_wconf 94' lang='lat' dir='ltr'>li</span> <span class='ocrx_word' id='word_1_309' title='bbox 929 3919 1318 4000; x_wconf 89' lang='lat' dir='ltr'>lutherani,</span> <span class='ocrx_word' id='word_1_310' title='bbox 1389 3916 1437 3980; x_wconf 86' lang='lat' dir='ltr'>li</span> <span class='ocrx_word' id='word_1_311' title='bbox 1500 3915 1694 3998; x_wconf 88' lang='lat' dir='ltr'>quali</span> <span class='ocrx_word' id='word_1_312' title='bbox 1741 3934 1918 3978; x_wconf 89' lang='lat' dir='ltr'>sono</span> <span class='ocrx_word' id='word_1_313' title='bbox 1978 3914 2094 3976; x_wconf 88' lang='lat' dir='ltr'>del</span> <span class='ocrx_word' id='word_1_314' title='bbox 2155 3923 2308 3975; x_wconf 89' lang='lat' dir='ltr'>tuto</span> <span class='ocrx_word' id='word_1_315' title='bbox 2378 3914 2714 3976; x_wconf 90' lang='lat' dir='ltr'>contrarii</span> <span class='ocrx_word' id='word_1_316' title='bbox 2783 3937 2827 3979; x_wconf 89' lang='lat' dir='ltr'>a</span> <span class='ocrx_word' id='word_1_317' title='bbox 2874 3917 2917 3978; x_wconf 90' lang='lat' dir='ltr'>l’</span> <span class='ocrx_word' id='word_1_318' title='bbox 2944 3919 3197 3982; x_wconf 87' lang='lat' dir='ltr'>ordine</span> 
     </span>
     <span class='ocr_line' id='line_1_34' title="bbox 635 4019 2939 4107; baseline -0.001 -17"><span class='ocrx_word' id='word_1_319' title='bbox 635 4029 879 4107; x_wconf 78' lang='lat' dir='ltr'>Sacr0‚</span> <span class='ocrx_word' id='word_1_320' title='bbox 927 4026 1193 4090; x_wconf 89' lang='lat' dir='ltr'>inimici</span> <span class='ocrx_word' id='word_1_321' title='bbox 1241 4027 1331 4088; x_wconf 90' lang='lat' dir='ltr'>de</span> <span class='ocrx_word' id='word_1_322' title='bbox 1379 4024 1551 4107; x_wconf 87' lang='lat' dir='ltr'>ogni</span> <span class='ocrx_word' id='word_1_323' title='bbox 1598 4025 1761 4104; x_wconf 87' lang='lat' dir='ltr'>lege</span> <span class='ocrx_word' id='word_1_324' title='bbox 1810 4021 1997 4084; x_wconf 88' lang='lat' dir='ltr'>cossi</span> <span class='ocrx_word' id='word_1_325' title='bbox 2044 4019 2408 4101; x_wconf 83' lang='lat' dir='ltr'>canonica,</span> <span class='ocrx_word' id='word_1_326' title='bbox 2458 4040 2662 4083; x_wconf 91' lang='lat' dir='ltr'>como</span> <span class='ocrx_word' id='word_1_327' title='bbox 2710 4023 2939 4088; x_wconf 86' lang='lat' dir='ltr'>civile.</span> 
     </span>
     <span class='ocr_line' id='line_1_35' title="bbox 812 4126 3197 4214; baseline -0 -16"><span class='ocrx_word' id='word_1_328' title='bbox 812 4134 1080 4198; x_wconf 84' lang='lat' dir='ltr'>Contra</span> <span class='ocrx_word' id='word_1_329' title='bbox 1139 4131 1368 4214; x_wconf 80' lang='lat' dir='ltr'>questi</span> <span class='ocrx_word' id='word_1_330' title='bbox 1417 4129 1800 4193; x_wconf 89' lang='lat' dir='ltr'>desordeni</span> <span class='ocrx_word' id='word_1_331' title='bbox 1845 4129 2049 4209; x_wconf 90' lang='lat' dir='ltr'>Papa</span> <span class='ocrx_word' id='word_1_332' title='bbox 2097 4126 2419 4190; x_wconf 90' lang='lat' dir='ltr'>Adriano</span> <span class='ocrx_word' id='word_1_333' title='bbox 2467 4129 2727 4190; x_wconf 82' lang='lat' dir='ltr'>mando</span> <span class='ocrx_word' id='word_1_334' title='bbox 2774 4149 2869 4192; x_wconf 91' lang='lat' dir='ltr'>un</span> <span class='ocrx_word' id='word_1_335' title='bbox 2917 4129 3197 4198; x_wconf 90' lang='lat' dir='ltr'>Nuncio</span> 
     </span>
     <span class='ocr_line' id='line_1_36' title="bbox 633 4235 3197 4323; baseline -0.001 -19"><span class='ocrx_word' id='word_1_336' title='bbox 633 4240 1090 4323; x_wconf 83' lang='lat' dir='ltr'>ApostolicO,</span> <span class='ocrx_word' id='word_1_337' title='bbox 1138 4261 1180 4302; x_wconf 91' lang='lat' dir='ltr'>a</span> <span class='ocrx_word' id='word_1_338' title='bbox 1228 4240 1298 4301; x_wconf 88' lang='lat' dir='ltr'>la</span> <span class='ocrx_word' id='word_1_339' title='bbox 1346 4237 1605 4300; x_wconf 86' lang='lat' dir='ltr'>Diaeta</span> <span class='ocrx_word' id='word_1_340' title='bbox 1652 4236 1743 4298; x_wconf 92' lang='lat' dir='ltr'>de</span> <span class='ocrx_word' id='word_1_341' title='bbox 1790 4235 2314 4315; x_wconf 84' lang='lat' dir='ltr'>Noremberga,</span> <span class='ocrx_word' id='word_1_342' title='bbox 2381 4235 2447 4295; x_wconf 89' lang='lat' dir='ltr'>el</span> <span class='ocrx_word' id='word_1_343' title='bbox 2495 4236 2659 4314; x_wconf 84' lang='lat' dir='ltr'>qual</span> <span class='ocrx_word' id='word_1_344' title='bbox 2710 4254 2853 4298; x_wconf 89' lang='lat' dir='ltr'>non</span> <span class='ocrx_word' id='word_1_345' title='bbox 2902 4239 3197 4320; x_wconf 79' lang='lat' dir='ltr'>reporto</span> 
     </span>
     <span class='ocr_line' id='line_1_37' title="bbox 631 4340 3195 4428; baseline 0 -17"><span class='ocrx_word' id='word_1_346' title='bbox 631 4351 812 4411; x_wconf 91' lang='lat' dir='ltr'>altro</span> <span class='ocrx_word' id='word_1_347' title='bbox 875 4349 1007 4410; x_wconf 91' lang='lat' dir='ltr'>che</span> <span class='ocrx_word' id='word_1_348' title='bbox 1055 4358 1384 4428; x_wconf 88' lang='lat' dir='ltr'>resposta</span> <span class='ocrx_word' id='word_1_349' title='bbox 1445 4342 1803 4426; x_wconf 83' lang='lat' dir='ltr'>captiosa;</span> <span class='ocrx_word' id='word_1_350' title='bbox 1876 4341 2139 4423; x_wconf 68' lang='lat' dir='ltr'>perche·</span> <span class='ocrx_word' id='word_1_351' title='bbox 2185 4340 2259 4403; x_wconf 89' lang='lat' dir='ltr'>in</span> <span class='ocrx_word' id='word_1_352' title='bbox 2308 4341 2467 4402; x_wconf 93' lang='lat' dir='ltr'>loco</span> <span class='ocrx_word' id='word_1_353' title='bbox 2525 4342 2615 4403; x_wconf 90' lang='lat' dir='ltr'>de</span> <span class='ocrx_word' id='word_1_354' title='bbox 2679 4343 2810 4405; x_wconf 86' lang='lat' dir='ltr'>dar</span> <span class='ocrx_word' id='word_1_355' title='bbox 2856 4347 3195 4426; x_wconf 89' lang='lat' dir='ltr'>remedi0,</span> 
     </span>
     <span class='ocr_line' id='line_1_38' title="bbox 630 4447 3196 4534; baseline -0.001 -16"><span class='ocrx_word' id='word_1_356' title='bbox 630 4475 674 4518; x_wconf 88' lang='lat' dir='ltr'>a</span> <span class='ocrx_word' id='word_1_357' title='bbox 737 4454 916 4517; x_wconf 90' lang='lat' dir='ltr'>tanti</span> <span class='ocrx_word' id='word_1_358' title='bbox 983 4452 1243 4533; x_wconf 87' lang='lat' dir='ltr'>errori,</span> <span class='ocrx_word' id='word_1_359' title='bbox 1313 4453 1627 4515; x_wconf 86' lang='lat' dir='ltr'>secundo</span> <span class='ocrx_word' id='word_1_360' title='bbox 1693 4451 1826 4512; x_wconf 89' lang='lat' dir='ltr'>che</span> <span class='ocrx_word' id='word_1_361' title='bbox 1876 4447 2391 4510; x_wconf 86' lang='lat' dir='ltr'>commandano</span> <span class='ocrx_word' id='word_1_362' title='bbox 2456 4455 2607 4510; x_wconf 88' lang='lat' dir='ltr'>tute</span> <span class='ocrx_word' id='word_1_363' title='bbox 2674 4449 2839 4530; x_wconf 89' lang='lat' dir='ltr'>lege</span> <span class='ocrx_word' id='word_1_364' title='bbox 2903 4453 3196 4534; x_wconf 87' lang='lat' dir='ltr'>antique</span> 
     </span>
     <span class='ocr_line' id='line_1_39' title="bbox 630 4552 3195 4639; baseline 0 -15"><span class='ocrx_word' id='word_1_365' title='bbox 630 4560 973 4624; x_wconf 89' lang='lat' dir='ltr'>canonice</span> <span class='ocrx_word' id='word_1_366' title='bbox 1041 4571 1114 4623; x_wconf 91' lang='lat' dir='ltr'>et</span> <span class='ocrx_word' id='word_1_367' title='bbox 1161 4559 1386 4639; x_wconf 89' lang='lat' dir='ltr'>civili,</span> <span class='ocrx_word' id='word_1_368' title='bbox 1456 4569 1530 4622; x_wconf 91' lang='lat' dir='ltr'>et</span> <span class='ocrx_word' id='word_1_369' title='bbox 1599 4559 1668 4619; x_wconf 93' lang='lat' dir='ltr'>lo</span> <span class='ocrx_word' id='word_1_370' title='bbox 1717 4556 1953 4618; x_wconf 93' lang='lat' dir='ltr'>edicto</span> <span class='ocrx_word' id='word_1_371' title='bbox 2015 4555 2105 4618; x_wconf 88' lang='lat' dir='ltr'>de</span> <span class='ocrx_word' id='word_1_372' title='bbox 2155 4555 2225 4617; x_wconf 89' lang='lat' dir='ltr'>la</span> <span class='ocrx_word' id='word_1_373' title='bbox 2272 4552 2628 4618; x_wconf 78' lang='lat' dir='ltr'>Caesarea</span> <span class='ocrx_word' id='word_1_374' title='bbox 2674 4555 2953 4621; x_wconf 74' lang='lat' dir='ltr'>Maesta</span> <span class='ocrx_word' id='word_1_375' title='bbox 3012 4558 3195 4624; x_wconf 89' lang='lat' dir='ltr'>fatto</span> 
     </span>
     <span class='ocr_line' id='line_1_40' title="bbox 626 4661 3193 4749; baseline -0.001 -17"><span class='ocrx_word' id='word_1_376' title='bbox 626 4669 697 4732; x_wconf 92' lang='lat' dir='ltr'>in</span> <span class='ocrx_word' id='word_1_377' title='bbox 770 4669 842 4731; x_wconf 87' lang='lat' dir='ltr'>la</span> <span class='ocrx_word' id='word_1_378' title='bbox 889 4668 1148 4731; x_wconf 87' lang='lat' dir='ltr'>Diaeta</span> <span class='ocrx_word' id='word_1_379' title='bbox 1216 4667 1306 4729; x_wconf 89' lang='lat' dir='ltr'>de</span> <span class='ocrx_word' id='word_1_380' title='bbox 1353 4663 1756 4728; x_wconf 83' lang='lat' dir='ltr'>Wormatia</span> <span class='ocrx_word' id='word_1_381' title='bbox 1822 4664 1912 4725; x_wconf 92' lang='lat' dir='ltr'>de</span> <span class='ocrx_word' id='word_1_382' title='bbox 1960 4681 2311 4726; x_wconf 86' lang='lat' dir='ltr'>consenso</span> <span class='ocrx_word' id='word_1_383' title='bbox 2378 4661 2469 4724; x_wconf 93' lang='lat' dir='ltr'>de</span> <span class='ocrx_word' id='word_1_384' title='bbox 2534 4669 2687 4726; x_wconf 92' lang='lat' dir='ltr'>tuto</span> <span class='ocrx_word' id='word_1_385' title='bbox 2754 4664 2825 4726; x_wconf 94' lang='lat' dir='ltr'>lo</span> <span class='ocrx_word' id='word_1_386' title='bbox 2871 4663 3193 4749; x_wconf 86' lang='lat' dir='ltr'>imperio,</span> 
     </span>
     <span class='ocr_line' id='line_1_41' title="bbox 627 4767 3193 4854; baseline -0.001 -15"><span class='ocrx_word' id='word_1_387' title='bbox 627 4796 842 4839; x_wconf 88' lang='lat' dir='ltr'>senza</span> <span class='ocrx_word' id='word_1_388' title='bbox 904 4777 1110 4838; x_wconf 86' lang='lat' dir='ltr'>alcun</span> <span class='ocrx_word' id='word_1_389' title='bbox 1159 4781 1476 4854; x_wconf 89' lang='lat' dir='ltr'>respetto</span> <span class='ocrx_word' id='word_1_390' title='bbox 1541 4773 1632 4834; x_wconf 88' lang='lat' dir='ltr'>de</span> <span class='ocrx_word' id='word_1_391' title='bbox 1681 4767 1830 4832; x_wconf 88' lang='lat' dir='ltr'>Sua</span> <span class='ocrx_word' id='word_1_392' title='bbox 1874 4767 2153 4832; x_wconf 76' lang='lat' dir='ltr'>Maesta</span> <span class='ocrx_word' id='word_1_393' title='bbox 2212 4768 2454 4832; x_wconf 84' lang='lat' dir='ltr'>fecero</span> <span class='ocrx_word' id='word_1_394' title='bbox 2502 4789 2690 4832; x_wconf 89' lang='lat' dir='ltr'>nove</span> <span class='ocrx_word' id='word_1_395' title='bbox 2736 4773 3193 4854; x_wconf 86' lang='lat' dir='ltr'>conclusioni,</span> 
     </span>
     <span class='ocr_line' id='line_1_42' title="bbox 626 4876 3191 4964; baseline -0 -18"><span class='ocrx_word' id='word_1_396' title='bbox 626 4891 698 4946; x_wconf 93' lang='lat' dir='ltr'>et</span> <span class='ocrx_word' id='word_1_397' title='bbox 743 4881 1249 4964; x_wconf 88' lang='lat' dir='ltr'>respondendo</span> <span class='ocrx_word' id='word_1_398' title='bbox 1299 4881 1390 4942; x_wconf 90' lang='lat' dir='ltr'>de</span> <span class='ocrx_word' id='word_1_399' title='bbox 1437 4880 1638 4942; x_wconf 84' lang='lat' dir='ltr'>voler</span> <span class='ocrx_word' id='word_1_400' title='bbox 1685 4878 1817 4940; x_wconf 87' lang='lat' dir='ltr'>dar</span> <span class='ocrx_word' id='word_1_401' title='bbox 1862 4876 2217 4957; x_wconf 88' lang='lat' dir='ltr'>remedi0,</span> <span class='ocrx_word' id='word_1_402' title='bbox 2290 4886 2361 4939; x_wconf 90' lang='lat' dir='ltr'>et</span> <span class='ocrx_word' id='word_1_403' title='bbox 2406 4876 2519 4938; x_wconf 90' lang='lat' dir='ltr'>far</span> <span class='ocrx_word' id='word_1_404' title='bbox 2577 4876 2910 4958; x_wconf 86' lang='lat' dir='ltr'>predicar</span> <span class='ocrx_word' id='word_1_405' title='bbox 2955 4883 3028 4944; x_wconf 90' lang='lat' dir='ltr'>la</span> <span class='ocrx_word' id='word_1_406' title='bbox 3070 4899 3191 4962; x_wconf 78' lang='lat' dir='ltr'>pa·</span> 
     </span>
    </p>
   </div>
   <div class='ocr_carea' id='block_1_5' title="bbox 651 1066 924 1326">
    <p class='ocr_par' dir='ltr' id='par_1_5' title="bbox 651 1066 924 1326">
     <span class='ocr_line' id='line_1_43' title="bbox 659 1066 750 1121; baseline -0.033 -15"><span class='ocrx_word' id='word_1_407' title='bbox 659 1066 750 1121; x_wconf 48' lang='lat'>³5³2</span> 
     </span>
     <span class='ocr_line' id='line_1_44' title="bbox 651 1192 924 1224; baseline 0.011 -7"><span class='ocrx_word' id='word_1_408' title='bbox 651 1194 712 1224; x_wconf 49' lang='grc' dir='ltr'>χή</span> <span class='ocrx_word' id='word_1_409' title='bbox 745 1192 834 1224; x_wconf 54' lang='grc' dir='ltr'>κὶἱξ</span> <span class='ocrx_word' id='word_1_410' title='bbox 913 1196 924 1210; x_wconf 85' lang='grc'><em>·</em></span> 
     </span>
     <span class='ocr_line' id='line_1_45' title="bbox 658 1286 746 1326; baseline -0.057 -2"><span class='ocrx_word' id='word_1_411' title='bbox 658 1286 699 1326; x_wconf 50' lang='lat'>1,</span> <span class='ocrx_word' id='word_1_412' title='bbox 734 1306 746 1320; x_wconf 52' lang='lat'>2</span> 
     </span>
    </p>
   </div>
   <div class='ocr_carea' id='block_1_6' title="bbox 759 1298 852 1326">
    <p class='ocr_par' dir='ltr' id='par_1_6' title="bbox 759 1298 852 1326">
     <span class='ocr_line' id='line_1_46' title="bbox 759 1298 852 1326; baseline 0 -4"><span class='ocrx_word' id='word_1_413' title='bbox 759 1298 852 1326; x_wconf 54' lang='lat'>§5³5</span> 
     </span>
    </p>
   </div>
   <div class='ocr_carea' id='block_1_7' title="bbox 3501 147 3507 761">
    <p class='ocr_par' dir='ltr' id='par_1_7' title="bbox 3501 147 3507 761">
     <span class='ocr_line' id='line_1_47' title="bbox 3501 147 3507 761; baseline 0 0"><span class='ocrx_word' id='word_1_414' title='bbox 3501 147 3507 761; x_wconf 95' lang='lat' dir='ltr'> </span> 
     </span>
    </p>
   </div>
  </div>
 </body>
</html>
