<?xml version="1.0" encoding="UTF-8"?>
<!DOCTYPE html PUBLIC "-//W3C//DTD XHTML 1.0 Transitional//EN"
    "http://www.w3.org/TR/xhtml1/DTD/xhtml1-transitional.dtd">
<html xmlns="http://www.w3.org/1999/xhtml" xml:lang="en" lang="en">
 <head>
  <title>
</title>
<meta http-equiv="Content-Type" content="text/html;charset=utf-8" />
  <meta name='ocr-system' content='tesseract 3.04.00' />
  <meta name='ocr-capabilities' content='ocr_page ocr_carea ocr_par ocr_line ocrx_word'/>
</head>
<body>
  <div class='ocr_page' id='page_1' title='image "./monumentareform02vatigoog_0523.png"; bbox 0 0 3575 5775; ppageno 0'>
   <div class='ocr_carea' id='block_1_1' title="bbox 1367 546 1862 608">
    <p class='ocr_par' dir='ltr' id='par_1_1' title="bbox 1367 546 1862 608">
     <span class='ocr_line' id='line_1_1' title="bbox 1367 546 1862 608; baseline -0.01 0"><span class='ocrx_word' id='word_1_1' title='bbox 1367 546 1862 608; x_wconf 45' lang='lat'>0-43429554</span> 
     </span>
    </p>
   </div>
   <div class='ocr_carea' id='block_1_2' title="bbox 348 694 2895 783">
    <p class='ocr_par' dir='ltr' id='par_1_2' title="bbox 348 694 2895 783">
     <span class='ocr_line' id='line_1_2' title="bbox 348 694 2895 783; baseline -0.003 -17"><span class='ocrx_word' id='word_1_2' title='bbox 348 698 836 766; x_wconf 85' lang='lat' dir='ltr'><strong>miserabiliter</strong></span> <span class='ocrx_word' id='word_1_3' title='bbox 879 697 1248 783; x_wconf 87' lang='lat' dir='ltr'>perierunt</span> <span class='ocrx_word' id='word_1_4' title='bbox 1318 706 1439 760; x_wconf 88' lang='lat' dir='ltr'>aut</span> <span class='ocrx_word' id='word_1_5' title='bbox 1504 697 1840 762; x_wconf 89' lang='lat' dir='ltr'>membris</span> <span class='ocrx_word' id='word_1_6' title='bbox 1895 695 2218 778; x_wconf 88' lang='lat' dir='ltr'>corporis</span> <span class='ocrx_word' id='word_1_7' title='bbox 2263 695 2374 758; x_wconf 89' lang='lat' dir='ltr'>sui</span> <span class='ocrx_word' id='word_1_8' title='bbox 2421 694 2658 760; x_wconf 88' lang='lat' dir='ltr'>statim</span> <span class='ocrx_word' id='word_1_9' title='bbox 2706 694 2895 780; x_wconf 88' lang='lat' dir='ltr'>capti</span> 
     </span>
    </p>
   </div>
   <div class='ocr_carea' id='block_1_3' title="bbox 350 803 2897 980">
    <p class='ocr_par' dir='ltr' id='par_1_3' title="bbox 350 803 2897 980">
     <span class='ocr_line' id='line_1_3' title="bbox 350 803 2897 885; baseline -0.002 -13"><span class='ocrx_word' id='word_1_10' title='bbox 350 821 535 880; x_wconf 79' lang='lat' dir='ltr'>sunt:</span> <span class='ocrx_word' id='word_1_11' title='bbox 608 828 741 871; x_wconf 90' lang='lat' dir='ltr'>nec</span> <span class='ocrx_word' id='word_1_12' title='bbox 806 816 1041 870; x_wconf 90' lang='lat' dir='ltr'>tamen</span> <span class='ocrx_word' id='word_1_13' title='bbox 1101 804 1409 867; x_wconf 88' lang='lat' dir='ltr'>indurati</span> <span class='ocrx_word' id='word_1_14' title='bbox 1474 805 1723 871; x_wconf 89' lang='lat' dir='ltr'>melius</span> <span class='ocrx_word' id='word_1_15' title='bbox 1780 803 2064 885; x_wconf 86' lang='lat' dir='ltr'>sapiunt</span> <span class='ocrx_word' id='word_1_16' title='bbox 2124 803 2195 866; x_wconf 88' lang='lat' dir='ltr'>in</span> <span class='ocrx_word' id='word_1_17' title='bbox 2255 823 2494 866; x_wconf 86' lang='lat' dir='ltr'>casum</span> <span class='ocrx_word' id='word_1_18' title='bbox 2555 803 2897 867; x_wconf 88' lang='lat' dir='ltr'>eiusmodi</span> 
     </span>
     <span class='ocr_line' id='line_1_4' title="bbox 351 897 1751 980; baseline -0.003 -2"><span class='ocrx_word' id='word_1_19' title='bbox 351 916 578 979; x_wconf 87' lang='lat' dir='ltr'>omnia</span> <span class='ocrx_word' id='word_1_20' title='bbox 626 897 874 980; x_wconf 84' lang='lat' dir='ltr'>contra</span> <span class='ocrx_word' id='word_1_21' title='bbox 923 934 1045 976; x_wconf 84' lang='lat' dir='ltr'>eos</span> <span class='ocrx_word' id='word_1_22' title='bbox 1092 911 1286 975; x_wconf 86' lang='lat' dir='ltr'>facta</span> <span class='ocrx_word' id='word_1_23' title='bbox 1334 911 1751 975; x_wconf 63' lang='lat' dir='ltr'>reserentes</span> 
     </span>
    </p>
   </div>
   <div class='ocr_carea' id='block_1_4' title="bbox 520 1035 1867 1142">
    <p class='ocr_par' dir='ltr' id='par_1_4' title="bbox 520 1035 1867 1142">
     <span class='ocr_line' id='line_1_5' title="bbox 520 1035 1867 1142; baseline -0.001 -42"><span class='ocrx_word' id='word_1_24' title='bbox 520 1039 769 1104; x_wconf 83' lang='lat' dir='ltr'>Eudae</span> <span class='ocrx_word' id='word_1_25' title='bbox 820 1038 995 1102; x_wconf 87' lang='lat' dir='ltr'>VIII</span> <span class='ocrx_word' id='word_1_26' title='bbox 1043 1036 1413 1101; x_wconf 80' lang='lat' dir='ltr'>Februarii</span> <span class='ocrx_word' id='word_1_27' title='bbox 1464 1035 1867 1142; x_wconf 58' lang='lat' dir='ltr'><strong>MDXXV.</strong></span> 
     </span>
    </p>
   </div>
   <div class='ocr_carea' id='block_1_5' title="bbox 1044 1446 2216 1665">
    <p class='ocr_par' dir='ltr' id='par_1_5' title="bbox 1044 1446 2216 1665">
     <span class='ocr_line' id='line_1_6' title="bbox 1555 1446 1703 1512; baseline 0.014 -2"><span class='ocrx_word' id='word_1_28' title='bbox 1555 1446 1703 1512; x_wconf 84' lang='lat'><strong>193.</strong></span> 
     </span>
     <span class='ocr_line' id='line_1_7' title="bbox 1044 1563 2216 1665; baseline 0.001 -21"><span class='ocrx_word' id='word_1_29' title='bbox 1044 1564 1275 1665; x_wconf 80' lang='lat' dir='ltr'>Episo.</span> <span class='ocrx_word' id='word_1_30' title='bbox 1334 1563 1798 1646; x_wconf 78' lang='lat' dir='ltr'>Tridentinus</span> <span class='ocrx_word' id='word_1_31' title='bbox 1854 1563 2216 1645; x_wconf 74' lang='lat' dir='ltr'>Clementi.</span> 
     </span>
    </p>
   </div>
   <div class='ocr_carea' id='block_1_6' title="bbox 1259 1709 2010 1898">
    <p class='ocr_par' dir='ltr' id='par_1_6' title="bbox 1259 1709 2010 1898">
     <span class='ocr_line' id='line_1_8' title="bbox 1259 1709 2010 1785; baseline -0.007 -16"><span class='ocrx_word' id='word_1_32' title='bbox 1259 1709 1458 1785; x_wconf 67' lang='lat' dir='ltr'>(Epist.</span> <span class='ocrx_word' id='word_1_33' title='bbox 1508 1711 1687 1768; x_wconf 66' lang='lat' dir='ltr'>Primo.</span> <span class='ocrx_word' id='word_1_34' title='bbox 1737 1709 1840 1768; x_wconf 86' lang='lat'>111.</span> <span class='ocrx_word' id='word_1_35' title='bbox 1897 1711 2010 1784; x_wconf 75' lang='lat'><strong>26.)</strong></span> 
     </span>
     <span class='ocr_line' id='line_1_9' title="bbox 1330 1829 1938 1898; baseline 0.005 -20"><span class='ocrx_word' id='word_1_36' title='bbox 1330 1829 1406 1898; x_wconf 82' lang='lat'>(9.</span> <span class='ocrx_word' id='word_1_37' title='bbox 1448 1829 1719 1880; x_wconf 76' lang='lat' dir='ltr'>Februarii</span> <span class='ocrx_word' id='word_1_38' title='bbox 1764 1830 1938 1894; x_wconf 72' lang='lat'><strong>1525.)</strong></span> 
     </span>
    </p>
   </div>
   <div class='ocr_carea' id='block_1_7' title="bbox 357 1955 2950 4595">
    <p class='ocr_par' dir='ltr' id='par_1_7' title="bbox 357 1955 2950 4489">
     <span class='ocr_line' id='line_1_10' title="bbox 532 1955 2917 2044; baseline 0.002 -24"><span class='ocrx_word' id='word_1_39' title='bbox 532 1955 952 2020; x_wconf 88' lang='lat' dir='ltr'>Beatissime</span> <span class='ocrx_word' id='word_1_40' title='bbox 1002 1957 1239 2037; x_wconf 90' lang='lat' dir='ltr'>Pater,</span> <span class='ocrx_word' id='word_1_41' title='bbox 1287 1956 1571 2019; x_wconf 87' lang='lat' dir='ltr'>domine</span> <span class='ocrx_word' id='word_1_42' title='bbox 1622 1955 1904 2020; x_wconf 88' lang='lat' dir='ltr'>domine</span> <span class='ocrx_word' id='word_1_43' title='bbox 1952 1958 2482 2032; x_wconf 87' lang='lat' dir='ltr'>colendissime;</span> <span class='ocrx_word' id='word_1_44' title='bbox 2541 1971 2708 2044; x_wconf 90' lang='lat' dir='ltr'>post</span> <span class='ocrx_word' id='word_1_45' title='bbox 2751 1964 2917 2024; x_wconf 88' lang='lat' dir='ltr'>bea-</span> 
     </span>
     <span class='ocr_line' id='line_1_11' title="bbox 357 2063 2919 2147; baseline 0.002 -22"><span class='ocrx_word' id='word_1_46' title='bbox 357 2074 587 2128; x_wconf 86' lang='lat' dir='ltr'>torum</span> <span class='ocrx_word' id='word_1_47' title='bbox 633 2065 895 2147; x_wconf 90' lang='lat' dir='ltr'>pedum</span> <span class='ocrx_word' id='word_1_48' title='bbox 954 2065 1198 2127; x_wconf 90' lang='lat' dir='ltr'>oscula</span> <span class='ocrx_word' id='word_1_49' title='bbox 1243 2063 1701 2126; x_wconf 82' lang='lat' dir='ltr'>humillimam</span> <span class='ocrx_word' id='word_1_50' title='bbox 1749 2063 2111 2128; x_wconf 87' lang='lat' dir='ltr'>servitutis</span> <span class='ocrx_word' id='word_1_51' title='bbox 2159 2085 2316 2130; x_wconf 92' lang='lat' dir='ltr'>mee</span> <span class='ocrx_word' id='word_1_52' title='bbox 2365 2065 2797 2130; x_wconf 86' lang='lat' dir='ltr'>oblationem</span> <span class='ocrx_word' id='word_1_53' title='bbox 2847 2077 2919 2130; x_wconf 89' lang='lat' dir='ltr'>et</span> 
     </span>
     <span class='ocr_line' id='line_1_12' title="bbox 360 2169 2921 2257; baseline 0.001 -23"><span class='ocrx_word' id='word_1_54' title='bbox 360 2171 691 2238; x_wconf 84' lang='lat' dir='ltr'>devotam</span> <span class='ocrx_word' id='word_1_55' title='bbox 740 2169 1445 2235; x_wconf 84' lang='lat' dir='ltr'>commendationem.</span> <span class='ocrx_word' id='word_1_56' title='bbox 1543 2170 1835 2234; x_wconf 82' lang='lat' dir='ltr'>Missum</span> <span class='ocrx_word' id='word_1_57' title='bbox 1883 2170 2018 2234; x_wconf 85' lang='lat' dir='ltr'>fuit</span> <span class='ocrx_word' id='word_1_58' title='bbox 2075 2171 2162 2235; x_wconf 89' lang='lat' dir='ltr'>ad</span> <span class='ocrx_word' id='word_1_59' title='bbox 2212 2193 2322 2236; x_wconf 92' lang='lat' dir='ltr'>me</span> <span class='ocrx_word' id='word_1_60' title='bbox 2373 2194 2466 2237; x_wconf 80' lang='lat' dir='ltr'>ex</span> <span class='ocrx_word' id='word_1_61' title='bbox 2506 2173 2921 2257; x_wconf 88' lang='lat' dir='ltr'>Innsprukg</span> 
     </span>
     <span class='ocr_line' id='line_1_13' title="bbox 360 2277 2922 2360; baseline 0.002 -19"><span class='ocrx_word' id='word_1_62' title='bbox 360 2285 598 2343; x_wconf 84' lang='lat' dir='ltr'>vestre</span> <span class='ocrx_word' id='word_1_63' title='bbox 658 2277 1119 2342; x_wconf 82' lang='lat' dir='ltr'>beatitudinis</span> <span class='ocrx_word' id='word_1_64' title='bbox 1180 2281 1403 2342; x_wconf 90' lang='lat' dir='ltr'>breve</span> <span class='ocrx_word' id='word_1_65' title='bbox 1466 2298 1598 2360; x_wconf 91' lang='lat' dir='ltr'>per</span> <span class='ocrx_word' id='word_1_66' title='bbox 1647 2279 2109 2342; x_wconf 91' lang='lat' dir='ltr'>camerarium</span> <span class='ocrx_word' id='word_1_67' title='bbox 2174 2279 2487 2344; x_wconf 90' lang='lat' dir='ltr'>eiusdem</span> <span class='ocrx_word' id='word_1_68' title='bbox 2535 2282 2624 2344; x_wconf 91' lang='lat' dir='ltr'>D.</span> <span class='ocrx_word' id='word_1_69' title='bbox 2673 2281 2922 2346; x_wconf 88' lang='lat' dir='ltr'>Hiero·</span> 
     </span>
     <span class='ocr_line' id='line_1_14' title="bbox 362 2385 2926 2470; baseline 0.002 -22"><span class='ocrx_word' id='word_1_70' title='bbox 362 2405 649 2469; x_wconf 87' lang='lat' dir='ltr'>nymum</span> <span class='ocrx_word' id='word_1_71' title='bbox 678 2385 1093 2460; x_wconf 83' lang='lat' dir='ltr'>Rorarium;</span> <span class='ocrx_word' id='word_1_72' title='bbox 1142 2387 1279 2449; x_wconf 88' lang='lat' dir='ltr'>hoc</span> <span class='ocrx_word' id='word_1_73' title='bbox 1324 2397 1557 2449; x_wconf 89' lang='lat' dir='ltr'>autem</span> <span class='ocrx_word' id='word_1_74' title='bbox 1594 2386 1807 2468; x_wconf 89' lang='lat' dir='ltr'>plane</span> <span class='ocrx_word' id='word_1_75' title='bbox 1836 2386 2004 2449; x_wconf 86' lang='lat' dir='ltr'>mihi</span> <span class='ocrx_word' id='word_1_76' title='bbox 2055 2387 2453 2450; x_wconf 86' lang='lat' dir='ltr'>declaratur</span> <span class='ocrx_word' id='word_1_77' title='bbox 2488 2389 2678 2470; x_wconf 90' lang='lat' dir='ltr'>quod</span> <span class='ocrx_word' id='word_1_78' title='bbox 2712 2398 2926 2452; x_wconf 90' lang='lat' dir='ltr'>antea</span> 
     </span>
     <span class='ocr_line' id='line_1_15' title="bbox 364 2492 2926 2579; baseline 0.001 -24"><span class='ocrx_word' id='word_1_79' title='bbox 364 2503 601 2556; x_wconf 87' lang='lat' dir='ltr'>tamen</span> <span class='ocrx_word' id='word_1_80' title='bbox 642 2495 1093 2575; x_wconf 84' lang='lat' dir='ltr'>exploratum</span> <span class='ocrx_word' id='word_1_81' title='bbox 1122 2494 1499 2576; x_wconf 83' lang='lat' dir='ltr'>habebam,</span> <span class='ocrx_word' id='word_1_82' title='bbox 1546 2493 1638 2555; x_wconf 90' lang='lat' dir='ltr'>V.</span> <span class='ocrx_word' id='word_1_83' title='bbox 1670 2492 1815 2556; x_wconf 74' lang='lat' dir='ltr'>Stem</span> <span class='ocrx_word' id='word_1_84' title='bbox 1865 2492 2133 2575; x_wconf 87' lang='lat' dir='ltr'>optima</span> <span class='ocrx_word' id='word_1_85' title='bbox 2163 2515 2444 2577; x_wconf 91' lang='lat' dir='ltr'>queque</span> <span class='ocrx_word' id='word_1_86' title='bbox 2475 2498 2926 2579; x_wconf 84' lang='lat' dir='ltr'>perpendere</span> 
     </span>
     <span class='ocr_line' id='line_1_16' title="bbox 365 2599 2930 2686; baseline 0.002 -24"><span class='ocrx_word' id='word_1_87' title='bbox 365 2609 436 2664; x_wconf 89' lang='lat' dir='ltr'>et</span> <span class='ocrx_word' id='word_1_88' title='bbox 501 2602 591 2662; x_wconf 88' lang='lat' dir='ltr'>ad</span> <span class='ocrx_word' id='word_1_89' title='bbox 660 2619 919 2664; x_wconf 87' lang='lat' dir='ltr'>novam</span> <span class='ocrx_word' id='word_1_90' title='bbox 980 2599 1525 2664; x_wconf 87' lang='lat' dir='ltr'>conventionem</span> <span class='ocrx_word' id='word_1_91' title='bbox 1593 2620 1747 2663; x_wconf 92' lang='lat' dir='ltr'>cum</span> <span class='ocrx_word' id='word_1_92' title='bbox 1801 2599 2396 2666; x_wconf 81' lang='lat' dir='ltr'>Christianissimo</span> <span class='ocrx_word' id='word_1_93' title='bbox 2461 2622 2636 2686; x_wconf 85' lang='lat' dir='ltr'>rege</span> <span class='ocrx_word' id='word_1_94' title='bbox 2701 2603 2930 2684; x_wconf 76' lang='lat' dir='ltr'>mag-is</span> 
     </span>
     <span class='ocr_line' id='line_1_17' title="bbox 366 2703 2928 2793; baseline 0.001 -22"><span class='ocrx_word' id='word_1_95' title='bbox 366 2727 457 2771; x_wconf 84' lang='lat' dir='ltr'>ex</span> <span class='ocrx_word' id='word_1_96' title='bbox 530 2718 930 2790; x_wconf 89' lang='lat' dir='ltr'>temporum</span> <span class='ocrx_word' id='word_1_97' title='bbox 1001 2703 1524 2772; x_wconf 88' lang='lat' dir='ltr'>conditionibus</span> <span class='ocrx_word' id='word_1_98' title='bbox 1602 2707 1822 2770; x_wconf 84' lang='lat' dir='ltr'>fuisse</span> <span class='ocrx_word' id='word_1_99' title='bbox 1893 2711 2330 2790; x_wconf 89' lang='lat' dir='ltr'>compulsam</span> <span class='ocrx_word' id='word_1_100' title='bbox 2414 2730 2626 2793; x_wconf 90' lang='lat' dir='ltr'>quam</span> <span class='ocrx_word' id='word_1_101' title='bbox 2694 2711 2928 2774; x_wconf 90' lang='lat' dir='ltr'>studio</span> 
     </span>
     <span class='ocr_line' id='line_1_18' title="bbox 368 2813 2930 2899; baseline 0 -22"><span class='ocrx_word' id='word_1_102' title='bbox 368 2816 821 2879; x_wconf 89' lang='lat' dir='ltr'>diminuende</span> <span class='ocrx_word' id='word_1_103' title='bbox 871 2813 1391 2878; x_wconf 85' lang='lat' dir='ltr'>coniunctionis</span> <span class='ocrx_word' id='word_1_104' title='bbox 1456 2823 1527 2877; x_wconf 91' lang='lat' dir='ltr'>et</span> <span class='ocrx_word' id='word_1_105' title='bbox 1575 2814 1882 2877; x_wconf 88' lang='lat' dir='ltr'>amicitie</span> <span class='ocrx_word' id='word_1_106' title='bbox 1929 2835 2087 2877; x_wconf 90' lang='lat' dir='ltr'>curn</span> <span class='ocrx_word' id='word_1_107' title='bbox 2137 2814 2288 2880; x_wconf 84' lang='lat' dir='ltr'>CeS.</span> <span class='ocrx_word' id='word_1_108' title='bbox 2339 2815 2718 2899; x_wconf 87' lang='lat' dir='ltr'>Majestate</span> <span class='ocrx_word' id='word_1_109' title='bbox 2765 2816 2930 2880; x_wconf 86' lang='lat' dir='ltr'>inci-</span> 
     </span>
     <span class='ocr_line' id='line_1_19' title="bbox 368 2920 2932 3007; baseline 0.001 -22"><span class='ocrx_word' id='word_1_110' title='bbox 368 2933 609 2987; x_wconf 89' lang='lat' dir='ltr'>tatam.</span> <span class='ocrx_word' id='word_1_111' title='bbox 704 2925 784 2986; x_wconf 90' lang='lat' dir='ltr'>Id</span> <span class='ocrx_word' id='word_1_112' title='bbox 834 2925 1048 3005; x_wconf 87' lang='lat' dir='ltr'>quod,</span> <span class='ocrx_word' id='word_1_113' title='bbox 1098 2922 1277 2985; x_wconf 88' lang='lat' dir='ltr'>sicut</span> <span class='ocrx_word' id='word_1_114' title='bbox 1323 2922 1393 2985; x_wconf 90' lang='lat' dir='ltr'>in</span> <span class='ocrx_word' id='word_1_115' title='bbox 1446 2943 1555 2985; x_wconf 91' lang='lat' dir='ltr'>me</span> <span class='ocrx_word' id='word_1_116' title='bbox 1604 2920 2273 2986; x_wconf 87' lang='lat' dir='ltr'>indubitatissimum</span> <span class='ocrx_word' id='word_1_117' title='bbox 2315 2922 2470 3005; x_wconf 87' lang='lat' dir='ltr'>fuit,</span> <span class='ocrx_word' id='word_1_118' title='bbox 2518 2923 2619 2987; x_wconf 89' lang='lat' dir='ltr'>sic</span> <span class='ocrx_word' id='word_1_119' title='bbox 2650 2945 2932 3007; x_wconf 90' lang='lat' dir='ltr'>semper</span> 
     </span>
     <span class='ocr_line' id='line_1_20' title="bbox 370 3028 2932 3113; baseline 0.001 -20"><span class='ocrx_word' id='word_1_120' title='bbox 370 3032 613 3095; x_wconf 90' lang='lat' dir='ltr'>curavi</span> <span class='ocrx_word' id='word_1_121' title='bbox 662 3051 793 3113; x_wconf 90' lang='lat' dir='ltr'>pro</span> <span class='ocrx_word' id='word_1_122' title='bbox 842 3050 1001 3093; x_wconf 90' lang='lat' dir='ltr'>meo</span> <span class='ocrx_word' id='word_1_123' title='bbox 1052 3051 1226 3113; x_wconf 91' lang='lat' dir='ltr'>erga</span> <span class='ocrx_word' id='word_1_124' title='bbox 1276 3028 1536 3093; x_wconf 81' lang='lat' dir='ltr'>Sedem</span> <span class='ocrx_word' id='word_1_125' title='bbox 1574 3030 2064 3111; x_wconf 88' lang='lat' dir='ltr'>Apostolicam</span> <span class='ocrx_word' id='word_1_126' title='bbox 2113 3030 2357 3093; x_wconf 91' lang='lat' dir='ltr'>debito</span> <span class='ocrx_word' id='word_1_127' title='bbox 2408 3040 2478 3095; x_wconf 89' lang='lat' dir='ltr'>et</span> <span class='ocrx_word' id='word_1_128' title='bbox 2527 3051 2703 3112; x_wconf 88' lang='lat' dir='ltr'>erga</span> <span class='ocrx_word' id='word_1_129' title='bbox 2736 3031 2823 3094; x_wconf 91' lang='lat' dir='ltr'>V.</span> <span class='ocrx_word' id='word_1_130' title='bbox 2858 3030 2932 3095; x_wconf 84' lang='lat' dir='ltr'>S.</span> 
     </span>
     <span class='ocr_line' id='line_1_21' title="bbox 369 3136 2936 3219; baseline 0 -19"><span class='ocrx_word' id='word_1_131' title='bbox 369 3139 717 3201; x_wconf 79' lang='lat' dir='ltr'>servitute</span> <span class='ocrx_word' id='word_1_132' title='bbox 764 3147 841 3199; x_wconf 84' lang='lat' dir='ltr'>ut</span> <span class='ocrx_word' id='word_1_133' title='bbox 891 3137 1217 3200; x_wconf 89' lang='lat' dir='ltr'>omnibus</span> <span class='ocrx_word' id='word_1_134' title='bbox 1267 3157 1405 3201; x_wconf 90' lang='lat' dir='ltr'>non</span> <span class='ocrx_word' id='word_1_135' title='bbox 1456 3156 1661 3199; x_wconf 88' lang='lat' dir='ltr'>secus</span> <span class='ocrx_word' id='word_1_136' title='bbox 1709 3146 1923 3219; x_wconf 88' lang='lat' dir='ltr'>atque</span> <span class='ocrx_word' id='word_1_137' title='bbox 1967 3136 2134 3198; x_wconf 87' lang='lat' dir='ltr'>mihi</span> <span class='ocrx_word' id='word_1_138' title='bbox 2165 3146 2545 3203; x_wconf 87' lang='lat' dir='ltr'>constaret.</span> <span class='ocrx_word' id='word_1_139' title='bbox 2622 3138 2936 3201; x_wconf 88' lang='lat' dir='ltr'>Tametsi</span> 
     </span>
     <span class='ocr_line' id='line_1_22' title="bbox 372 3242 2934 3326; baseline 0 -17"><span class='ocrx_word' id='word_1_140' title='bbox 372 3266 461 3309; x_wconf 86' lang='lat' dir='ltr'>ea</span> <span class='ocrx_word' id='word_1_141' title='bbox 525 3254 637 3309; x_wconf 82' lang='lat' dir='ltr'>est</span> <span class='ocrx_word' id='word_1_142' title='bbox 701 3242 1239 3325; x_wconf 83' lang='lat' dir='ltr'>malignantium</span> <span class='ocrx_word' id='word_1_143' title='bbox 1306 3243 1679 3306; x_wconf 89' lang='lat' dir='ltr'>multitudo</span> <span class='ocrx_word' id='word_1_144' title='bbox 1746 3264 1878 3326; x_wconf 88' lang='lat' dir='ltr'>per</span> <span class='ocrx_word' id='word_1_145' title='bbox 1924 3242 2380 3310; x_wconf 86' lang='lat' dir='ltr'>Germaniam</span> <span class='ocrx_word' id='word_1_146' title='bbox 2445 3254 2521 3308; x_wconf 88' lang='lat' dir='ltr'>ut</span> <span class='ocrx_word' id='word_1_147' title='bbox 2585 3248 2703 3309; x_wconf 90' lang='lat' dir='ltr'>vel</span> <span class='ocrx_word' id='word_1_148' title='bbox 2769 3246 2934 3309; x_wconf 91' lang='lat' dir='ltr'>odio</span> 
     </span>
     <span class='ocr_line' id='line_1_23' title="bbox 371 3342 2940 3435; baseline -0 -18"><span class='ocrx_word' id='word_1_149' title='bbox 371 3351 708 3417; x_wconf 87' lang='lat' dir='ltr'>concitati</span> <span class='ocrx_word' id='word_1_150' title='bbox 749 3362 997 3415; x_wconf 89' lang='lat' dir='ltr'>contra</span> <span class='ocrx_word' id='word_1_151' title='bbox 1029 3342 1257 3434; x_wconf 85' lang='lat' dir='ltr'>ipsam</span> <span class='ocrx_word' id='word_1_152' title='bbox 1308 3360 1377 3413; x_wconf 88' lang='lat' dir='ltr'>et</span> <span class='ocrx_word' id='word_1_153' title='bbox 1416 3350 1786 3413; x_wconf 83' lang='lat' dir='ltr'>universos</span> <span class='ocrx_word' id='word_1_154' title='bbox 1816 3350 2128 3432; x_wconf 87' lang='lat' dir='ltr'>reliquos</span> <span class='ocrx_word' id='word_1_155' title='bbox 2158 3351 2540 3415; x_wconf 87' lang='lat' dir='ltr'>christiane</span> <span class='ocrx_word' id='word_1_156' title='bbox 2573 3352 2940 3435; x_wconf 84' lang='lat' dir='ltr'>religionis</span> 
     </span>
     <span class='ocr_line' id='line_1_24' title="bbox 372 3456 2939 3551; baseline -0 -27"><span class='ocrx_word' id='word_1_157' title='bbox 372 3461 788 3524; x_wconf 86' lang='lat' dir='ltr'>sacerdotes</span> <span class='ocrx_word' id='word_1_158' title='bbox 804 3507 821 3540; x_wconf 93' lang='lat'><strong><em>,</em></strong></span> <span class='ocrx_word' id='word_1_159' title='bbox 883 3456 1056 3521; x_wconf 88' lang='lat' dir='ltr'>nihil</span> <span class='ocrx_word' id='word_1_160' title='bbox 1106 3456 1195 3520; x_wconf 90' lang='lat' dir='ltr'>sit</span> <span class='ocrx_word' id='word_1_161' title='bbox 1244 3459 1434 3539; x_wconf 92' lang='lat' dir='ltr'>quod</span> <span class='ocrx_word' id='word_1_162' title='bbox 1486 3478 1625 3551; x_wconf 78' lang='lat' dir='ltr'>non</span> <span class='ocrx_word' id='word_1_163' title='bbox 1676 3460 2028 3521; x_wconf 87' lang='lat' dir='ltr'>morsibus</span> <span class='ocrx_word' id='word_1_164' title='bbox 2075 3456 2220 3521; x_wconf 88' lang='lat' dir='ltr'>suis</span> <span class='ocrx_word' id='word_1_165' title='bbox 2267 3461 2580 3523; x_wconf 84' lang='lat' dir='ltr'>audeant</span> <span class='ocrx_word' id='word_1_166' title='bbox 2627 3460 2939 3543; x_wconf 86' lang='lat' dir='ltr'>inficere,</span> 
     </span>
     <span class='ocr_line' id='line_1_25' title="bbox 371 3555 2937 3649; baseline 0 -19"><span class='ocrx_word' id='word_1_167' title='bbox 371 3569 611 3631; x_wconf 84' lang='lat' dir='ltr'>omnia</span> <span class='ocrx_word' id='word_1_168' title='bbox 654 3567 727 3630; x_wconf 88' lang='lat' dir='ltr'>in</span> <span class='ocrx_word' id='word_1_169' title='bbox 778 3563 1091 3629; x_wconf 87' lang='lat' dir='ltr'>deterius</span> <span class='ocrx_word' id='word_1_170' title='bbox 1136 3565 1535 3638; x_wconf 87' lang='lat' dir='ltr'>trahentes;</span> <span class='ocrx_word' id='word_1_171' title='bbox 1586 3574 1658 3627; x_wconf 88' lang='lat' dir='ltr'>et</span> <span class='ocrx_word' id='word_1_172' title='bbox 1706 3555 1888 3628; x_wconf 81' lang='lat' dir='ltr'>adeo</span> <span class='ocrx_word' id='word_1_173' title='bbox 1937 3566 2200 3647; x_wconf 60' lang='lat' dir='ltr'>passim</span> <span class='ocrx_word' id='word_1_174' title='bbox 2251 3568 2509 3649; x_wconf 88' lang='lat' dir='ltr'>serpsit</span> <span class='ocrx_word' id='word_1_175' title='bbox 2566 3568 2703 3630; x_wconf 91' lang='lat' dir='ltr'>hoc</span> <span class='ocrx_word' id='word_1_176' title='bbox 2753 3570 2937 3631; x_wconf 90' lang='lat' dir='ltr'>male</span> 
     </span>
     <span class='ocr_line' id='line_1_26' title="bbox 375 3670 2944 3754; baseline -0.001 -15"><span class='ocrx_word' id='word_1_177' title='bbox 375 3684 457 3739; x_wconf 86' lang='lat' dir='ltr'>et·</span> <span class='ocrx_word' id='word_1_178' title='bbox 496 3672 805 3738; x_wconf 85' lang='lat' dir='ltr'>faciendi</span> <span class='ocrx_word' id='word_1_179' title='bbox 857 3682 929 3735; x_wconf 89' lang='lat' dir='ltr'>et</span> <span class='ocrx_word' id='word_1_180' title='bbox 977 3670 1257 3735; x_wconf 86' lang='lat' dir='ltr'>dicendi</span> <span class='ocrx_word' id='word_1_181' title='bbox 1308 3671 1563 3735; x_wconf 85' lang='lat' dir='ltr'>vicium</span> <span class='ocrx_word' id='word_1_182' title='bbox 1613 3672 1834 3735; x_wconf 78' lang='lat' dir='ltr'>deV.</span> <span class='ocrx_word' id='word_1_183' title='bbox 1886 3670 1967 3737; x_wconf 91' lang='grc' dir='ltr'>Β.</span> <span class='ocrx_word' id='word_1_184' title='bbox 2019 3676 2250 3754; x_wconf 82' lang='lat' dir='ltr'>deque</span> <span class='ocrx_word' id='word_1_185' title='bbox 2297 3674 2554 3737; x_wconf 90' lang='lat' dir='ltr'>ceteris</span> <span class='ocrx_word' id='word_1_186' title='bbox 2601 3676 2688 3737; x_wconf 90' lang='lat' dir='ltr'>ad</span> <span class='ocrx_word' id='word_1_187' title='bbox 2741 3694 2944 3738; x_wconf 88' lang='lat' dir='ltr'>sacra</span> 
     </span>
     <span class='ocr_line' id='line_1_27' title="bbox 374 3778 2944 3866; baseline 0 -21"><span class='ocrx_word' id='word_1_188' title='bbox 374 3782 705 3866; x_wconf 86' lang='lat' dir='ltr'>initiatis,</span> <span class='ocrx_word' id='word_1_189' title='bbox 775 3792 853 3844; x_wconf 90' lang='lat' dir='ltr'>ut</span> <span class='ocrx_word' id='word_1_190' title='bbox 898 3778 1316 3843; x_wconf 89' lang='lat' dir='ltr'>incredibile</span> <span class='ocrx_word' id='word_1_191' title='bbox 1380 3780 1469 3842; x_wconf 87' lang='lat' dir='ltr'>sit</span> <span class='ocrx_word' id='word_1_192' title='bbox 1517 3782 1748 3862; x_wconf 86' lang='lat' dir='ltr'>qualia</span> <span class='ocrx_word' id='word_1_193' title='bbox 1802 3782 2274 3863; x_wconf 89' lang='lat' dir='ltr'>undequaque</span> <span class='ocrx_word' id='word_1_194' title='bbox 2337 3781 2944 3848; x_wconf 87' lang='lat' dir='ltr'>circumferantur.</span> 
     </span>
     <span class='ocr_line' id='line_1_28' title="bbox 375 3887 2944 3974; baseline -0 -22"><span class='ocrx_word' id='word_1_195' title='bbox 375 3890 541 3973; x_wconf 81' lang='lat' dir='ltr'>Ego</span> <span class='ocrx_word' id='word_1_196' title='bbox 589 3907 762 3951; x_wconf 87' lang='lat' dir='ltr'>vero</span> <span class='ocrx_word' id='word_1_197' title='bbox 822 3888 1009 3951; x_wconf 89' lang='lat' dir='ltr'>inter</span> <span class='ocrx_word' id='word_1_198' title='bbox 1053 3890 1189 3950; x_wconf 90' lang='lat' dir='ltr'>hoc</span> <span class='ocrx_word' id='word_1_199' title='bbox 1240 3887 1543 3950; x_wconf 89' lang='lat' dir='ltr'>maxime</span> <span class='ocrx_word' id='word_1_200' title='bbox 1595 3907 1930 3970; x_wconf 91' lang='lat' dir='ltr'>cuperem</span> <span class='ocrx_word' id='word_1_201' title='bbox 1995 3910 2106 3951; x_wconf 85' lang='lat' dir='ltr'>me</span> <span class='ocrx_word' id='word_1_202' title='bbox 2157 3910 2315 3953; x_wconf 89' lang='lat' dir='ltr'>eum</span> <span class='ocrx_word' id='word_1_203' title='bbox 2361 3899 2684 3974; x_wconf 86' lang='lat' dir='ltr'>prestare</span> <span class='ocrx_word' id='word_1_204' title='bbox 2731 3910 2944 3972; x_wconf 89' lang='lat' dir='ltr'>posse</span> 
     </span>
     <span class='ocr_line' id='line_1_29' title="bbox 375 3994 2946 4080; baseline -0 -21"><span class='ocrx_word' id='word_1_205' title='bbox 375 3996 505 4079; x_wconf 87' lang='lat' dir='ltr'>qui</span> <span class='ocrx_word' id='word_1_206' title='bbox 542 3996 632 4060; x_wconf 89' lang='lat' dir='ltr'>ad</span> <span class='ocrx_word' id='word_1_207' title='bbox 667 3998 982 4059; x_wconf 87' lang='lat' dir='ltr'>eruenda</span> <span class='ocrx_word' id='word_1_208' title='bbox 1008 3994 1404 4058; x_wconf 86' lang='lat' dir='ltr'>istiusmodi</span> <span class='ocrx_word' id='word_1_209' title='bbox 1435 3994 1856 4076; x_wconf 83' lang='lat' dir='ltr'>sufficerem,</span> <span class='ocrx_word' id='word_1_210' title='bbox 1905 3994 2074 4058; x_wconf 88' lang='lat' dir='ltr'>nulli</span> <span class='ocrx_word' id='word_1_211' title='bbox 2107 3997 2338 4059; x_wconf 88' lang='lat' dir='ltr'>labori</span> <span class='ocrx_word' id='word_1_212' title='bbox 2376 3998 2547 4061; x_wconf 88' lang='lat' dir='ltr'>nulli</span> <span class='ocrx_word' id='word_1_213' title='bbox 2579 3996 2946 4080; x_wconf 86' lang='lat' dir='ltr'>vigilantie</span> 
     </span>
     <span class='ocr_line' id='line_1_30' title="bbox 378 4094 2947 4186; baseline -0.001 -19"><span class='ocrx_word' id='word_1_214' title='bbox 378 4124 756 4185; x_wconf 84' lang='lat' dir='ltr'>parcerem</span> <span class='ocrx_word' id='word_1_215' title='bbox 805 4122 1233 4186; x_wconf 91' lang='lat' dir='ltr'>quamquam</span> <span class='ocrx_word' id='word_1_216' title='bbox 1280 4122 1412 4183; x_wconf 91' lang='lat' dir='ltr'>pro</span> <span class='ocrx_word' id='word_1_217' title='bbox 1455 4094 1725 4164; x_wconf 80' lang='lat' dir='ltr'>viribus</span> <span class='ocrx_word' id='word_1_218' title='bbox 1767 4103 2058 4165; x_wconf 88' lang='lat' dir='ltr'>daturus</span> <span class='ocrx_word' id='word_1_219' title='bbox 2107 4125 2258 4165; x_wconf 87' lang='lat' dir='ltr'>sum</span> <span class='ocrx_word' id='word_1_220' title='bbox 2302 4124 2593 4184; x_wconf 90' lang='lat' dir='ltr'>operam</span> <span class='ocrx_word' id='word_1_221' title='bbox 2644 4116 2718 4166; x_wconf 90' lang='lat' dir='ltr'>ut</span> <span class='ocrx_word' id='word_1_222' title='bbox 2757 4106 2947 4186; x_wconf 90' lang='lat' dir='ltr'>quod</span> 
     </span>
     <span class='ocr_line' id='line_1_31' title="bbox 378 4206 2950 4293; baseline 0 -19"><span class='ocrx_word' id='word_1_223' title='bbox 378 4232 427 4274; x_wconf 89' lang='lat' dir='ltr'>a</span> <span class='ocrx_word' id='word_1_224' title='bbox 492 4211 953 4275; x_wconf 88' lang='lat' dir='ltr'>devotissimo</span> <span class='ocrx_word' id='word_1_225' title='bbox 1004 4206 1214 4272; x_wconf 87' lang='lat' dir='ltr'>Sedis</span> <span class='ocrx_word' id='word_1_226' title='bbox 1262 4208 1681 4290; x_wconf 88' lang='lat' dir='ltr'>Apostolice</span> <span class='ocrx_word' id='word_1_227' title='bbox 1740 4210 2094 4292; x_wconf 90' lang='lat' dir='ltr'>mancipio</span> <span class='ocrx_word' id='word_1_228' title='bbox 2157 4210 2550 4274; x_wconf 85' lang='lat' dir='ltr'>desiderari</span> <span class='ocrx_word' id='word_1_229' title='bbox 2593 4223 2832 4293; x_wconf 88' lang='lat' dir='ltr'>potest</span> <span class='ocrx_word' id='word_1_230' title='bbox 2875 4213 2950 4274; x_wconf 87' lang='lat' dir='ltr'>id</span> 
     </span>
     <span class='ocr_line' id='line_1_32' title="bbox 378 4316 2947 4399; baseline 0 -17"><span class='ocrx_word' id='word_1_231' title='bbox 378 4320 453 4382; x_wconf 85' lang='lat' dir='ltr'>in</span> <span class='ocrx_word' id='word_1_232' title='bbox 510 4338 619 4381; x_wconf 90' lang='lat' dir='ltr'>me</span> <span class='ocrx_word' id='word_1_233' title='bbox 682 4318 894 4381; x_wconf 88' lang='lat' dir='ltr'>liceat</span> <span class='ocrx_word' id='word_1_234' title='bbox 943 4334 1372 4399; x_wconf 84' lang='lat' dir='ltr'>agnoscere,</span> <span class='ocrx_word' id='word_1_235' title='bbox 1445 4324 1518 4377; x_wconf 91' lang='lat' dir='ltr'>et</span> <span class='ocrx_word' id='word_1_236' title='bbox 1563 4316 1671 4378; x_wconf 85' lang='lat' dir='ltr'>his</span> <span class='ocrx_word' id='word_1_237' title='bbox 1720 4337 1830 4379; x_wconf 91' lang='lat' dir='ltr'>me</span> <span class='ocrx_word' id='word_1_238' title='bbox 1879 4316 1973 4378; x_wconf 63' lang='lat' dir='ltr'>Vr</span> <span class='ocrx_word' id='word_1_239' title='bbox 2028 4317 2139 4378; x_wconf 78' lang='lat' dir='ltr'>B¹¹i</span> <span class='ocrx_word' id='word_1_240' title='bbox 2194 4329 2264 4379; x_wconf 89' lang='lat' dir='ltr'>et</span> <span class='ocrx_word' id='word_1_241' title='bbox 2312 4316 2704 4381; x_wconf 89' lang='lat' dir='ltr'>Ecclesiam</span> <span class='ocrx_word' id='word_1_242' title='bbox 2753 4340 2947 4382; x_wconf 88' lang='lat' dir='ltr'>suam</span> 
     </span>
     <span class='ocr_line' id='line_1_33' title="bbox 379 4424 1627 4489; baseline -0.002 0"><span class='ocrx_word' id='word_1_243' title='bbox 379 4424 703 4489; x_wconf 84' lang='lat' dir='ltr'>Trident.</span> <span class='ocrx_word' id='word_1_244' title='bbox 752 4424 1139 4489; x_wconf 89' lang='lat' dir='ltr'>humillime</span> <span class='ocrx_word' id='word_1_245' title='bbox 1188 4424 1627 4486; x_wconf 79' lang='lat' dir='ltr'>commendo,</span> 
     </span>
    </p>

    <p class='ocr_par' dir='ltr' id='par_1_8' title="bbox 566 4529 2192 4595">
     <span class='ocr_line' id='line_1_34' title="bbox 566 4529 2192 4595; baseline -0.001 0"><span class='ocrx_word' id='word_1_246' title='bbox 566 4532 679 4595; x_wconf 84' lang='lat' dir='ltr'>Ex</span> <span class='ocrx_word' id='word_1_247' title='bbox 723 4531 1070 4595; x_wconf 84' lang='lat' dir='ltr'>Tridento</span> <span class='ocrx_word' id='word_1_248' title='bbox 1119 4530 1329 4594; x_wconf 89' lang='lat' dir='ltr'>Nona</span> <span class='ocrx_word' id='word_1_249' title='bbox 1374 4529 1744 4595; x_wconf 88' lang='lat' dir='ltr'>Februarii</span> <span class='ocrx_word' id='word_1_250' title='bbox 1794 4529 2192 4595; x_wconf 85' lang='lat' dir='ltr'><strong>MDXXV.</strong></span> 
     </span>
    </p>
   </div>
   <div class='ocr_carea' id='block_1_8' title="bbox 821 4654 1164 4721">
    <p class='ocr_par' dir='ltr' id='par_1_9' title="bbox 821 4654 1164 4721">
     <span class='ocr_line' id='line_1_35' title="bbox 821 4654 1164 4721; baseline 0.009 -3"><span class='ocrx_word' id='word_1_251' title='bbox 821 4656 900 4721; x_wconf 84' lang='lat' dir='ltr'>E.</span> <span class='ocrx_word' id='word_1_252' title='bbox 952 4654 1040 4718; x_wconf 92' lang='lat' dir='ltr'>V.</span> <span class='ocrx_word' id='word_1_253' title='bbox 1091 4654 1164 4721; x_wconf 88' lang='lat' dir='ltr'>S.</span> 
     </span>
    </p>
   </div>
   <div class='ocr_carea' id='block_1_9' title="bbox 1981 4748 2849 4904">
    <p class='ocr_par' dir='ltr' id='par_1_10' title="bbox 1981 4748 2849 4904">
     <span class='ocr_line' id='line_1_36' title="bbox 2104 4748 2709 4799; baseline -0.005 -1"><span class='ocrx_word' id='word_1_254' title='bbox 2104 4750 2420 4799; x_wconf 82' lang='lat' dir='ltr'>Humillima</span> <span class='ocrx_word' id='word_1_255' title='bbox 2459 4748 2709 4797; x_wconf 82' lang='lat' dir='ltr'>Creatura</span> 
     </span>
     <span class='ocr_line' id='line_1_37' title="bbox 1981 4838 2849 4904; baseline 0.007 -19"><span class='ocrx_word' id='word_1_256' title='bbox 1981 4838 2352 4904; x_wconf 84' lang='lat' dir='ltr'>Episcopus</span> <span class='ocrx_word' id='word_1_257' title='bbox 2401 4840 2849 4893; x_wconf 73' lang='lat' dir='ltr'>Tridentinus·</span> 
     </span>
    </p>
   </div>
   <div class='ocr_carea' id='block_1_10' title="bbox 1464 4960 1878 4973">
    <p class='ocr_par' dir='ltr' id='par_1_11' title="bbox 1464 4960 1878 4973">
     <span class='ocr_line' id='line_1_38' title="bbox 1464 4960 1878 4973; baseline -0.002 -1"><span class='ocrx_word' id='word_1_258' title='bbox 1464 4962 1723 4973; x_wconf 50' lang='lat' dir='ltr'>assmw</span> <span class='ocrx_word' id='word_1_259' title='bbox 1746 4960 1878 4971; x_wconf 52' lang='grc' dir='ltr'>*ἐν-»Ν</span> 
     </span>
    </p>
   </div>
  </div>
 </body>
</html>
