<?xml version="1.0" encoding="UTF-8"?>
<!DOCTYPE html PUBLIC "-//W3C//DTD XHTML 1.0 Transitional//EN"
    "http://www.w3.org/TR/xhtml1/DTD/xhtml1-transitional.dtd">
<html xmlns="http://www.w3.org/1999/xhtml" xml:lang="en" lang="en">
 <head>
  <title>
</title>
<meta http-equiv="Content-Type" content="text/html;charset=utf-8" />
  <meta name='ocr-system' content='tesseract 3.04.00' />
  <meta name='ocr-capabilities' content='ocr_page ocr_carea ocr_par ocr_line ocrx_word'/>
</head>
<body>
  <div class='ocr_page' id='page_1' title='image "./monumentareform02vatigoog_0199.png"; bbox 0 0 3575 5775; ppageno 0'>
   <div class='ocr_carea' id='block_1_1' title="bbox 1358 512 1851 578">
    <p class='ocr_par' dir='ltr' id='par_1_1' title="bbox 1358 512 1851 578">
     <span class='ocr_line' id='line_1_1' title="bbox 1358 512 1851 578; baseline -0.004 -2"><span class='ocrx_word' id='word_1_1' title='bbox 1358 512 1851 578; x_wconf 44' lang='lat'>0-43151&amp;</span> 
     </span>
    </p>
   </div>
   <div class='ocr_carea' id='block_1_2' title="bbox 337 664 2905 4919">
    <p class='ocr_par' dir='ltr' id='par_1_2' title="bbox 337 664 2905 4919">
     <span class='ocr_line' id='line_1_2' title="bbox 377 664 2886 750; baseline 0.001 -22"><span class='ocrx_word' id='word_1_2' title='bbox 377 673 636 729; x_wconf 83' lang='lat' dir='ltr'>vestrum</span> <span class='ocrx_word' id='word_1_3' title='bbox 681 665 1250 748; x_wconf 88' lang='lat' dir='ltr'>supradictorum</span> <span class='ocrx_word' id='word_1_4' title='bbox 1297 666 1608 729; x_wconf 89' lang='lat' dir='ltr'>omnium</span> <span class='ocrx_word' id='word_1_5' title='bbox 1653 668 1770 728; x_wconf 86' lang='lat' dir='ltr'>vel</span> <span class='ocrx_word' id='word_1_6' title='bbox 1819 665 2429 746; x_wconf 79' lang='lat' dir='ltr'>singulos-libros·</span> <span class='ocrx_word' id='word_1_7' title='bbox 2455 673 2576 729; x_wconf 88' lang='lat' dir='ltr'>aut</span> <span class='ocrx_word' id='word_1_8' title='bbox 2623 664 2886 750; x_wconf 75' lang='lat' dir='ltr'>scripta</span> 
     </span>
     <span class='ocr_line' id='line_1_3' title="bbox 371 772 2885 856; baseline 0.001 -22"><span class='ocrx_word' id='word_1_9' title='bbox 371 772 866 855; x_wconf 85' lang='lat' dir='ltr'><strong>qualiacumque</strong></span> <span class='ocrx_word' id='word_1_10' title='bbox 912 772 1154 836; x_wconf 86' lang='lat' dir='ltr'>fratris</span> <span class='ocrx_word' id='word_1_11' title='bbox 1185 773 1474 837; x_wconf 90' lang='lat' dir='ltr'>Martini</span> <span class='ocrx_word' id='word_1_12' title='bbox 1503 773 1798 836; x_wconf 89' lang='lat' dir='ltr'>Lutheri</span> <span class='ocrx_word' id='word_1_13' title='bbox 1846 781 1969 836; x_wconf 88' lang='lat' dir='ltr'>aut</span> <span class='ocrx_word' id='word_1_14' title='bbox 2016 775 2165 856; x_wconf 90' lang='lat' dir='ltr'>ejus</span> <span class='ocrx_word' id='word_1_15' title='bbox 2210 773 2617 855; x_wconf 82' lang='lat' dir='ltr'><strong>sequacium</strong></span> <span class='ocrx_word' id='word_1_16' title='bbox 2666 773 2885 837; x_wconf 89' lang='lat' dir='ltr'>latino</span> 
     </span>
     <span class='ocr_line' id='line_1_4' title="bbox 365 879 2885 962; baseline 0.001 -20"><span class='ocrx_word' id='word_1_17' title='bbox 365 889 466 942; x_wconf 87' lang='lat' dir='ltr'>aut</span> <span class='ocrx_word' id='word_1_18' title='bbox 516 880 897 943; x_wconf 80' lang='lat' dir='ltr'>alemanico</span> <span class='ocrx_word' id='word_1_19' title='bbox 959 890 1082 943; x_wconf 90' lang='lat' dir='ltr'>aut</span> <span class='ocrx_word' id='word_1_20' title='bbox 1128 880 1268 943; x_wconf 91' lang='lat' dir='ltr'>alio</span> <span class='ocrx_word' id='word_1_21' title='bbox 1318 881 1569 962; x_wconf 87' lang='lat' dir='ltr'>quovis</span> <span class='ocrx_word' id='word_1_22' title='bbox 1629 879 1967 943; x_wconf 83' lang='lat' dir='ltr'>idiomate</span> <span class='ocrx_word' id='word_1_23' title='bbox 2016 879 2445 962; x_wconf 88' lang='lat' dir='ltr'>composita,</span> <span class='ocrx_word' id='word_1_24' title='bbox 2513 889 2602 944; x_wconf 71' lang='lat' dir='ltr'>etr</span> <span class='ocrx_word' id='word_1_25' title='bbox 2641 880 2885 944; x_wconf 90' lang='lat' dir='ltr'>nihilo·</span> 
     </span>
     <span class='ocr_line' id='line_1_5' title="bbox 361 986 2885 1068; baseline 0 -18"><span class='ocrx_word' id='word_1_26' title='bbox 361 987 555 1050; x_wconf 88' lang='lat' dir='ltr'>minus</span> <span class='ocrx_word' id='word_1_27' title='bbox 599 988 774 1050; x_wconf 91' lang='lat' dir='ltr'>alios</span> <span class='ocrx_word' id='word_1_28' title='bbox 820 988 1102 1051; x_wconf 91' lang='lat' dir='ltr'>libellos</span> <span class='ocrx_word' id='word_1_29' title='bbox 1149 987 1462 1052; x_wconf 89' lang='lat' dir='ltr'>famosos</span> <span class='ocrx_word' id='word_1_30' title='bbox 1507 987 1582 1050; x_wconf 90' lang='lat' dir='ltr'>in</span> <span class='ocrx_word' id='word_1_31' title='bbox 1615 988 1928 1051; x_wconf 84' lang='lat' dir='ltr'>dedecus</span> <span class='ocrx_word' id='word_1_32' title='bbox 1976 998 2049 1051; x_wconf 91' lang='lat' dir='ltr'>et</span> <span class='ocrx_word' id='word_1_33' title='bbox 2078 987 2542 1068; x_wconf 87' lang='lat' dir='ltr'>vilipendium</span> <span class='ocrx_word' id='word_1_34' title='bbox 2576 986 2885 1050; x_wconf 87' lang='lat' dir='ltr'>Sanctis-</span> 
     </span>
     <span class='ocr_line' id='line_1_6' title="bbox 353 1092 2887 1177; baseline 0.001 -22"><span class='ocrx_word' id='word_1_35' title='bbox 353 1094 486 1156; x_wconf 90' lang='lat' dir='ltr'>simi</span> <span class='ocrx_word' id='word_1_36' title='bbox 531 1092 812 1157; x_wconf 86' lang='lat' dir='ltr'>Domini</span> <span class='ocrx_word' id='word_1_37' title='bbox 858 1094 944 1158; x_wconf 88' lang='lat' dir='ltr'>N.</span> <span class='ocrx_word' id='word_1_38' title='bbox 980 1095 1057 1158; x_wconf 89' lang='lat' dir='ltr'>P.</span> <span class='ocrx_word' id='word_1_39' title='bbox 1110 1095 1558 1177; x_wconf 69' lang='lat' dir='ltr'>sanctaeque</span> <span class='ocrx_word' id='word_1_40' title='bbox 1593 1093 1803 1158; x_wconf 88' lang='lat' dir='ltr'>Sedis</span> <span class='ocrx_word' id='word_1_41' title='bbox 1834 1094 2301 1177; x_wconf 85' lang='lat' dir='ltr'>Apostolicae</span> <span class='ocrx_word' id='word_1_42' title='bbox 2349 1093 2887 1157; x_wconf 84' lang='lat' dir='ltr'>universitatum</span> 
     </span>
     <span class='ocr_line' id='line_1_7' title="bbox 349 1193 2887 1284; baseline 0 -22"><span class='ocrx_word' id='word_1_43' title='bbox 349 1201 737 1264; x_wconf 90' lang='lat' dir='ltr'>facultatum</span> <span class='ocrx_word' id='word_1_44' title='bbox 773 1193 1372 1284; x_wconf 86' lang='lat' dir='ltr'>honestarumque</span> <span class='ocrx_word' id='word_1_45' title='bbox 1420 1221 1885 1283; x_wconf 88' lang='lat' dir='ltr'>personarum</span> <span class='ocrx_word' id='word_1_46' title='bbox 1929 1201 2180 1282; x_wconf 80' lang='lat' dir='ltr'>editos,</span> <span class='ocrx_word' id='word_1_47' title='bbox 2225 1200 2725 1282; x_wconf 89' lang='lat' dir='ltr'>cujuscumque</span> <span class='ocrx_word' id='word_1_48' title='bbox 2772 1222 2887 1265; x_wconf 92' lang='lat' dir='ltr'>au-</span> 
     </span>
     <span class='ocr_line' id='line_1_8' title="bbox 347 1307 2888 1391; baseline 0.001 -21"><span class='ocrx_word' id='word_1_49' title='bbox 347 1307 543 1372; x_wconf 89' lang='lat' dir='ltr'>ctoris</span> <span class='ocrx_word' id='word_1_50' title='bbox 587 1308 727 1370; x_wconf 89' lang='lat' dir='ltr'>sint</span> <span class='ocrx_word' id='word_1_51' title='bbox 775 1318 846 1372; x_wconf 91' lang='lat' dir='ltr'>et</span> <span class='ocrx_word' id='word_1_52' title='bbox 893 1319 1350 1391; x_wconf 84' lang='lat' dir='ltr'>censeantur,</span> <span class='ocrx_word' id='word_1_53' title='bbox 1399 1312 1678 1390; x_wconf 86' lang='lat' dir='ltr'>legere,</span> <span class='ocrx_word' id='word_1_54' title='bbox 1725 1318 2007 1390; x_wconf 74' lang='lat' dir='ltr'>tenere,</span> <span class='ocrx_word' id='word_1_55' title='bbox 2055 1307 2493 1390; x_wconf 86' lang='lat' dir='ltr'>imprimere,</span> <span class='ocrx_word' id='word_1_56' title='bbox 2549 1310 2888 1390; x_wconf 89' lang='lat' dir='ltr'>vendere,</span> 
     </span>
     <span class='ocr_line' id='line_1_9' title="bbox 345 1415 2889 1499; baseline 0.002 -23"><span class='ocrx_word' id='word_1_57' title='bbox 345 1435 562 1477; x_wconf 89' lang='lat' dir='ltr'>emere</span> <span class='ocrx_word' id='word_1_58' title='bbox 625 1424 746 1479; x_wconf 90' lang='lat' dir='ltr'>aut</span> <span class='ocrx_word' id='word_1_59' title='bbox 809 1415 947 1478; x_wconf 88' lang='lat' dir='ltr'>illis</span> <span class='ocrx_word' id='word_1_60' title='bbox 1015 1436 1299 1499; x_wconf 91' lang='lat' dir='ltr'>quoquo</span> <span class='ocrx_word' id='word_1_61' title='bbox 1367 1417 1577 1479; x_wconf 92' lang='lat' dir='ltr'>modo</span> <span class='ocrx_word' id='word_1_62' title='bbox 1645 1416 1892 1479; x_wconf 87' lang='lat' dir='ltr'>favere</span> <span class='ocrx_word' id='word_1_63' title='bbox 1957 1425 2353 1497; x_wconf 86' lang='lat' dir='ltr'>presumat,</span> <span class='ocrx_word' id='word_1_64' title='bbox 2423 1415 2736 1496; x_wconf 88' lang='lat' dir='ltr'>quinimo</span> <span class='ocrx_word' id='word_1_65' title='bbox 2802 1437 2889 1480; x_wconf 90' lang='lat' dir='ltr'>ea</span> 
     </span>
     <span class='ocr_line' id='line_1_10' title="bbox 347 1521 2889 1605; baseline 0.001 -23"><span class='ocrx_word' id='word_1_66' title='bbox 347 1521 563 1584; x_wconf 86' lang='lat' dir='ltr'>omnia</span> <span class='ocrx_word' id='word_1_67' title='bbox 622 1523 710 1583; x_wconf 90' lang='lat' dir='ltr'>ad</span> <span class='ocrx_word' id='word_1_68' title='bbox 777 1541 1026 1584; x_wconf 88' lang='lat' dir='ltr'>manus</span> <span class='ocrx_word' id='word_1_69' title='bbox 1088 1522 1480 1605; x_wconf 87' lang='lat' dir='ltr'>supradicti</span> <span class='ocrx_word' id='word_1_70' title='bbox 1527 1523 1816 1585; x_wconf 91' lang='lat' dir='ltr'>Domini</span> <span class='ocrx_word' id='word_1_71' title='bbox 1862 1522 2117 1586; x_wconf 89' lang='lat' dir='ltr'>Nuncii</span> <span class='ocrx_word' id='word_1_72' title='bbox 2180 1525 2295 1586; x_wconf 89' lang='lat' dir='ltr'>vel</span> <span class='ocrx_word' id='word_1_73' title='bbox 2358 1523 2509 1586; x_wconf 89' lang='lat' dir='ltr'>eius</span> <span class='ocrx_word' id='word_1_74' title='bbox 2558 1522 2889 1586; x_wconf 91' lang='lat' dir='ltr'>Commis-</span> 
     </span>
     <span class='ocr_line' id='line_1_11' title="bbox 346 1628 2886 1712; baseline 0.001 -22"><span class='ocrx_word' id='word_1_75' title='bbox 346 1628 495 1691; x_wconf 89' lang='lat' dir='ltr'>sarii</span> <span class='ocrx_word' id='word_1_76' title='bbox 551 1628 736 1693; x_wconf 90' lang='lat' dir='ltr'>intra</span> <span class='ocrx_word' id='word_1_77' title='bbox 793 1629 1171 1693; x_wconf 90' lang='lat' dir='ltr'>terminum</span> <span class='ocrx_word' id='word_1_78' title='bbox 1232 1630 1438 1693; x_wconf 90' lang='lat' dir='ltr'>trium</span> <span class='ocrx_word' id='word_1_79' title='bbox 1507 1629 1778 1694; x_wconf 89' lang='lat' dir='ltr'>dierum</span> <span class='ocrx_word' id='word_1_80' title='bbox 1842 1640 2223 1712; x_wconf 86' lang='lat' dir='ltr'>postquam</span> <span class='ocrx_word' id='word_1_81' title='bbox 2286 1631 2637 1712; x_wconf 88' lang='lat' dir='ltr'>presentis</span> <span class='ocrx_word' id='word_1_82' title='bbox 2697 1650 2886 1694; x_wconf 88' lang='lat' dir='ltr'>man-</span> 
     </span>
     <span class='ocr_line' id='line_1_12' title="bbox 351 1736 2891 1818; baseline 0.001 -21"><span class='ocrx_word' id='word_1_83' title='bbox 351 1737 482 1798; x_wconf 87' lang='lat' dir='ltr'>dati</span> <span class='ocrx_word' id='word_1_84' title='bbox 527 1736 744 1800; x_wconf 86' lang='lat' dir='ltr'>nostri</span> <span class='ocrx_word' id='word_1_85' title='bbox 793 1736 1044 1799; x_wconf 90' lang='lat' dir='ltr'>notitia</span> <span class='ocrx_word' id='word_1_86' title='bbox 1091 1737 1181 1800; x_wconf 91' lang='lat' dir='ltr'>ad</span> <span class='ocrx_word' id='word_1_87' title='bbox 1231 1756 1362 1800; x_wconf 87' lang='lat' dir='ltr'>vos</span> <span class='ocrx_word' id='word_1_88' title='bbox 1410 1747 1481 1799; x_wconf 90' lang='lat' dir='ltr'>et</span> <span class='ocrx_word' id='word_1_89' title='bbox 1509 1746 1825 1800; x_wconf 85' lang='lat' dir='ltr'>vestrum</span> <span class='ocrx_word' id='word_1_90' title='bbox 1867 1737 2187 1818; x_wconf 84' lang='lat' dir='ltr'>singulos</span> <span class='ocrx_word' id='word_1_91' title='bbox 2228 1737 2656 1818; x_wconf 88' lang='lat' dir='ltr'>pervenerit,</span> <span class='ocrx_word' id='word_1_92' title='bbox 2704 1737 2891 1800; x_wconf 78' lang='lat' dir='ltr'>ferat</span> 
     </span>
     <span class='ocr_line' id='line_1_13' title="bbox 353 1841 2889 1925; baseline 0.001 -22"><span class='ocrx_word' id='word_1_93' title='bbox 353 1853 460 1904; x_wconf 89' lang='lat' dir='ltr'>aut</span> <span class='ocrx_word' id='word_1_94' title='bbox 501 1842 728 1905; x_wconf 90' lang='lat' dir='ltr'>mittat</span> <span class='ocrx_word' id='word_1_95' title='bbox 777 1852 850 1905; x_wconf 90' lang='lat' dir='ltr'>et</span> <span class='ocrx_word' id='word_1_96' title='bbox 896 1843 1215 1924; x_wconf 85' lang='lat' dir='ltr'>resignet</span> <span class='ocrx_word' id='word_1_97' title='bbox 1262 1841 1550 1925; x_wconf 91' lang='lat' dir='ltr'>publico</span> <span class='ocrx_word' id='word_1_98' title='bbox 1599 1843 1748 1925; x_wconf 85' lang='lat' dir='ltr'>igni</span> <span class='ocrx_word' id='word_1_99' title='bbox 1799 1845 2282 1907; x_wconf 90' lang='lat' dir='ltr'>comburenda</span> <span class='ocrx_word' id='word_1_100' title='bbox 2330 1853 2403 1907; x_wconf 91' lang='lat' dir='ltr'>et</span> <span class='ocrx_word' id='word_1_101' title='bbox 2449 1843 2731 1925; x_wconf 89' lang='lat' dir='ltr'>penitus</span> <span class='ocrx_word' id='word_1_102' title='bbox 2772 1844 2889 1906; x_wconf 92' lang='lat' dir='ltr'>ad-</span> 
     </span>
     <span class='ocr_line' id='line_1_14' title="bbox 351 1948 2889 2031; baseline 0.001 -21"><span class='ocrx_word' id='word_1_103' title='bbox 351 1948 710 2013; x_wconf 89' lang='lat' dir='ltr'>nihilanda.</span> <span class='ocrx_word' id='word_1_104' title='bbox 819 1949 1244 2012; x_wconf 88' lang='lat' dir='ltr'>Mandamus</span> <span class='ocrx_word' id='word_1_105' title='bbox 1333 1959 1709 2031; x_wconf 89' lang='lat' dir='ltr'>praeterea</span> <span class='ocrx_word' id='word_1_106' title='bbox 1787 1952 2037 2013; x_wconf 88' lang='lat' dir='ltr'>eadem</span> <span class='ocrx_word' id='word_1_107' title='bbox 2113 1950 2536 2013; x_wconf 89' lang='lat' dir='ltr'>auctoritate</span> <span class='ocrx_word' id='word_1_108' title='bbox 2613 1960 2889 2031; x_wconf 91' lang='lat' dir='ltr'>aposto-</span> 
     </span>
     <span class='ocr_line' id='line_1_15' title="bbox 349 2055 2894 2138; baseline 0 -21"><span class='ocrx_word' id='word_1_109' title='bbox 349 2055 470 2118; x_wconf 90' lang='lat' dir='ltr'>lica</span> <span class='ocrx_word' id='word_1_110' title='bbox 543 2055 612 2118; x_wconf 90' lang='lat' dir='ltr'>in</span> <span class='ocrx_word' id='word_1_111' title='bbox 675 2057 811 2119; x_wconf 88' lang='lat' dir='ltr'>hac</span> <span class='ocrx_word' id='word_1_112' title='bbox 872 2065 1078 2137; x_wconf 91' lang='lat' dir='ltr'>parte</span> <span class='ocrx_word' id='word_1_113' title='bbox 1144 2057 1352 2120; x_wconf 89' lang='lat' dir='ltr'>nobis</span> <span class='ocrx_word' id='word_1_114' title='bbox 1417 2076 1760 2119; x_wconf 70' lang='lat' dir='ltr'>conces-sa</span> <span class='ocrx_word' id='word_1_115' title='bbox 1838 2077 1922 2121; x_wconf 93' lang='lat' dir='ltr'>ac</span> <span class='ocrx_word' id='word_1_116' title='bbox 1990 2059 2122 2120; x_wconf 89' lang='lat' dir='ltr'>sub</span> <span class='ocrx_word' id='word_1_117' title='bbox 2192 2056 2442 2119; x_wconf 88' lang='lat' dir='ltr'>iisdem</span> <span class='ocrx_word' id='word_1_118' title='bbox 2505 2055 2757 2138; x_wconf 91' lang='lat' dir='ltr'>poenis</span> <span class='ocrx_word' id='word_1_119' title='bbox 2822 2067 2894 2118; x_wconf 90' lang='lat' dir='ltr'>et</span> 
     </span>
     <span class='ocr_line' id='line_1_16' title="bbox 348 2161 2889 2246; baseline 0 -22"><span class='ocrx_word' id='word_1_120' title='bbox 348 2163 643 2226; x_wconf 87' lang='lat' dir='ltr'>censuris</span> <span class='ocrx_word' id='word_1_121' title='bbox 691 2163 1019 2227; x_wconf 89' lang='lat' dir='ltr'>omnibus</span> <span class='ocrx_word' id='word_1_122' title='bbox 1067 2171 1140 2227; x_wconf 88' lang='lat' dir='ltr'>et</span> <span class='ocrx_word' id='word_1_123' title='bbox 1187 2163 1488 2246; x_wconf 91' lang='lat' dir='ltr'>singulis</span> <span class='ocrx_word' id='word_1_124' title='bbox 1537 2161 1757 2226; x_wconf 87' lang='lat' dir='ltr'>divini</span> <span class='ocrx_word' id='word_1_125' title='bbox 1787 2163 1991 2226; x_wconf 89' lang='lat' dir='ltr'>verbi</span> <span class='ocrx_word' id='word_1_126' title='bbox 2021 2163 2635 2245; x_wconf 83' lang='lat' dir='ltr'>praedicatoribus</span> <span class='ocrx_word' id='word_1_127' title='bbox 2667 2162 2889 2225; x_wconf 84' lang='lat' dir='ltr'>cuius·</span> 
     </span>
     <span class='ocr_line' id='line_1_17' title="bbox 347 2268 2893 2352; baseline 0 -21"><span class='ocrx_word' id='word_1_128' title='bbox 347 2289 623 2352; x_wconf 91' lang='lat' dir='ltr'>cumque</span> <span class='ocrx_word' id='word_1_129' title='bbox 673 2269 945 2334; x_wconf 88' lang='lat' dir='ltr'>ordinis</span> <span class='ocrx_word' id='word_1_130' title='bbox 989 2270 1200 2334; x_wconf 91' lang='lat' dir='ltr'>etiam</span> <span class='ocrx_word' id='word_1_131' title='bbox 1233 2269 1807 2351; x_wconf 84' lang='lat' dir='ltr'>mendicantium,</span> <span class='ocrx_word' id='word_1_132' title='bbox 1854 2280 1933 2332; x_wconf 90' lang='lat' dir='ltr'>ut</span> <span class='ocrx_word' id='word_1_133' title='bbox 1964 2269 2033 2332; x_wconf 87' lang='lat' dir='ltr'>in</span> <span class='ocrx_word' id='word_1_134' title='bbox 2067 2269 2211 2333; x_wconf 89' lang='lat' dir='ltr'>suis</span> <span class='ocrx_word' id='word_1_135' title='bbox 2240 2268 2893 2352; x_wconf 87' lang='lat' dir='ltr'>praedicationibus</span> 
     </span>
     <span class='ocr_line' id='line_1_18' title="bbox 346 2377 2895 2459; baseline 0.002 -23"><span class='ocrx_word' id='word_1_136' title='bbox 346 2385 410 2436; x_wconf 88' lang='lat' dir='ltr'>et</span> <span class='ocrx_word' id='word_1_137' title='bbox 450 2377 892 2440; x_wconf 88' lang='lat' dir='ltr'>sermonibus</span> <span class='ocrx_word' id='word_1_138' title='bbox 941 2377 1032 2438; x_wconf 94' lang='lat' dir='ltr'>ad</span> <span class='ocrx_word' id='word_1_139' title='bbox 1081 2379 1423 2458; x_wconf 88' lang='lat' dir='ltr'>populum</span> <span class='ocrx_word' id='word_1_140' title='bbox 1471 2377 1774 2459; x_wconf 87' lang='lat' dir='ltr'>predicti</span> <span class='ocrx_word' id='word_1_141' title='bbox 1822 2377 2110 2440; x_wconf 88' lang='lat' dir='ltr'>Martini</span> <span class='ocrx_word' id='word_1_142' title='bbox 2158 2377 2450 2441; x_wconf 90' lang='lat' dir='ltr'>Lutheri</span> <span class='ocrx_word' id='word_1_143' title='bbox 2498 2378 2895 2441; x_wconf 88' lang='lat' dir='ltr'>doctrinam</span> 
     </span>
     <span class='ocr_line' id='line_1_19' title="bbox 343 2483 2895 2566; baseline 0.001 -22"><span class='ocrx_word' id='word_1_144' title='bbox 343 2493 406 2544; x_wconf 90' lang='lat' dir='ltr'>et</span> <span class='ocrx_word' id='word_1_145' title='bbox 465 2483 614 2546; x_wconf 87' lang='lat' dir='ltr'>eius</span> <span class='ocrx_word' id='word_1_146' title='bbox 680 2483 904 2547; x_wconf 89' lang='lat' dir='ltr'>libros</span> <span class='ocrx_word' id='word_1_147' title='bbox 971 2503 1102 2546; x_wconf 89' lang='lat' dir='ltr'>nec</span> <span class='ocrx_word' id='word_1_148' title='bbox 1160 2505 1299 2547; x_wconf 89' lang='lat' dir='ltr'>non</span> <span class='ocrx_word' id='word_1_149' title='bbox 1367 2483 1648 2548; x_wconf 88' lang='lat' dir='ltr'>libellos</span> <span class='ocrx_word' id='word_1_150' title='bbox 1712 2485 2028 2548; x_wconf 87' lang='lat' dir='ltr'>famosos</span> <span class='ocrx_word' id='word_1_151' title='bbox 2092 2484 2455 2566; x_wconf 89' lang='lat' dir='ltr'>predictos</span> <span class='ocrx_word' id='word_1_152' title='bbox 2522 2486 2895 2548; x_wconf 88' lang='lat' dir='ltr'>damnatos</span> 
     </span>
     <span class='ocr_line' id='line_1_20' title="bbox 339 2590 2893 2673; baseline 0.001 -21"><span class='ocrx_word' id='word_1_153' title='bbox 339 2590 536 2654; x_wconf 87' lang='lat' dir='ltr'>etiam</span> <span class='ocrx_word' id='word_1_154' title='bbox 603 2602 678 2653; x_wconf 91' lang='lat' dir='ltr'>et</span> <span class='ocrx_word' id='word_1_155' title='bbox 740 2599 1128 2673; x_wconf 88' lang='lat' dir='ltr'>propterea</span> <span class='ocrx_word' id='word_1_156' title='bbox 1192 2593 1286 2653; x_wconf 91' lang='lat' dir='ltr'>ab</span> <span class='ocrx_word' id='word_1_157' title='bbox 1352 2593 1677 2654; x_wconf 87' lang='lat' dir='ltr'>omnibus</span> <span class='ocrx_word' id='word_1_158' title='bbox 1743 2591 2121 2655; x_wconf 88' lang='lat' dir='ltr'>evitandos</span> <span class='ocrx_word' id='word_1_159' title='bbox 2187 2591 2635 2656; x_wconf 89' lang='lat' dir='ltr'>denuncient.</span> <span class='ocrx_word' id='word_1_160' title='bbox 2743 2592 2893 2654; x_wconf 92' lang='lat' dir='ltr'>Nec</span> 
     </span>
     <span class='ocr_line' id='line_1_21' title="bbox 339 2697 2893 2780; baseline 0 -20"><span class='ocrx_word' id='word_1_161' title='bbox 339 2717 466 2762; x_wconf 89' lang='lat' dir='ltr'>non</span> <span class='ocrx_word' id='word_1_162' title='bbox 514 2698 832 2761; x_wconf 86' lang='lat' dir='ltr'>Decanis</span> <span class='ocrx_word' id='word_1_163' title='bbox 882 2697 1354 2760; x_wconf 89' lang='lat' dir='ltr'>Conciliorum</span> <span class='ocrx_word' id='word_1_164' title='bbox 1411 2706 1487 2760; x_wconf 91' lang='lat' dir='ltr'>ut</span> <span class='ocrx_word' id='word_1_165' title='bbox 1535 2697 1605 2760; x_wconf 90' lang='lat' dir='ltr'>in</span> <span class='ocrx_word' id='word_1_166' title='bbox 1654 2697 1799 2760; x_wconf 89' lang='lat' dir='ltr'>suis</span> <span class='ocrx_word' id='word_1_167' title='bbox 1846 2698 2143 2780; x_wconf 90' lang='lat' dir='ltr'>quisque</span> <span class='ocrx_word' id='word_1_168' title='bbox 2193 2698 2510 2760; x_wconf 89' lang='lat' dir='ltr'>conciliis</span> <span class='ocrx_word' id='word_1_169' title='bbox 2558 2699 2735 2760; x_wconf 91' lang='lat' dir='ltr'>haec</span> <span class='ocrx_word' id='word_1_170' title='bbox 2784 2719 2893 2760; x_wconf 85' lang='lat' dir='ltr'>ea-</span> 
     </span>
     <span class='ocr_line' id='line_1_22' title="bbox 337 2804 2895 2887; baseline 0 -21"><span class='ocrx_word' id='word_1_171' title='bbox 337 2806 486 2868; x_wconf 86' lang='lat' dir='ltr'>dem</span> <span class='ocrx_word' id='word_1_172' title='bbox 533 2806 909 2887; x_wconf 86' lang='lat' dir='ltr'>publicent</span> <span class='ocrx_word' id='word_1_173' title='bbox 967 2815 1039 2867; x_wconf 91' lang='lat' dir='ltr'>et</span> <span class='ocrx_word' id='word_1_174' title='bbox 1087 2814 1486 2867; x_wconf 88' lang='lat' dir='ltr'>curatarum</span> <span class='ocrx_word' id='word_1_175' title='bbox 1551 2805 2192 2867; x_wconf 89' lang='lat' dir='ltr'>ecclesiasticarum</span> <span class='ocrx_word' id='word_1_176' title='bbox 2254 2804 2325 2867; x_wconf 89' lang='lat' dir='ltr'>in</span> <span class='ocrx_word' id='word_1_177' title='bbox 2386 2805 2528 2866; x_wconf 91' lang='lat' dir='ltr'>suis</span> <span class='ocrx_word' id='word_1_178' title='bbox 2576 2804 2895 2867; x_wconf 90' lang='lat' dir='ltr'>conciliis</span> 
     </span>
     <span class='ocr_line' id='line_1_23' title="bbox 339 2912 2896 2995; baseline 0.001 -20"><span class='ocrx_word' id='word_1_179' title='bbox 339 2913 870 2977; x_wconf 88' lang='lat' dir='ltr'>constitutarum</span> <span class='ocrx_word' id='word_1_180' title='bbox 938 2912 1338 2976; x_wconf 89' lang='lat' dir='ltr'>rectoribus</span> <span class='ocrx_word' id='word_1_181' title='bbox 1409 2914 1660 2976; x_wconf 89' lang='lat' dir='ltr'>eadem</span> <span class='ocrx_word' id='word_1_182' title='bbox 1726 2912 2151 2976; x_wconf 88' lang='lat' dir='ltr'>auctoritate</span> <span class='ocrx_word' id='word_1_183' title='bbox 2221 2921 2293 2975; x_wconf 90' lang='lat' dir='ltr'>et</span> <span class='ocrx_word' id='word_1_184' title='bbox 2357 2914 2491 2974; x_wconf 90' lang='lat' dir='ltr'>sub</span> <span class='ocrx_word' id='word_1_185' title='bbox 2552 2912 2896 2995; x_wconf 87' lang='lat' dir='ltr'>predictis</span> 
     </span>
     <span class='ocr_line' id='line_1_24' title="bbox 340 3018 2893 3101; baseline -0.001 -18"><span class='ocrx_word' id='word_1_186' title='bbox 340 3019 576 3099; x_wconf 81' lang='lat' dir='ltr'>poenis</span> <span class='ocrx_word' id='word_1_187' title='bbox 641 3029 714 3082; x_wconf 92' lang='lat' dir='ltr'>et</span> <span class='ocrx_word' id='word_1_188' title='bbox 761 3018 1078 3083; x_wconf 91' lang='lat' dir='ltr'>censuris</span> <span class='ocrx_word' id='word_1_189' title='bbox 1124 3018 1571 3101; x_wconf 86' lang='lat' dir='ltr'>praecipiant</span> <span class='ocrx_word' id='word_1_190' title='bbox 1632 3032 1983 3101; x_wconf 89' lang='lat' dir='ltr'>quatenus</span> <span class='ocrx_word' id='word_1_191' title='bbox 2032 3019 2331 3101; x_wconf 89' lang='lat' dir='ltr'>singulis</span> <span class='ocrx_word' id='word_1_192' title='bbox 2378 3018 2632 3081; x_wconf 88' lang='lat' dir='ltr'>diebus</span> <span class='ocrx_word' id='word_1_193' title='bbox 2680 3018 2893 3081; x_wconf 90' lang='lat' dir='ltr'>domi-</span> 
     </span>
     <span class='ocr_line' id='line_1_25' title="bbox 341 3124 2895 3209; baseline -0 -21"><span class='ocrx_word' id='word_1_194' title='bbox 341 3127 504 3189; x_wconf 89' lang='lat' dir='ltr'>nicis</span> <span class='ocrx_word' id='word_1_195' title='bbox 551 3148 681 3209; x_wconf 89' lang='lat' dir='ltr'>per</span> <span class='ocrx_word' id='word_1_196' title='bbox 730 3147 945 3189; x_wconf 87' lang='lat' dir='ltr'>unum</span> <span class='ocrx_word' id='word_1_197' title='bbox 992 3147 1254 3190; x_wconf 90' lang='lat' dir='ltr'>annum</span> <span class='ocrx_word' id='word_1_198' title='bbox 1317 3127 1646 3209; x_wconf 87' lang='lat' dir='ltr'>proxime</span> <span class='ocrx_word' id='word_1_199' title='bbox 1693 3125 2005 3189; x_wconf 87' lang='lat' dir='ltr'>futurum</span> <span class='ocrx_word' id='word_1_200' title='bbox 2052 3127 2230 3188; x_wconf 88' lang='lat' dir='ltr'>hora</span> <span class='ocrx_word' id='word_1_201' title='bbox 2277 3146 2589 3189; x_wconf 89' lang='lat' dir='ltr'>summae</span> <span class='ocrx_word' id='word_1_202' title='bbox 2637 3124 2895 3189; x_wconf 86' lang='lat' dir='ltr'>missae</span> 
     </span>
     <span class='ocr_line' id='line_1_26' title="bbox 344 3232 2895 3316; baseline 0 -23"><span class='ocrx_word' id='word_1_203' title='bbox 344 3232 406 3296; x_wconf 88' lang='lat' dir='ltr'>in</span> <span class='ocrx_word' id='word_1_204' title='bbox 467 3234 825 3316; x_wconf 86' lang='lat' dir='ltr'>frequenti</span> <span class='ocrx_word' id='word_1_205' title='bbox 889 3233 1134 3316; x_wconf 91' lang='lat' dir='ltr'>populi</span> <span class='ocrx_word' id='word_1_206' title='bbox 1201 3234 1564 3315; x_wconf 85' lang='lat' dir='ltr'>presentia</span> <span class='ocrx_word' id='word_1_207' title='bbox 1629 3234 1807 3295; x_wconf 90' lang='lat' dir='ltr'>haec</span> <span class='ocrx_word' id='word_1_208' title='bbox 1858 3233 2095 3296; x_wconf 88' lang='lat' dir='ltr'>omnia</span> <span class='ocrx_word' id='word_1_209' title='bbox 2158 3232 2566 3315; x_wconf 89' lang='lat' dir='ltr'>supradicta</span> <span class='ocrx_word' id='word_1_210' title='bbox 2630 3234 2895 3297; x_wconf 82' lang='lat' dir='ltr'>denun-</span> 
     </span>
     <span class='ocr_line' id='line_1_27' title="bbox 347 3338 2895 3422; baseline 0.001 -21"><span class='ocrx_word' id='word_1_211' title='bbox 347 3340 520 3403; x_wconf 88' lang='lat' dir='ltr'>cient</span> <span class='ocrx_word' id='word_1_212' title='bbox 565 3351 638 3403; x_wconf 87' lang='lat' dir='ltr'>et</span> <span class='ocrx_word' id='word_1_213' title='bbox 685 3341 860 3403; x_wconf 90' lang='lat' dir='ltr'>talia</span> <span class='ocrx_word' id='word_1_214' title='bbox 905 3340 1192 3422; x_wconf 90' lang='lat' dir='ltr'>scripta,</span> <span class='ocrx_word' id='word_1_215' title='bbox 1242 3361 1284 3402; x_wconf 98' lang='lat' dir='ltr'>a</span> <span class='ocrx_word' id='word_1_216' title='bbox 1318 3338 1895 3404; x_wconf 86' lang='lat' dir='ltr'>christifidelibus</span> <span class='ocrx_word' id='word_1_217' title='bbox 1942 3349 2019 3401; x_wconf 91' lang='lat' dir='ltr'>ut</span> <span class='ocrx_word' id='word_1_218' title='bbox 2060 3338 2722 3421; x_wconf 88' lang='lat' dir='ltr'>perniciosissimam</span> <span class='ocrx_word' id='word_1_219' title='bbox 2751 3338 2895 3403; x_wconf 90' lang='lat' dir='ltr'>ani·</span> 
     </span>
     <span class='ocr_line' id='line_1_28' title="bbox 352 3446 2897 3531; baseline 0 -22"><span class='ocrx_word' id='word_1_220' title='bbox 352 3468 600 3512; x_wconf 88' lang='lat' dir='ltr'>marum</span> <span class='ocrx_word' id='word_1_221' title='bbox 647 3458 922 3531; x_wconf 89' lang='lat' dir='ltr'>pestem</span> <span class='ocrx_word' id='word_1_222' title='bbox 973 3448 1311 3511; x_wconf 89' lang='lat' dir='ltr'>evitanda</span> <span class='ocrx_word' id='word_1_223' title='bbox 1356 3448 1821 3529; x_wconf 84' lang='lat' dir='ltr'>proclament,</span> <span class='ocrx_word' id='word_1_224' title='bbox 1870 3456 1942 3508; x_wconf 91' lang='lat' dir='ltr'>et</span> <span class='ocrx_word' id='word_1_225' title='bbox 1989 3448 2080 3508; x_wconf 93' lang='lat' dir='ltr'>ad</span> <span class='ocrx_word' id='word_1_226' title='bbox 2130 3446 2614 3527; x_wconf 88' lang='lat' dir='ltr'>supradictum</span> <span class='ocrx_word' id='word_1_227' title='bbox 2661 3446 2897 3511; x_wconf 90' lang='lat' dir='ltr'>Domi-</span> 
     </span>
     <span class='ocr_line' id='line_1_29' title="bbox 353 3552 2894 3636; baseline 0 -19"><span class='ocrx_word' id='word_1_228' title='bbox 353 3574 500 3618; x_wconf 87' lang='lat' dir='ltr'>num</span> <span class='ocrx_word' id='word_1_229' title='bbox 546 3554 900 3619; x_wconf 89' lang='lat' dir='ltr'>Nuncium</span> <span class='ocrx_word' id='word_1_230' title='bbox 959 3556 1077 3618; x_wconf 88' lang='lat' dir='ltr'>vel</span> <span class='ocrx_word' id='word_1_231' title='bbox 1141 3555 1290 3635; x_wconf 89' lang='lat' dir='ltr'>ejus</span> <span class='ocrx_word' id='word_1_232' title='bbox 1338 3552 1909 3618; x_wconf 89' lang='lat' dir='ltr'>Commissarium</span> <span class='ocrx_word' id='word_1_233' title='bbox 1974 3553 2365 3617; x_wconf 88' lang='lat' dir='ltr'>deferenda</span> <span class='ocrx_word' id='word_1_234' title='bbox 2429 3553 2894 3636; x_wconf 87' lang='lat' dir='ltr'>praecipiant.</span> 
     </span>
     <span class='ocr_line' id='line_1_30' title="bbox 357 3658 2892 3725; baseline 0.001 -4"><span class='ocrx_word' id='word_1_235' title='bbox 357 3658 432 3722; x_wconf 85' lang='lat' dir='ltr'>Et</span> <span class='ocrx_word' id='word_1_236' title='bbox 473 3661 918 3725; x_wconf 81' lang='lat' dir='ltr'>nihilominus</span> <span class='ocrx_word' id='word_1_237' title='bbox 965 3670 1042 3724; x_wconf 88' lang='lat' dir='ltr'>ut</span> <span class='ocrx_word' id='word_1_238' title='bbox 1090 3662 1454 3723; x_wconf 88' lang='lat' dir='ltr'>decretum</span> <span class='ocrx_word' id='word_1_239' title='bbox 1503 3662 1640 3723; x_wconf 90' lang='lat' dir='ltr'>hoc</span> <span class='ocrx_word' id='word_1_240' title='bbox 1674 3670 1989 3723; x_wconf 87' lang='lat' dir='ltr'>nostrum</span> <span class='ocrx_word' id='word_1_241' title='bbox 2038 3660 2318 3723; x_wconf 82' lang='lat' dir='ltr'>facilius</span> <span class='ocrx_word' id='word_1_242' title='bbox 2366 3669 2437 3723; x_wconf 89' lang='lat' dir='ltr'>et</span> <span class='ocrx_word' id='word_1_243' title='bbox 2485 3660 2690 3723; x_wconf 88' lang='lat' dir='ltr'>citius</span> <span class='ocrx_word' id='word_1_244' title='bbox 2730 3682 2892 3725; x_wconf 79' lang='lat' dir='ltr'>exe·</span> 
     </span>
     <span class='ocr_line' id='line_1_31' title="bbox 357 3765 2896 3849; baseline 0 -20"><span class='ocrx_word' id='word_1_245' title='bbox 357 3769 598 3832; x_wconf 87' lang='lat' dir='ltr'>cutioni</span> <span class='ocrx_word' id='word_1_246' title='bbox 648 3770 1142 3848; x_wconf 85' lang='lat' dir='ltr'>demandetur,</span> <span class='ocrx_word' id='word_1_247' title='bbox 1189 3765 1665 3849; x_wconf 91' lang='lat' dir='ltr'>praecipimus</span> <span class='ocrx_word' id='word_1_248' title='bbox 1715 3769 1846 3829; x_wconf 84' lang='lat' dir='ltr'>sub</span> <span class='ocrx_word' id='word_1_249' title='bbox 1893 3765 2141 3830; x_wconf 90' lang='lat' dir='ltr'>iisdem</span> <span class='ocrx_word' id='word_1_250' title='bbox 2183 3766 2498 3831; x_wconf 89' lang='lat' dir='ltr'>censuris</span> <span class='ocrx_word' id='word_1_251' title='bbox 2548 3775 2618 3829; x_wconf 90' lang='lat' dir='ltr'>et</span> <span class='ocrx_word' id='word_1_252' title='bbox 2646 3767 2896 3849; x_wconf 87' lang='lat' dir='ltr'>poenis</span> 
     </span>
     <span class='ocr_line' id='line_1_32' title="bbox 359 3872 2897 3957; baseline 0 -21"><span class='ocrx_word' id='word_1_253' title='bbox 359 3876 660 3939; x_wconf 87' lang='lat' dir='ltr'>omnibus</span> <span class='ocrx_word' id='word_1_254' title='bbox 707 3875 1278 3957; x_wconf 83' lang='lat' dir='ltr'>magistratibuS,</span> <span class='ocrx_word' id='word_1_255' title='bbox 1329 3876 1488 3936; x_wconf 90' lang='lat' dir='ltr'>loca</span> <span class='ocrx_word' id='word_1_256' title='bbox 1533 3873 1939 3936; x_wconf 87' lang='lat' dir='ltr'>tenentibus</span> <span class='ocrx_word' id='word_1_257' title='bbox 1955 3922 1973 3954; x_wconf 92' lang='lat'>,</span> <span class='ocrx_word' id='word_1_258' title='bbox 2023 3872 2310 3955; x_wconf 83' lang='lat' dir='ltr'>villicis,</span> <span class='ocrx_word' id='word_1_259' title='bbox 2361 3872 2691 3937; x_wconf 88' lang='lat' dir='ltr'>Scabinis</span> <span class='ocrx_word' id='word_1_260' title='bbox 2737 3876 2897 3937; x_wconf 88' lang='lat' dir='ltr'>bur·</span> 
     </span>
     <span class='ocr_line' id='line_1_33' title="bbox 359 3978 2896 4065; baseline -0 -21"><span class='ocrx_word' id='word_1_261' title='bbox 359 3982 792 4065; x_wconf 84' lang='lat' dir='ltr'>gomagistris</span> <span class='ocrx_word' id='word_1_262' title='bbox 843 3992 914 4044; x_wconf 88' lang='lat' dir='ltr'>et</span> <span class='ocrx_word' id='word_1_263' title='bbox 962 3981 1118 4045; x_wconf 87' lang='lat' dir='ltr'>aliis</span> <span class='ocrx_word' id='word_1_264' title='bbox 1153 3980 1708 4062; x_wconf 89' lang='lat' dir='ltr'>quibuscumque</span> <span class='ocrx_word' id='word_1_265' title='bbox 1742 3978 2071 4043; x_wconf 87' lang='lat' dir='ltr'>officiatis</span> <span class='ocrx_word' id='word_1_266' title='bbox 2113 3981 2373 4044; x_wconf 90' lang='lat' dir='ltr'>nostris</span> <span class='ocrx_word' id='word_1_267' title='bbox 2420 3988 2497 4044; x_wconf 92' lang='lat' dir='ltr'>ut</span> <span class='ocrx_word' id='word_1_268' title='bbox 2527 3980 2896 4063; x_wconf 85' lang='lat' dir='ltr'>praedicto</span> 
     </span>
     <span class='ocr_line' id='line_1_34' title="bbox 357 4085 2897 4171; baseline 0 -21"><span class='ocrx_word' id='word_1_269' title='bbox 357 4088 643 4153; x_wconf 89' lang='lat' dir='ltr'>Domino</span> <span class='ocrx_word' id='word_1_270' title='bbox 691 4089 995 4170; x_wconf 89' lang='lat' dir='ltr'>Nunci0,</span> <span class='ocrx_word' id='word_1_271' title='bbox 1045 4097 1164 4152; x_wconf 88' lang='lat' dir='ltr'>aut</span> <span class='ocrx_word' id='word_1_272' title='bbox 1213 4089 1364 4169; x_wconf 90' lang='lat' dir='ltr'>ejus</span> <span class='ocrx_word' id='word_1_273' title='bbox 1397 4085 1895 4149; x_wconf 89' lang='lat' dir='ltr'>Commissario</span> <span class='ocrx_word' id='word_1_274' title='bbox 1944 4088 2013 4149; x_wconf 91' lang='lat' dir='ltr'>in</span> <span class='ocrx_word' id='word_1_275' title='bbox 2045 4089 2181 4151; x_wconf 90' lang='lat' dir='ltr'>hac</span> <span class='ocrx_word' id='word_1_276' title='bbox 2213 4098 2417 4171; x_wconf 91' lang='lat' dir='ltr'>parte</span> <span class='ocrx_word' id='word_1_277' title='bbox 2450 4088 2897 4169; x_wconf 82' lang='lat' dir='ltr'>adsistenteS,</span> 
     </span>
     <span class='ocr_line' id='line_1_35' title="bbox 358 4192 2900 4277; baseline 0 -19"><span class='ocrx_word' id='word_1_278' title='bbox 358 4214 581 4260; x_wconf 89' lang='lat' dir='ltr'>omnes</span> <span class='ocrx_word' id='word_1_279' title='bbox 643 4205 715 4260; x_wconf 88' lang='lat' dir='ltr'>et</span> <span class='ocrx_word' id='word_1_280' title='bbox 762 4197 1082 4277; x_wconf 85' lang='lat' dir='ltr'>singulos</span> <span class='ocrx_word' id='word_1_281' title='bbox 1132 4192 1578 4276; x_wconf 89' lang='lat' dir='ltr'>supradictos</span> <span class='ocrx_word' id='word_1_282' title='bbox 1638 4194 2011 4258; x_wconf 89' lang='lat' dir='ltr'>damnatos</span> <span class='ocrx_word' id='word_1_283' title='bbox 2058 4196 2277 4258; x_wconf 91' lang='lat' dir='ltr'>libros</span> <span class='ocrx_word' id='word_1_284' title='bbox 2341 4195 2767 4277; x_wconf 87' lang='lat' dir='ltr'>ubicumque</span> <span class='ocrx_word' id='word_1_285' title='bbox 2829 4205 2900 4259; x_wconf 92' lang='lat' dir='ltr'>et</span> 
     </span>
     <span class='ocr_line' id='line_1_36' title="bbox 357 4300 2897 4386; baseline 0.002 -23"><span class='ocrx_word' id='word_1_286' title='bbox 357 4304 528 4384; x_wconf 90' lang='lat' dir='ltr'>apud</span> <span class='ocrx_word' id='word_1_287' title='bbox 576 4322 1090 4386; x_wconf 90' lang='lat' dir='ltr'>quemcumque</span> <span class='ocrx_word' id='word_1_288' title='bbox 1137 4300 1587 4383; x_wconf 88' lang='lat' dir='ltr'>reperiantur</span> <span class='ocrx_word' id='word_1_289' title='bbox 1636 4300 1986 4381; x_wconf 88' lang='lat' dir='ltr'>auferant,</span> <span class='ocrx_word' id='word_1_290' title='bbox 2036 4300 2394 4382; x_wconf 88' lang='lat' dir='ltr'>diripiant,</span> <span class='ocrx_word' id='word_1_291' title='bbox 2444 4312 2515 4365; x_wconf 90' lang='lat' dir='ltr'>et</span> <span class='ocrx_word' id='word_1_292' title='bbox 2552 4321 2685 4383; x_wconf 90' lang='lat' dir='ltr'>pro</span> <span class='ocrx_word' id='word_1_293' title='bbox 2718 4302 2897 4367; x_wconf 90' lang='lat' dir='ltr'>arbi-</span> 
     </span>
     <span class='ocr_line' id='line_1_37' title="bbox 357 4405 2899 4493; baseline 0.002 -24"><span class='ocrx_word' id='word_1_294' title='bbox 357 4418 525 4474; x_wconf 88' lang='lat' dir='ltr'>tratu</span> <span class='ocrx_word' id='word_1_295' title='bbox 565 4408 918 4493; x_wconf 84' lang='lat' dir='ltr'>praedicti</span> <span class='ocrx_word' id='word_1_296' title='bbox 965 4409 1249 4471; x_wconf 90' lang='lat' dir='ltr'>Domini</span> <span class='ocrx_word' id='word_1_297' title='bbox 1301 4405 1554 4471; x_wconf 87' lang='lat' dir='ltr'>Nuncii</span> <span class='ocrx_word' id='word_1_298' title='bbox 1600 4408 1889 4488; x_wconf 90' lang='lat' dir='ltr'>publico</span> <span class='ocrx_word' id='word_1_299' title='bbox 1940 4406 2090 4489; x_wconf 85' lang='lat' dir='ltr'>igni</span> <span class='ocrx_word' id='word_1_300' title='bbox 2138 4410 2587 4489; x_wconf 85' lang='lat' dir='ltr'>comburant,</span> <span class='ocrx_word' id='word_1_301' title='bbox 2652 4408 2899 4491; x_wconf 90' lang='lat' dir='ltr'>implo-</span> 
     </span>
     <span class='ocr_line' id='line_1_38' title="bbox 361 4515 2899 4597; baseline 0.001 -20"><span class='ocrx_word' id='word_1_302' title='bbox 361 4518 560 4581; x_wconf 89' lang='lat' dir='ltr'>rando</span> <span class='ocrx_word' id='word_1_303' title='bbox 607 4519 696 4581; x_wconf 93' lang='lat' dir='ltr'>ad</span> <span class='ocrx_word' id='word_1_304' title='bbox 745 4520 882 4580; x_wconf 85' lang='lat' dir='ltr'>hoc</span> <span class='ocrx_word' id='word_1_305' title='bbox 931 4516 1370 4581; x_wconf 89' lang='lat' dir='ltr'>subditorum</span> <span class='ocrx_word' id='word_1_306' title='bbox 1420 4523 1823 4577; x_wconf 88' lang='lat' dir='ltr'>nostrorum</span> <span class='ocrx_word' id='word_1_307' title='bbox 1870 4515 2137 4577; x_wconf 84' lang='lat' dir='ltr'>auxilio</span> <span class='ocrx_word' id='word_1_308' title='bbox 2194 4515 2315 4597; x_wconf 89' lang='lat' dir='ltr'>qui</span> <span class='ocrx_word' id='word_1_309' title='bbox 2361 4517 2452 4578; x_wconf 91' lang='lat' dir='ltr'>ad</span> <span class='ocrx_word' id='word_1_310' title='bbox 2500 4517 2697 4587; x_wconf 59' lang='lat' dir='ltr'>hunc,</span> <span class='ocrx_word' id='word_1_311' title='bbox 2738 4516 2899 4579; x_wconf 86' lang='lat' dir='ltr'>effe-</span> 
     </span>
     <span class='ocr_line' id='line_1_39' title="bbox 365 4621 2902 4707; baseline 0.001 -24"><span class='ocrx_word' id='word_1_312' title='bbox 365 4634 530 4687; x_wconf 90' lang='lat' dir='ltr'>ctum</span> <span class='ocrx_word' id='word_1_313' title='bbox 573 4624 964 4707; x_wconf 88' lang='lat' dir='ltr'>praedictis</span> <span class='ocrx_word' id='word_1_314' title='bbox 1012 4622 1342 4686; x_wconf 87' lang='lat' dir='ltr'>officiatis</span> <span class='ocrx_word' id='word_1_315' title='bbox 1389 4629 1466 4684; x_wconf 89' lang='lat' dir='ltr'>ut</span> <span class='ocrx_word' id='word_1_316' title='bbox 1517 4621 2045 4703; x_wconf 90' lang='lat' dir='ltr'>nobismetipsis</span> <span class='ocrx_word' id='word_1_317' title='bbox 2092 4632 2395 4702; x_wconf 86' lang='lat' dir='ltr'>pareant</span> <span class='ocrx_word' id='word_1_318' title='bbox 2443 4632 2512 4686; x_wconf 91' lang='lat' dir='ltr'>et</span> <span class='ocrx_word' id='word_1_319' title='bbox 2561 4624 2902 4687; x_wconf 92' lang='lat' dir='ltr'>obediant</span> 
     </span>
     <span class='ocr_line' id='line_1_40' title="bbox 370 4727 2902 4815; baseline 0.002 -26"><span class='ocrx_word' id='word_1_320' title='bbox 370 4730 570 4794; x_wconf 85' lang='lat' dir='ltr'>donec</span> <span class='ocrx_word' id='word_1_321' title='bbox 600 4732 1000 4815; x_wconf 86' lang='lat' dir='ltr'>perniciosa</span> <span class='ocrx_word' id='word_1_322' title='bbox 1033 4733 1324 4794; x_wconf 87' lang='lat' dir='ltr'>istorum</span> <span class='ocrx_word' id='word_1_323' title='bbox 1357 4727 1923 4811; x_wconf 86' lang='lat' dir='ltr'>supradictorum</span> <span class='ocrx_word' id='word_1_324' title='bbox 1958 4728 2293 4791; x_wconf 89' lang='lat' dir='ltr'>librorum</span> <span class='ocrx_word' id='word_1_325' title='bbox 2328 4750 2557 4810; x_wconf 71' lang='lat' dir='ltr'>segeS,</span> <span class='ocrx_word' id='word_1_326' title='bbox 2594 4752 2631 4791; x_wconf 92' lang='lat' dir='ltr'>e</span> <span class='ocrx_word' id='word_1_327' title='bbox 2662 4740 2902 4794; x_wconf 88' lang='lat' dir='ltr'>nostra</span> 
     </span>
     <span class='ocr_line' id='line_1_41' title="bbox 377 4832 2905 4919; baseline 0.003 -24"><span class='ocrx_word' id='word_1_328' title='bbox 377 4834 652 4903; x_wconf 87' lang='lat' dir='ltr'>diocoesi</span> <span class='ocrx_word' id='word_1_329' title='bbox 699 4849 772 4904; x_wconf 90' lang='lat' dir='ltr'>et</span> <span class='ocrx_word' id='word_1_330' title='bbox 819 4838 1146 4903; x_wconf 89' lang='lat' dir='ltr'>dominiis</span> <span class='ocrx_word' id='word_1_331' title='bbox 1191 4837 1530 4900; x_wconf 89' lang='lat' dir='ltr'>radicitus</span> <span class='ocrx_word' id='word_1_332' title='bbox 1578 4832 1864 4898; x_wconf 88' lang='lat' dir='ltr'>omnino</span> <span class='ocrx_word' id='word_1_333' title='bbox 1917 4832 2349 4919; x_wconf 83' lang='lat' dir='ltr'>extirpetur,</span> <span class='ocrx_word' id='word_1_334' title='bbox 2407 4834 2905 4919; x_wconf 78' lang='lat' dir='ltr'>gravissimam</span> 
     </span>
    </p>
   </div>
  </div>
 </body>
</html>
