3575 5775
1734 616 1854 668 ΗΞ
1929 615 2040 668 2622
2113 613 2231 666 3>ss

700 787 837 834 mm
888 765 983 832 bn
1031 763 1167 828 mai
1216 773 1419 826 tanto
1466 761 1585 842 pit}
1634 779 1818 842 gran
1867 759 2296 820 contrarieta
2341 760 2416 820 in
2461 773 2722 840 questa
2765 761 3282 842 prosecutione

696 873 789 940 (les
836 891 1081 948 rauna,
1144 869 1279 932 che
1326 867 1615 950 quando
1676 867 1749 929 io
1795 869 2132 948 allegava
2189 867 2326 929 che
2379 869 2548 947 quel
2609 870 2746 930 che
2791 867 2954 930 dice
2999 867 3284 931 Luther

695 986 735 1040 δε
784 991 971 1044 tutto
1020 977 1113 1040 de
1162 973 1443 1056 Vigleff
1484 985 1555 1036 et
1601 973 1970 1054 Johannes
2021 973 2212 1036 Huss
2257 975 2716 1037 condennato
2783 979 2898 1037 nel
2951 973 3283 1039 Concilio

695 1087 787 1152 cle
831 1083 1285 1164 (innatantia,
1349 1081 1551 1163 quasi
1610 1082 1777 1144 tutti
1839 1093 1912 1144 et
1971 1081 2230 1161 grandi
2285 1082 2560 1162 signori
2619 1093 2694 1144 et
2737 1082 3000 1164 piccoli
3061 1103 3282 1146 como

696 1191 1059 1258 ‹lactumlo
1108 1189 1411 1254 diceano
1468 1189 1601 1252 che
1664 1188 1740 1252 fu
1797 1188 1980 1251 fatto
2038 1201 2231 1251 torto
2291 1209 2338 1249 a
2381 1189 2700 1267 Joannes
2745 1189 2938 1252 Huss
3003 1189 3288 1271 perche

694 1313 1043 1364 ‹zomtava
1090 1299 1229 1360 ben
1280 1297 1435 1360 loro
1484 1295 1577 1359 de
1626 1297 1697 1358 la
1742 1295 2126 1358 execution
2171 1295 2368 1357 facta
2413 1307 2666 1358 contra
2709 1297 2804 1358 de
2835 1297 2933 1358 lui
2963 1318 3080 1360 ma
3127 1317 3286 1361 non

695 1409 787 1474 cle
838 1407 1177 1472 citatione
1226 1413 1299 1468 et
1344 1423 1719 1488 processu,
1794 1413 1866 1466 et
1931 1403 2066 1466 che
2133 1403 2234 1464 lui
2291 1423 2416 1465 era
2487 1414 2756 1466 venuto
2811 1413 3002 1466 sotto
3069 1407 3288 1468 salvo

694 1513 1075 1594 condutta,
1124 1533 1263 1576 non
1316 1531 1520 1576 como
1572 1511 1791 1574 citato
1841 1520 1914 1573 et
1961 1510 2010 1572 li
2055 1510 2135 1573 fu
2181 1521 2372 1572 rotto
2433 1512 2505 1571 la
2567 1531 2974 1591 promessa;
3042 1514 3288 1593 perho

694 1623 791 1688 bo
843 1623 1086 1686 voluto
1118 1638 1367 1684 narrar
1415 1617 1533 1702 qui
1584 1627 1767 1680 tutto
1817 1618 1884 1679 el
1917 1637 2254 1697 processo
2303 1625 2377 1678 et
2403 1636 2760 1696 successo,
2807 1617 2856 1678 il
2887 1618 3022 1680 che
3051 1638 3293 1683 ancor

694 1731 827 1796 aba
878 1731 1131 1810 longo,
1198 1745 1409 1810 rupero
1457 1745 1601 1789 non
1650 1723 1810 1788 sara
1859 1744 1936 1786 se
1985 1745 2126 1786 non
2173 1722 2496 1806 proficuo
2541 1734 2616 1786 et
2663 1724 2726 1786 a’
2775 1723 3002 1786 nostri
3049 1727 3292 1808 tempi

694 1847 767 1904 nt
814 1835 878 1904 σι’
927 1833 1141 1902 futuri
1194 1834 1415 1898 veder
1464 1829 1844 1896 testificato
1894 1831 1987 1893 da
2015 1829 2236 1894 Cesar
2282 1834 2350 1893 el
2395 1850 2730 1893 successo
2777 1833 2868 1894 de
2917 1833 2988 1894 18
3035 1853 3240 1896 8858.

882 1943 953 2010 Μ
1008 1941 1339 2025 originali
1388 1941 1659 2024 tengho
1710 1939 1830 2022 qui
1881 1959 2079 2001 meco
2128 1960 2260 2020 per
2303 1938 2417 2001 far
2463 1939 2631 2000 fede
2659 1937 2942 2002 interim
2977 1939 3047 2002 la
3085 1942 3292 2004 dove

696 2053 847 2120 farsi
900 2053 1223 2132 bemogna
1273 2058 1341 2114 ct
1392 2047 1511 2134 poi
1560 2047 1950 2132 presentati
1998 2049 2115 2110 nel
2183 2047 2324 2109 mio
2383 2047 2656 2108 ritorno
2727 2067 2772 2108 a
2835 2044 2984 2109 Sua
3031 2045 3144 2110 8¹*
3207 2069 3293 2112 se

698 2175 1051 2248 putrmtno
1102 2165 1399 2224 mettere
1450 2155 1521 2220 in
1572 2157 1639 2220 18
1688 2154 1981 2218 libraria
2028 2155 2120 2216 ad
2175 2163 2600 2237 perpetuam
2666 2153 2773 2216 rei
2834 2155 3290 2236 memoriam,

696 2267 806 2330 sb«
896 2285 937 2330 a
986 2265 1289 2348 qualche
1358 2273 1598 2346 tempo
1656 2261 1927 2326 anchor
1983 2281 2060 2323 se
2116 2261 2520 2324 inscrivano
2577 2261 2651 2323 in
2712 2281 3017 2344 cor-pore
3079 2263 3290 2328 iuris,

705 2371 783 2440 V.
838 2374 907 2436 b.
963 2371 1151 2436 Runa
1202 2369 1428 2454 potra,
1483 2367 1926 2452 piacendole,
1977 2368 2242 2431 retenir
2271 2389 2411 2431 uno
2443 2389 2696 2451 presso
2729 2371 2822 2431 de
2853 2389 2950 2449 se,
2999 2372 3291 2451 perche

698 2481 809 2547 nel
862 2479 1175 2564 percheto
1227 2479 1317 2540 de
1368 2477 1462 2541 M.
1511 2475 1767 2557 Joanni
1816 2475 2109 2538 Matheo
2157 2475 2226 2537 io
2275 2477 2536 2538 mando
2582 2476 2626 2538 1’
2657 2478 2844 2539 altro
2892 2487 3294 2558 presentat

696 2609 735 2655 a
786 2586 936 2652 Sua
986 2585 1113 2650 8¹⁸.

878 2693 938 2758 A
996 2691 1313 2758 Lovanio
1364 2713 1541 2755 sono
1591 2701 1777 2755 stato
1828 2712 2014 2754 nove
2064 2691 2163 2762 di:
2227 2691 2399 2773 ogni
2459 2711 2626 2753 cosa
2674 2711 2752 2754 se
2800 2701 3011 2774 porta
3057 2694 3292 2757 bene.

696 2802 967 2882 Questa
1016 2799 1420 2862 orthodoxa
1468 2798 1953 2862 universitade
2003 2819 2080 2862 se
2127 2797 2542 2861 ricomanda
2587 2799 2706 2860 alli
2755 2799 2948 2879 piedi
2998 2799 3072 2861 di
3127 2799 3294 2864 Sua

696 2908 1017 2979 Santita:
1070 2908 1163 2971 ho
1214 2908 1383 2969 dato
1433 2906 1482 2969 li
1531 2907 1783 2969 ordeni
1840 2906 2065 2969 debiti
2114 2916 2185 2969 et
2231 2906 2416 2969 sarei
2464 2906 2802 2987 expedito
2851 2907 2970 2988 pisa
3021 2918 3294 2989 presto

696 3040 769 3079 so
822 3038 959 3081 non
1032 3018 1225 3081 fosse
1275 3027 1461 3081 stata
1520 3019 1590 3081 18
1638 3019 1849 3099 colpa
1897 3018 2059 3080 dell’
2095 3017 2480 3099 impressor
2535 3018 2604 3080 el
2649 3017 2819 3097 qual
2889 3036 3021 3098 per
3073 3039 3294 3081 man-

695 3144 817 3187 car
865 3126 953 3187 de
1004 3125 1337 3189 caratteri
1396 3144 1538 3188 non
1589 3134 1806 3207 potea
1852 3124 1965 3187 far
2011 3145 2087 3187 se
2137 3144 2278 3187 non
2331 3144 2472 3187 una
2517 3123 2749 3186 forma
2795 3124 2861 3185 al
2912 3124 2980 3185 dl
3031 3132 3107 3186 et
3163 3146 3294 3188 me

695 3234 1116 3313 besognava
1186 3253 1382 3295 esser
1449 3241 1814 3296 corrector
1879 3253 2009 3315 per
2089 3234 2280 3295 bella
2357 3231 2552 3294 forza
2619 3250 2748 3312 per
2817 3230 3109 3292 defecto
3189 3232 3294 3296 de

698 3338 1107 3400 correctori.
1202 3339 1271 3401 A
1321 3341 1518 3401 detto
1569 3338 1954 3420 impressor
2000 3339 2069 3402 io
2131 3339 2270 3402 feci
2320 3342 2498 3403 altre
2546 3340 2775 3401 voltre
2823 3336 3088 3418 pigliar
3137 3358 3298 3420 per

696 3442 811 3505 via
861 3446 950 3505 de
1013 3445 1082 3505 18
1136 3444 1404 3507 iustitia
1454 3445 1639 3507 assai
1706 3447 1985 3528 grande
2055 3467 2346 3509 numero
2406 3447 2514 3508 de’
2586 3446 2746 3508 libri
2815 3445 2903 3506 de
2970 3444 3292 3529 Luther‚

697 3546 886 3610 forse
936 3551 1067 3611 che
1117 3550 1343 3630 perho
1393 3572 1504 3614 me
1551 3553 1643 3614 ha
1692 3552 2251 3635 stangheggiato
2304 3563 2374 3616 et
2420 3555 2777 3636 possendo
2815 3552 2928 3614 far
2973 3552 3022 3614 il
3073 3572 3288 3618 man·

698 3655 867 3717 dato
930 3656 1001 3717 in
1068 3664 1177 3719 tre
1234 3656 1386 3719 folii
1433 3659 1625 3721 hallo
1674 3659 1856 3723 fatto
1907 3661 1974 3723 in
2025 3662 2282 3743 cinque
2329 3681 2459 3743 per
2505 3660 2622 3742 pisi
2673 3679 2800 3721 suo
2850 3659 3294 3743 guadagnO,

695 3762 1116 3823 altramente
1166 3764 1201 3825 ὲ
1250 3764 1463 3826 homo
1513 3766 1700 3828 assai
1750 3769 1990 3829 buono
2040 3777 2113 3830 et
2161 3778 2356 3830 certo
2413 3766 2732 3830 horamai
2780 3768 2920 3828 ben
2969 3767 3288 3831 redutto

695 3869 837 3931 alla
883 3870 1073 3931 bona
1119 3869 1237 3931 via
1287 3871 1474 3933 della
1523 3874 1686 3954 qual
1754 3894 1884 3954 per
1933 3875 2173 3937 avanti
2223 3896 2346 3937 era
2393 3874 2676 3936 sedotto
2733 3874 2825 3935 da
2882 3872 2996 3935 chi
3045 3873 3137 3938 V.
3203 3874 3264 3939 S

696 3975 887 4037 Rma
933 3986 1101 4057 pote
1153 3979 1291 4039 ben
1341 3998 1602 4059 pensar
1650 3979 1761 4041 chi
1813 3980 2003 4043 volio
2055 3981 2240 4061 dire,
2291 3982 2422 4044 che
2471 3980 2508 4043 ὲ
2557 3980 2768 4042 collui
2817 3982 2948 4041 che
2996 3982 3092 4043 ha
3141 4003 3288 4063 pu-

696 4082 985 4146 trefatto
1035 4093 1216 4145 tutta
1266 4095 1515 4166 questa
1564 4084 1894 4149 Fiandra.
1993 4084 2079 4149 Et
2128 4089 2311 4151 basti
2362 4087 2622 4169 perche
2681 4106 2892 4167 spero
2926 4090 3290 4168 parlarne

693 4189 813 4271 piu
862 4210 905 4251 a
953 4191 1191 4272 longo.
2857 4180 2864 4187 ’

872 4298 984 4359 De
1034 4298 1302 4360 matino
1365 4299 1721 4380 piacendo
1795 4322 1836 4362 a
1901 4300 2040 4363 Dio
2108 4302 2379 4364 andaro
2442 4322 2484 4362 a
2554 4300 2934 4380 Bruxelle,
3004 4300 3290 4369 farassi

694 4412 878 4466 tutto
942 4407 1179 4485 quello
1248 4407 1380 4469 che
1446 4406 1566 4488 pih
1633 4409 1889 4488 patera
1955 4409 2023 4469 al
2085 4408 2455 4489 proposito
2525 4417 2593 4469 et
2655 4406 2810 4468 sara
2878 4408 3286 4487 possibile;

691 4511 812 4593 poi
863 4532 939 4573 se
988 4511 1148 4575 sara
1198 4514 1287 4575 de
1335 4515 1661 4595 besogno
1710 4518 1983 4577 restaro
2033 4516 2124 4577 de
2175 4537 2315 4597 qua
2362 4515 2621 4596 perche
2672 4512 3056 4577 altrimenti
3089 4528 3286 4580 met-

690 4618 945 4681 teromi
992 4618 1061 4681 in
1111 4618 1387 4682 camino
1438 4641 1568 4702 per
1616 4620 1856 4683 Roma
1905 4642 2107 4683 como
2157 4643 2287 4703 per
2345 4623 2598 4683 lettere
2667 4621 2757 4683 de
2805 4620 2892 4685 V.
2944 4618 3013 4687 S.
3067 4620 3286 4689 Rma

690 4725 987 4788 intendo
1020 4723 1166 4789 Sua
1192 4725 1471 4789 Santita
1506 4749 1699 4790 esser
1730 4738 2088 4791 contenta.
2169 4729 2456 4791 Interim
2491 4731 2667 4790 baso
2714 4730 2782 4790 le
2817 4748 3019 4789 sacre
3069 4734 3286 4794 mani

690 4834 761 4895 di
812 4832 900 4895 V.
950 4830 1023 4895 S.
1076 4834 1284 4898 Rma.
1380 4835 1699 4897 Lovanii.
