3575 5775
1746 951 1899 1016 229.

1440 1076 1784 1156 Rorarius
1841 1075 2186 1158 Sadoleto.

1415 1231 1653 1302 (varior.
1692 1231 1766 1290 ad
1804 1231 1969 1292 olem.
2008 1231 2082 1289 11.
2119 1233 2228 1304 49.)

1572 1360 1683 1426 (11.
1722 1360 1856 1426 Julii
1902 1358 2076 1428 1525.)

718 1503 877 1566 Non
927 1504 1020 1566 ho
1068 1504 1136 1565 al
1184 1512 1521 1584 presente
1570 1504 1750 1566 altro
1799 1504 1932 1566 che
1981 1503 2248 1565 scriver
2295 1523 2338 1565 a
2377 1502 2465 1565 V.
2519 1499 2589 1567 S.
2639 1502 2794 1564 R¹²²⁸
2839 1521 2914 1563 se
2961 1522 3108 1564 non

541 1611 673 1672 che
723 1609 766 1671 'l
814 1608 1146 1692 Principe
1212 1611 1249 1673 ὲ
1307 1613 1526 1674 molto
1594 1610 1973 1673 sollicitato
2041 1631 2083 1673 a
2148 1610 2374 1693 partir
2439 1630 2570 1691 per
2617 1607 2967 1691 Coupaier
3030 1621 3107 1672 et

545 1715 753 1780 vorra
818 1717 1042 1798 partit·
1108 1737 1151 1780 a
1218 1719 1265 1781 li
1334 1717 1553 1793 X1V;
1626 1738 1761 1800 pur
1807 1737 2033 1800 penso
2100 1717 2374 1780 restara
2436 1716 2580 1780 fino
2649 1738 2692 1778 a
2757 1715 2806 1778 li
2863 1715 3106 1778 XVII.

543 1823 764 1886 Lassa
813 1824 933 1904 qui
960 1836 1213 1906 quatro
1262 1846 1393 1907 per
1438 1846 1659 1888 nome⁴
1694 1845 1824 1888 suo
1875 1847 1913 1888 e
1963 1825 2010 1887 li
2057 1825 2279 1888 nobili
2314 1833 2498 1904 octo,
2551 1827 2640 1887 de
2669 1824 2886 1886 vilani
2921 1821 3109 1885 XVI

541 1929 588 1991 li
652 1930 841 2011 quali
904 1932 1267 1995 habbiano
1332 1953 1375 1995 a
1434 1941 1697 1995 tractar
1758 1931 2052 1995 insieme
2112 1934 2183 1994 la
2231 1931 2641 1994 conclusion
2706 1932 2794 1993 de
2857 1941 3112 2012 questa

542 2036 769 2112 dieta;
842 2047 915 2100 et
989 2041 1300 2102 secondo
1364 2049 1782 2102 tractavano
1845 2042 1978 2101 che
2039 2039 2351 2102 habiano
2423 2039 2555 2101 dar
2616 2037 2815 2100 aviso
2877 2058 2918 2099 a
2979 2056 3113 2100 sua

540 2145 870 2208 serenita.
964 2145 1083 2208 Me
1131 2167 1505 2209 rencresce
1567 2149 1786 2208 molto
1849 2148 1978 2208 che
2027 2149 2096 2208 la
2143 2145 2408 2228 partita
2455 2145 2562 2207 sia
2625 2166 2837 2208 senza
2883 2147 3112 2207 haver

540 2250 731 2314 facto
781 2253 1011 2333 prima
1058 2255 1513 2318 conclusione
1562 2274 1601 2317 e
1652 2254 1898 2317 dubito
1961 2257 2178 2316 molto
2229 2256 2320 2316 de
2368 2255 2668 2334 qualche
2725 2273 2904 2336 gran
2954 2253 3110 2315 des-

541 2360 808 2422 ordene
870 2359 939 2421 in
988 2361 1315 2424 absentia
1376 2362 1467 2424 de
1516 2359 1663 2424 Sua
1711 2361 1922 2425 Sere.
2018 2361 2164 2423 Pur
2224 2381 2367 2423 non
2417 2359 2474 2422 si
2523 2361 2616 2422 ha
2675 2371 2970 2441 possuto
3017 2361 3112 2422 ne

542 2465 601 2526 si
648 2467 813 2546 pole
860 2463 972 2527 far
1020 2469 1463 2547 alti-amente,
1516 2469 1647 2531 che
1680 2471 1908 2530 anche
1954 2467 2006 2530 il
2039 2487 2428 2549 componer
2457 2467 2654 2548 degli
2689 2465 3114 2546 Algoviensi

542 2573 759 2634 molto
807 2572 1133 2654 importa.
1227 2574 1305 2636 In
1354 2574 1763 2657 Hinspruch
1814 2575 1930 2637 die
1978 2573 2093 2636 XI
2141 2573 2306 2654 Julii
2353 2573 2754 2638 MDXXV.

1621 2797 1689 2810 νὴ
1727 2799 1866 2808 «suavo
1878 2799 1910 2808 Λ
1926 2798 2031 2808 κυνῆς

1748 3090 1900 3154 230.

942 3215 1443 3297 Fordinandus
1496 3216 1707 3297 Asoh.
1765 3216 2103 3296 Austriae
2160 3216 2503 3297 Clementi
2559 3216 2718 3298 VII.

1374 3373 1620 3443 (Ax-mar.
1656 3372 1754 3431 11.
1791 3371 1945 3446 Ospa.
1983 3372 2028 3431 1.
2065 3373 2133 3432 N.
2173 3374 2280 3444 94.)

1573 3498 1687 3569 (11.
1726 3502 1863 3567 Julii
1906 3505 2078 3565 1525.)
2213 3488 2216 3493 ’

722 3631 1183 3698 Sanctissime
1230 3655 1315 3697 ac
1363 3635 1785 3698 Beatissime
1833 3636 1905 3697 in
1947 3633 2228 3699 Christo
2261 3636 2480 3698 Pater
2525 3645 2600 3698 et
2629 3634 2934 3698 Domine
2965 3656 3114 3698 ece.

724 3740 1133 3805 Subsidium
1197 3742 1715 3826 descriptorum
1773 3744 2030 3825 viginti
2079 3742 2376 3806 Minium
2439 3763 2846 3823 aureorum,
2919 3744 3114 3824 quod

544 3849 926 3913 Beatitudo
977 3849 1238 3912 Vestra
1302 3870 1433 3932 pro
1496 3872 1624 3914 suo
1686 3851 1759 3914 in
1809 3851 1957 3913 Nos
2018 3862 2320 3932 paterno
2368 3870 2610 3913 amore
2669 3850 3114 3913 adiuvandas

547 3957 892 4020 maximas
942 3957 1428 4045 necessitates,
1479 3960 1568 4021 de
1618 3958 1872 4039 quibus
1921 3972 2066 4019 tum
2101 3959 2638 4038 admonebatur,
2687 3957 2799 4019 hic
2835 3958 3108 4021 solven-

544 4067 707 4127 dum
760 4063 1219 4127 demandavit
1268 4072 1341 4126 et
1385 4075 1638 4144 postea
1672 4063 1953 4127 Romae
1983 4083 2112 4144 per
2147 4085 2300 4125 eam
2341 4063 2784 4126 reddendum
2815 4064 3110 4145 recepit,

543 4191 673 4233 nec
724 4174 887 4233 dum
936 4173 1242 4235 solutum
1291 4181 1415 4234 est.
1514 4170 1687 4233 Cum
1736 4180 1969 4232 autem
2019 4191 2150 4252 pro
2201 4170 2309 4232 his
2349 4170 2814 4253 popularibus
2861 4172 3108 4233 tumul-

540 4277 730 4339 tibus
790 4279 1473 4362 tempestatibusque
1542 4277 1880 4341 sedandis
1941 4277 2578 4359 tranquillitatique
2653 4276 3110 4340 restituendis

542 4387 761 4447 multo
811 4386 1116 4450 maxima
1165 4406 1207 4447 a
1252 4406 1365 4449 me
1414 4394 1713 4467 erogata
1760 4384 1850 4446 sit
1896 4384 2358 4465 pecuniarum
2405 4404 2706 4463 summa,
2771 4404 2928 4447 cum
2975 4404 3108 4466 pro

542 4490 900 4553 ordinario
948 4491 1195 4571 Milite,
1246 4512 1454 4573 quem
1506 4490 1794 4554 Svevici
1843 4490 2156 4554 foederis
2202 4492 2516 4571 ratione,
2565 4501 2714 4555 tum
2761 4491 3108 4574 peculiari

542 4617 701 4659 meo
750 4600 1069 4659 exercitu
1104 4601 1588 4679 sustentando,
1638 4618 1847 4681 quem
1886 4598 1956 4661 in
1990 4597 2345 4679 equitibus
2378 4598 2663 4662 circiter
2691 4599 2854 4662 Duo
2885 4598 3108 4680 Mille,

544 4712 615 4767 et
663 4703 1033 4767 Peditibus
1083 4704 1363 4771 circiter
1411 4716 1573 4769 octo
1624 4707 1813 4769 mille
1863 4705 2109 4786 Viros,
2174 4704 2438 4769 fiducia
2487 4706 2857 4788 prestandi
2901 4704 3110 4769 huius

542 4812 648 4874 sui
735 4811 1032 4875 subsidii
1128 4815 1596 4896 collegeram,
1687 4823 1757 4877 et
1829 4833 2014 4877 nunc
2098 4823 2457 4886 sustento;
2537 4833 2768 4895 neque
2853 4812 3110 4877 minori

540 4929 825 5001 sumptu
875 4918 1157 5001 privata
1204 4921 1360 4985 Res
1407 4942 1605 5003 mea,
1656 4941 1838 5002 quae
1887 4920 2231 5002 proximis
2277 4920 2386 4983 his
2435 4920 2686 4983 diebus
2732 4923 2868 4983 hoc
2917 4920 3112 5002 cepit
