3575 5775
1669 597 2163 655 θ-έΒὸΟΟΕἶΗ)

634 755 997 827 posterum
1046 747 1275 810 securi
1324 767 1639 809 essemus
1688 756 1758 808 et
1808 766 1949 809 non
1998 745 2207 808 nobis
2257 743 2615 807 accideret
2663 744 2854 824 quod
2907 743 3204 825 Aegyp-

633 854 749 918 tiis
798 864 875 916 ut
921 855 1111 936 quod
1160 855 1435 936 grando
1484 853 1870 936 reliquerit,
1921 855 2192 915 locusta
2240 853 2570 923 devoret:
2621 872 2784 914 nam
2831 850 2963 914 etsi
3011 850 3198 932 prin·

636 962 870 1043 cipum
920 959 1253 1043 auspiciis
1286 960 1601 1023 haeresis
1638 959 1930 1022 Lutheri
1965 959 2345 1022 Bavariam
2380 978 2520 1020 non
2551 957 2902 1034 infecerit,
2947 957 3204 1021 mirum

634 1077 871 1132 tamen
918 1068 1275 1150 quomodo
1321 1066 1390 1128 in
1438 1067 1548 1130 his
1596 1087 1779 1149 quae
1827 1066 2189 1148 pertinent
2245 1065 2335 1127 ad
2397 1066 2662 1128 clerum
2709 1065 2884 1128 mire
2931 1062 3204 1145 frigent

634 1175 873 1240 nostri.
966 1174 1290 1238 Ecclesia
1338 1195 1520 1256 quae
1567 1175 1763 1257 prius
1811 1174 2033 1237 valuit
2081 1193 2162 1236 cc
2207 1171 2359 1237 flor.
2422 1171 2560 1236 iam
2609 1173 2736 1236 vix
2781 1173 2974 1236 valet
3019 1192 3078 1233 c.
3129 1181 3204 1233 et

635 1303 916 1365 semper
964 1282 1351 1345 timendum
1401 1303 1490 1345 ne
1540 1282 1911 1363 Principes
1983 1280 2203 1344 nostri
2264 1282 2356 1342 ab
2419 1280 2574 1342 aliis
2637 1281 3068 1342 seducantur
3127 1289 3206 1340 ut

636 1389 848 1453 etiam
898 1385 1321 1471 extinguant
1367 1390 1677 1452 minores
1726 1388 2058 1452 decimas,
2153 1387 2522 1450 Hactenus
2577 1387 2752 1450 nihil
2797 1389 2990 1468 passi
3040 1397 3208 1448 sunt

632 1497 1019 1577 immutari,
1080 1496 1391 1560 clinodia
1457 1518 1547 1560 ex
1610 1495 2057 1560 monasteriis
2107 1505 2176 1557 et
2221 1494 2726 1558 infirmioribus
2773 1493 3058 1577 oppidis
3107 1494 3204 1554 ad

636 1604 897 1668 tutiora
946 1605 1103 1667 loca
1153 1613 1491 1668 curarunt
1556 1603 1840 1685 deponi.
1951 1603 2277 1666 Tabesco
2335 1611 2572 1664 tamen
2637 1602 2728 1663 de
2789 1599 3204 1664 modicitate

632 1711 801 1774 fidei
847 1712 921 1774 in
968 1711 1229 1774 nostris
1277 1723 1349 1776 et
1398 1710 1763 1792 impietate
1812 1709 2174 1773 haeretica
2223 1709 2291 1771 in
2341 1707 2802 1780 adversariis3
2865 1708 3204 1770 secedam

634 1840 773 1902 ego
820 1819 960 1882 iam
1020 1821 1559 1901 (tempusculum
1604 1817 2098 1898 suffuraturus)
2147 1817 2238 1879 ad
2287 1815 2698 1879 inferiorem
2748 1813 3204 1878 Germaniam

632 1936 705 1990 et
752 1926 1132 2009 Angliam;
1182 1926 1443 1990 videbo
1494 1946 1584 1988 an
1634 1925 1725 1988 sit
1772 1926 1956 1987 ullus
2016 1926 2218 1986 locus
2265 1922 2759 2005 tranquillitati
2808 1922 3204 1986 studiorum

631 2045 1065 2116 competenS‚
1117 2043 1188 2096 et
1235 2032 1294 2096 si
1344 2032 1512 2114 quid
1562 2035 2039 2113 exploravero
2091 2030 2162 2096 S.
2197 2031 2279 2096 T.
2328 2030 2834 2094 humillissimis
2865 2031 3206 2112 precibus

629 2143 932 2224 pulsabo
979 2150 1057 2204 ut
1104 2161 1216 2204 me
1266 2141 1588 2214 adiuvet;
1640 2160 1796 2202 cum
1845 2150 1987 2202 tam
2036 2138 2352 2201 liberalis
2401 2137 2492 2201 sit
2541 2137 2708 2202 Sed.
2761 2139 2897 2219 Ap.
2970 2139 3042 2200 in
3093 2159 3202 2202 ec·

631 2248 865 2312 clesiis
934 2258 1004 2312 et
1065 2247 1533 2331 dignitatibus
1605 2245 2062 2310 conferendis
2141 2245 2351 2308 etiam
2425 2245 2810 2327 aliquando
2874 2245 3204 2329 ingratiS‚

633 2376 755 2419 cur
819 2356 1277 2437 desperarem
1352 2375 1506 2418 eam
1576 2355 1883 2417 futuram
1958 2353 2326 2416 liberalem
2393 2351 2466 2416 in
2531 2352 2833 2416 Eckium
2899 2354 3017 2435 qui
3097 2365 3210 2416 tot

630 2460 951 2544 pericula
998 2461 1243 2542 subiit,
1310 2471 1417 2523 tot
1480 2462 1764 2524 labores
1821 2460 2116 2543 pertulit
2178 2479 2312 2542 pro
2369 2457 2512 2523 fide
2575 2462 3008 2536 orthodoxa,
3069 2481 3204 2543 pro

631 2569 903 2630 honore
952 2565 1164 2632 Sedis
1212 2568 1731 2650 Apostolicae?
1839 2569 1948 2630 De
2014 2567 2170 2630 aliis
2230 2567 2514 2631 remitto
2564 2588 2676 2634 me
2725 2569 2817 2632 ad
2864 2569 3204 2634 schedam

633 2674 925 2738 affixam
973 2695 1185 2756 quam
1233 2695 1503 2738 summa
1551 2675 1926 2757 diligentia
1973 2695 2104 2757 per
2163 2674 2401 2756 capita
2467 2675 2926 2758 consignavi,
2985 2677 3200 2739 unde-

634 2801 933 2863 cumque
1004 2803 1096 2845 ex
1160 2781 1604 2846 cancellariis
1670 2791 1742 2845 et
1806 2803 1896 2845 ex
1965 2781 2285 2845 exercitu
2364 2783 2862 2848 certitudinem
2933 2785 3204 2848 habere

633 2890 853 2972 potui.
960 2889 1317 2971 Dignetur
1386 2888 1459 2955 S.
1508 2892 1586 2953 T.
1656 2890 1994 2955 Pontifex
2051 2890 2245 2953 Max.
2307 2890 2446 2955 imo
2503 2892 2592 2955 D.
2659 2892 2956 2957 Datario
3019 2914 3202 2957 com-

632 2998 911 3060 mittere
960 3006 1038 3059 ut
1084 2996 1413 3079 provisus
1447 3018 1577 3080 per
1630 3019 1740 3061 me
1789 2998 1861 3061 in
1911 2996 2148 3060 officio
2197 2997 2671 3079 inquisitionis
2719 3020 2861 3063 non
2909 3000 3196 3083 impedi·

636 3114 792 3168 atur
850 3108 942 3167 ab
998 3104 1235 3187 aliquo
1299 3104 1369 3167 in
1449 3105 1899 3168 assecutione
1964 3106 2428 3187 praebendae
2499 3108 2683 3169 sicut
2741 3106 3203 3171 Eberhardus

635 3212 907 3275 Ferber
968 3221 1398 3294 procurator
1468 3232 1666 3275 meus
1725 3211 2032 3294 pleniter
2097 3234 2254 3275 eum
2311 3212 2735 3279 informavit.
2842 3214 3206 3298 Deinceps

637 3328 709 3383 et
755 3321 889 3382 hoc
936 3320 1023 3384 D.
1075 3320 1371 3383 Datario
1435 3317 1507 3383 S.
1572 3320 1651 3385 T.
1715 3320 2156 3384 committere
2205 3321 2538 3403 dignetur
2587 3333 2666 3384 ut
2711 3342 2952 3386 curam
2996 3334 3206 3405 gerat

636 3426 864 3489 Eckio
922 3426 1350 3510 providendi
1414 3426 1534 3507 qui
1602 3435 1708 3490 tot
1769 3427 2078 3491 millibus
2139 3429 2474 3511 providit.
2583 3429 2658 3491 [n
2721 3449 2992 3495 summa
3061 3451 3198 3494 non

640 3543 750 3597 est
796 3533 961 3597 mihi
1011 3554 1177 3616 spes
1231 3536 1497 3597 clerum
1546 3554 1639 3597 ex
1686 3534 1968 3615 integro
2015 3534 2289 3597 restitui
2345 3536 2436 3597 ad
2483 3533 2856 3617 pristinam
2901 3536 3196 3618 dignita-

639 3651 817 3721 tem,
890 3640 1024 3703 nisi
1096 3642 1409 3704 adventu
1488 3640 1814 3705 Caesaris
1879 3641 2048 3705 licet
2121 3641 2374 3712 Nuncii
2435 3642 2839 3725 Apostolici
2897 3646 3206 3726 plurima

614 3746 918 3831 ‘possint
963 3747 1202 3811 facere
1251 3749 1440 3829 apud
1492 3749 1710 3831 ligam
1760 3757 1831 3811 et
1876 3748 2238 3831 principes
2301 3748 2480 3812 sicut
2543 3750 2892 3831 proximis
2950 3750 3206 3815 litteris

642 3856 715 3919 S.
780 3856 857 3922 T.
921 3854 1332 3938 plenissime
1406 3854 1992 3936 informaveram,
2061 3855 2230 3936 quid
2290 3857 2482 3920 facto
2548 3880 2726 3943 opus
2795 3872 2982 3923 esset
3037 3860 3208 3925 licet

640 3962 829 4027 forte
892 3961 1335 4045 prudentiori
1401 3962 1695 4025 consilio
1758 3982 1944 4043 quae
2001 3983 2361 4027 suaseram
2431 3965 2862 4031 omittantur.
2963 3968 3051 4031 D.
3119 3967 3202 4033 O.

639 4070 737 4133 M.
787 4070 1121 4152 dignetur
1168 4090 1593 4133 conservare
1650 4066 1724 4135 S.
1785 4070 1866 4134 T.
1917 4079 1988 4132 et
2036 4090 2192 4133 eam
2240 4072 2622 4154 aspirando
2668 4075 3090 4157 praeveniat
3137 4088 3210 4139 et

644 4178 1046 4241 adiuvando
1111 4187 1584 4261 prosequatur
1664 4179 1756 4241 ad
1829 4178 2062 4241 omnia
2123 4198 2306 4261 quae
2375 4179 2647 4245 faciunt
2709 4184 2800 4245 ad
2860 4184 3206 4247 honorem

644 4285 945 4348 nominis
993 4284 1097 4348 sui
1147 4295 1219 4349 et
1264 4287 1635 4349 haeresum
1685 4295 1756 4347 et
1805 4285 2402 4367 blasphemiarum
2451 4288 3023 4371 extirpationem.
3085 4291 3208 4355 Me

644 4390 1035 4473 supplicem
1084 4394 1653 4457 commendatum
1697 4394 1964 4456 habeat
2011 4391 2080 4457 S.
2133 4394 2211 4457 T.

821 4497 1244 4579 Ingolstadii
1290 4499 1544 4563 XXV.
1592 4498 1759 4581 Julii
1811 4501 2023 4563 Anno
2071 4500 2347 4582 gratiae
2393 4502 2797 4569 MDXXV.

2763 4628 2993 4693 uenus.

1715 4802 2128 4817 mmm.
