3575 5775
1326 597 1625 654 0<t3437
1704 597 1822 652 ΞΗ)

307 751 520 814 cultus
550 747 814 810 Christi
860 767 1001 809 non
1052 747 1263 808 modo
1311 745 1719 827 transgredi
1766 746 1894 808 sed
1944 747 2180 828 palam
2231 744 2439 810 etiam
2474 748 2827 828 reprehen

307 858 461 920 dere
512 866 583 920 et
631 873 1053 938 oppugnare
1100 853 1387 932 audent,
1436 873 1734 935 quorum
1782 853 2110 935 impietas
2161 855 2370 918 etiam
2420 853 2575 918 aliis
2616 865 2860 937 potest

307 984 450 1026 esse
498 970 942 1026 nocumento.
1023 959 1231 1041 Quod
1280 979 1409 1022 nos
1446 959 2007 1042 aegreferenteS,
2057 981 2214 1024 curn
2263 982 2609 1026 memores
2641 961 2858 1026 simus

307 1071 461 1152 quid
508 1069 663 1133 cir¹²¹
706 1079 871 1132 tuae
919 1087 1133 1150 super
1180 1067 1289 1130 his
1336 1068 1743 1130 dederimus
1788 1067 2149 1131 facultatis
2199 1089 2280 1131 ac
2325 1070 2414 1132 de
2447 1078 2568 1132 tua
2596 1069 2856 1133 virtute

306 1186 371 1240 et
410 1176 787 1260 prudentia
848 1184 921 1239 et
969 1193 1143 1256 erga
1191 1195 1329 1237 surr
1347 1195 1531 1237 mum
1586 1176 1811 1237 Deum
1874 1175 2224 1257 religione
2293 1176 2556 1258 optime
2605 1177 2856 1240 sentia-

304 1305 463 1365 muS‚
512 1282 864 1347 voluimus
911 1293 981 1346 te
1031 1284 1264 1344 denuo
1312 1301 1444 1363 per
1490 1284 1621 1344 has
1670 1281 1942 1344 litteras
1990 1283 2259 1346 hortari
2307 1293 2383 1345 ut
2417 1284 2722 1346 studium
2771 1305 2854 1347 ac

306 1391 733 1474 diligentiam
798 1389 1143 1453 exhibere
1190 1389 1417 1451 velles
1479 1407 1618 1469 quo
1666 1390 1846 1451 haec
1904 1397 2103 1452 tanta
2150 1391 2349 1452 labes
2411 1399 2649 1452 rectae
2699 1390 2852 1453 reli-

304 1499 525 1580 gionis
592 1499 661 1561 in
731 1496 832 1560 eis
878 1495 1054 1559 locis
1121 1493 1582 1577 extinguatur
1644 1514 1715 1557 tn
1774 1496 2031 1577 quibus
2097 1517 2254 1558 cum
2316 1496 2480 1559 talis
2545 1497 2856 1560 faemina

305 1606 478 1668 omni
542 1605 798 1667 virtute
865 1613 937 1667 et
1000 1601 1269 1686 pietate
1337 1611 1666 1684 prestans
1733 1613 2011 1684 gratam
2078 1605 2343 1666 habeat
2408 1613 2854 1688 potestatem,

305 1734 431 1776 non
480 1732 857 1796 possumus
904 1710 1230 1774 dubitare
1279 1709 1464 1772 illius
1510 1709 1822 1772 instante
1883 1710 2337 1792 auctoritate,
2385 1721 2507 1774 tua
2553 1710 2854 1776 interve-

306 1819 531 1883 niente
600 1839 769 1882 cura
834 1826 906 1881 et
967 1815 1479 1902 sollicitudine,
1553 1815 1719 1898 quin
1788 1817 2024 1880 omnia
2091 1817 2229 1880 sint
2283 1819 2521 1881 futura
2585 1820 2675 1882 ad
2723 1818 2860 1883 Dei

305 1937 367 1990 et
409 1925 743 2007 antiquae
791 1924 961 1987 fidei
990 1925 1329 1986 honorem
1382 1943 1464 1986 ac
1499 1923 2025 1987 observantiam
2073 1924 2311 1988 facilia
2360 1935 2572 2007 atque
2607 1946 2854 2008 prona.

306 2033 453 2099 Non
504 2032 689 2096 enim
754 2032 823 2094 in
872 2030 1077 2093 nobis
1123 2029 1357 2093 inesse
1406 2040 1644 2113 potest
1704 2032 1850 2093 ulla
1898 2030 2246 2094 dubitatio
2293 2032 2484 2096 illam
2552 2034 2765 2097 tantis
2814 2055 2855 2097 a

306 2142 450 2204 Deo
518 2139 721 2202 donis
784 2147 855 2202 et
904 2138 1190 2200 dotibus
1238 2145 1557 2200 ornatam
1606 2138 1972 2200 mulierem
2039 2160 2221 2220 quae
2284 2139 2428 2202 suis
2473 2139 2854 2204 virtutibus

304 2248 599 2311 omnium
666 2265 950 2309 suorum
1000 2244 1341 2308 maiorum
1407 2243 1707 2307 virtutes
1772 2254 2225 2328 representat
2288 2247 2854 2328 posthabituram

302 2356 584 2418 tutelam
634 2364 703 2417 et
752 2351 1236 2416 defensionem
1272 2349 1712 2415 Christianae
1760 2351 2131 2432 religionis
2179 2353 2328 2414 eius
2376 2373 2559 2436 quae
2608 2375 2650 2416 a
2699 2353 2853 2437 Spi-

302 2461 429 2524 ritu
478 2461 745 2524 Sancto
804 2480 937 2542 per
982 2478 1233 2521 manus
1297 2467 1700 2521 sanctorum
1761 2467 2042 2539 patrum
2110 2480 2152 2520 a
2199 2469 2305 2522 tot
2366 2459 2504 2522 iam
2553 2461 2854 2525 saeculis

304 2579 583 2651 recepta
630 2578 701 2632 et
748 2569 1055 2650 probata
1102 2574 1228 2628 est.
1312 2563 1549 2645 Quare
1596 2575 1667 2626 te
1712 2565 1848 2627 hac
1897 2587 2026 2649 spe
2055 2559 2516 2630 fidentem⁶et
2546 2589 2684 2651 ope
2717 2568 2854 2632 Dei

305 2697 381 2740 ac
428 2688 668 2740 nostra
706 2672 1128 2736 auctoritate
1177 2680 1437 2752 tuaque
1486 2671 1749 2734 virtute
1780 2680 2125 2735 armatum
2177 2674 2348 2736 dare
2379 2675 2854 2738 omnimodam

305 2803 581 2866 operam
629 2783 953 2845 volumus
1000 2790 1079 2842 ut
1125 2799 1367 2842 eorum
1417 2777 1535 2858 qui
1569 2777 2030 2841 ministerium
2076 2782 2210 2841 hoc
2251 2800 2546 2861 pravum
2597 2793 2667 2845 et
2697 2802 2851 2863 per-

304 2891 631 2955 niciosum
679 2885 1175 2970 corrumpendi
1223 2885 1546 2968 puriores
1577 2883 1846 2947 animas
1890 2881 2252 2949 Sathanae
2286 2890 2592 2968 prebent
2621 2890 2853 2951 scelus

306 3007 504 3081 atque
552 2994 886 3079 perfidia,
950 3004 1074 3057 aut
1120 3014 1251 3077 per
1300 2992 1763 3075 penitentiam
1827 2990 2062 3054 delicti
2129 2994 2218 3054 ad
2268 2993 2638 3055 sanitatem
2690 3015 2853 3057 con-

305 3116 629 3186 vertatur,
672 3114 793 3166 aut
825 3101 1059 3185 dignis
1104 3098 1470 3182 suppliciis
1503 3098 1953 3171 cohibeatur;
2002 3098 2070 3160 in
2104 3120 2243 3180 quo
2289 3097 2851 3183 circumspectio-

306 3210 407 3274 nis
450 3224 613 3275 tuae
661 3209 967 3272 studium
1016 3218 1087 3271 et
1135 3228 1373 3270 curam
1424 3216 1493 3268 et
1536 3206 1691 3267 Deo
1742 3216 1814 3267 et
1862 3206 2066 3268 nobis
2113 3208 2435 3269 volumus
2485 3207 2847 3272 inservire.

308 3319 553 3381 Datum
602 3318 883 3381 Romae
934 3315 1049 3378 die
1099 3312 1295 3376 XXI
1344 3312 1617 3397 Aprilis
1664 3310 2066 3378 MDXXV.
2117 3312 2330 3375 Anno
2379 3315 2714 3377 secundo,

1442 3564 1497 3573 xx·
1512 3562 1773 3577 ww

1489 3830 1639 3895 201.

666 3967 984 4048 Clemens
1052 3964 1206 4045 VII.
1285 3964 1787 4066 Margarethae
1863 3963 2052 4044 arch.
2119 3964 2473 4044 Austriae.

739 4112 922 4182 (mem.
959 4112 1123 4185 epist..
1163 4111 1237 4170 ad
1271 4111 1553 4184 Principes
1588 4126 1690 4185 pez·
1726 4109 1970 4170 Sadolet.
2007 4124 2110 4169 sor.
2146 4109 2236 4169 fol.
2273 4108 2404 4182 127.)

1281 4228 1389 4298 (21.
1430 4230 1635 4295 Aprilis
1680 4227 1854 4297 1525.)

469 4384 579 4447 Ex
646 4381 945 4465 regione
994 4380 1422 4444 Hollandiae
1494 4389 1565 4443 et
1635 4381 1896 4443 circum
1967 4379 2456 4443 adiacentibus
2526 4381 2698 4443 locis
2776 4382 2847 4444 in

314 4490 547 4572 quibus
592 4503 757 4555 tuae
806 4488 1215 4553 Nobilitatis
1261 4498 1582 4571 potestas
1630 4498 1701 4551 et
1748 4488 2134 4551 auctoritas
2181 4508 2450 4550 summa
2497 4496 2633 4567 est,
2683 4508 2847 4574 quo-

311 4596 466 4662 tidie
510 4601 601 4662 ad
648 4616 779 4661 nos
827 4595 1246 4660 deferuntur
1293 4596 1626 4676 querelae
1675 4596 2020 4657 adversus
2063 4595 2483 4676 complureS,
2534 4593 2653 4676 qui
2701 4594 2851 4659 eius

313 4724 477 4786 quae
522 4725 709 4768 nunc
757 4704 1240 4767 debacchatur
1284 4704 1623 4765 hereseos
1670 4700 1970 4783 perfidia
2015 4700 2356 4782 inquinat,
2406 4710 2687 4764 vetusta
2725 4702 2850 4765 Ec-

312 4811 551 4875 clesiae
616 4816 1059 4875 sacramenta
1122 4818 1193 4872 et
1236 4808 1451 4872 fidem
1517 4808 1801 4890 synceri
1849 4811 2076 4871 cultus
2125 4807 2384 4871 Christi
2447 4828 2588 4871 non
2636 4809 2850 4872 modo

312 4918 718 5003 transgredi,
768 4919 891 4981 sed
930 4916 1167 4999 palam
1201 4915 1414 4980 etiam
1448 4916 1976 4998 reprehendere
2011 4925 2081 4978 et
2115 4936 2536 4998 oppugnare
2570 4917 2850 4997 audeat,
