3575 5775
1455 562 1950 620 <>-<“ἱ3227ῐΡ--Ω

595 714 756 777 Non
823 713 864 776 e
913 715 1130 775 molto
1179 721 1444 775 venuto
1495 731 1537 773 a
1583 713 1773 773 buon
1826 717 2049 791 punto
2116 710 2288 789 che,
2355 709 2425 770 al
2471 716 2804 790 presente
2852 711 2981 769 che

426 838 644 884 stamo
705 819 774 882 in
843 828 1094 901 questo
1143 827 1335 882 resto
1385 819 1474 880 de
1525 816 2024 898 expeditione,
2088 815 2171 878 sii
2228 825 2414 877 stato
2465 818 2701 881 levato
2766 815 2833 878 el
2880 836 2983 876 se-

422 937 707 1010 questro
756 927 828 990 in
877 929 946 989 la
994 946 1210 989 causa
1261 926 1349 988 de
1398 926 1447 987 li
1494 924 1694 987 frutti
1744 926 1834 986 de
1884 923 2201 986 Valenza
2247 924 2366 986 del
2414 922 2773 1004 Episcopo
2809 922 2979 984 Leo-

419 1033 664 1098 diense
728 1043 798 1096 et
858 1042 1198 1096 revocato
1253 1034 1330 1095 el
1379 1035 1596 1094 breve
1648 1050 1990 1094 concesso
2052 1049 2182 1112 per
2244 1030 2310 1092 el
2358 1027 2488 1092 Sm⁰
2536 1030 2799 1111 perche
2864 1029 2983 1091 nui

419 1141 799 1204 habbiamo
848 1162 891 1203 a
939 1140 1050 1202 far
1099 1142 1188 1202 de
1239 1139 1357 1219 lui,
1407 1147 1480 1202 et
1527 1159 1726 1202 come
1775 1139 1953 1200 altre
1991 1139 2181 1199 volte
2230 1136 2624 1216 hoscritto,
2675 1135 2771 1198 lui
2808 1136 2887 1198 fu
2934 1135 2983 1196 il

417 1248 646 1330 primo
709 1249 844 1311 0116
907 1246 1324 1311 commincio
1387 1267 1430 1308 a
1491 1248 1632 1308 ben
1682 1248 2045 1326 besognar
2103 1244 2174 1306 in
2224 1253 2475 1325 questo
2527 1243 2829 1324 negocio
2894 1245 2983 1304 de

417 1357 718 1435 Luther,
791 1365 862 1417 et
924 1355 960 1416 ὲ
1025 1364 1220 1418 061·ῒο
1284 1363 1356 1416 et
1419 1373 1639 1416 ancor
1698 1352 1768 1414 in
1828 1361 2079 1433 questo
2142 1361 2383 1432 tempo
2448 1352 2633 1413 dove
2697 1351 2736 1412 6
2796 1359 2983 1413 stata

415 1463 929 1544 l'importanza
977 1463 1070 1523 da
1115 1461 1237 1543 poi
1285 1463 1359 1523 el.
1399 1461 1602 1523 venir
1651 1461 1740 1521 de
1786 1460 2085 1539 Luther,
2134 1479 2211 1520 se
2261 1457 2300 1520 ὲ
2349 1467 2632 1540 portato
2684 1457 2979 1519 excelle-

416 1577 730 1636 temente
799 1578 870 1632 et
917 1589 1074 1632 cum
1125 1568 1390 1632 Cesare
1460 1576 1531 1630 et
1579 1566 1895 1629 Chevres
1963 1567 2156 1648 apud
2214 1585 2393 1647 quos
2460 1567 2685 1646 pollet
2749 1563 2983 1646 gratia

415 1687 484 1740 et
535 1677 624 1763 (si
673 1676 914 1756 vellet)
966 1673 1177 1737 etiam
1229 1673 1678 1752 auctoritate,
1725 1683 1797 1735 et
1845 1694 2002 1735 cum
2051 1672 2284 1754 questi
2331 1672 2637 1755 principi
2679 1671 2984 1734 alemani

413 1785 504 1846 de
571 1784 620 1847 li
669 1783 860 1864 quali
909 1781 1006 1844 lui
1051 1783 1146 1844 ha
1194 1780 1578 1844 benissimo
1628 1783 1696 1843 la
1745 1780 2024 1863 lingua,
2088 1783 2219 1842 che
2269 1789 2463 1842 certo
2518 1779 2690 1842 nihil
2752 1779 2983 1860 potuit

409 1892 478 1954 in
551 1911 640 1953 eo
688 1889 1122 1969 desiderari,
1187 1889 1298 1950 his
1342 1889 1765 1970 praesertim
1832 1887 2209 1970 postremis
2277 1887 2530 1949 diebus
2588 1887 2659 1949 in
2725 1887 2981 1967 quibus

409 1997 786 2061 conflictus
833 1995 967 2058 fuit
1013 2016 1200 2058 acer.
1277 1996 1591 2058 Adcedit
1640 1997 1770 2058 che
1819 1994 2151 2058 havendo
2202 1993 2297 2056 lui
2347 2004 2600 2075 quatro
2650 2015 2691 2056 o
2727 1993 2981 2074 cinque

406 2105 690 2188 grande
755 2105 1075 2186 querelle
1122 2124 1255 2185 per
1319 2103 1368 2164 li
1415 2102 1776 2184 privilegii
1841 2101 2165 2164 concessi
2228 2121 2271 2162 a
2320 2101 2557 2164 Roma
2624 2123 2666 2163 a
2730 2100 2891 2162 laici
2940 2122 2981 2162 a

413 2211 898 2294 grandissima
944 2210 1577 2285 enervatione-del
1625 2230 1752 2272 suo
1804 2209 2241 2290 episcopam,
2292 2209 2429 2270 mai
2480 2229 2568 2270 ne
2615 2209 2708 2270 ha
2738 2210 2981 2271 voluto

409 2320 522 2382 dir
582 2321 836 2403 parola
884 2338 925 2381 0
975 2317 1178 2380 farne
1241 2337 1377 2398 pur
1425 2337 1650 2398 segno
1711 2316 1780 2378 in
1832 2326 2085 2398 questa
2132 2317 2360 2396 dieta,
2433 2324 2506 2378 et
2548 2315 2698 2379 scio
2762 2316 2894 2378 che
2944 2315 2979 2377 ὲ

411 2436 602 2490 stato
663 2427 883 2488 molto
948 2425 1372 2488 extimulato.
1430 2426 1522 2486 da
1583 2424 1746 2486 altri
1810 2445 1853 2486 a
1912 2423 2116 2486 farne
2182 2422 2716 2501 lamentatione,
2790 2423 2981 2503 quod

415 2553 696 2615 semper
745 2532 978 2595 animo
1025 2535 1252 2594 verbo
1304 2541 1374 2592 et
1421 2551 1498 2592 re
1547 2529 1994 2612 apertissime
2042 2531 2418 2594 recusavit.
2508 2530 2719 2592 Unde
2768 2530 2979 2591 facile

372 2697 380 2707 .
417 2641 710 2703 inducor
756 2648 834 2701 ut
881 2641 1168 2702 credam
1217 2638 1431 2719 (quod
1470 2648 1542 2699 et
1581 2637 1735 2719 ipse
1769 2637 1937 2699 mihi
1970 2637 2415 2699 sanctissime
2444 2635 2703 2698 iuravit
2737 2637 2979 2718 saepe)

420 2750 545 2810 che
593 2749 832 2828 quella
880 2747 1200 2828 querella
1249 2754 1600 2828 concepta
1650 2746 1828 2806 altre
1860 2745 2055 2807 volte
2103 2765 2234 2826 per
2284 2764 2552 2826 porger
2588 2742 2657 2806 in
2688 2745 2757 2805 la
2787 2744 2979 2806 dieta

422 2855 506 2917 de
551 2855 883 2938 Augusta
928 2852 1005 2917 fu
1053 2852 1234 2917 satta
1281 2853 1374 2915 da
1422 2873 1514 2915 un
1563 2852 1908 2915 canonico
1959 2852 2047 2914 de
2099 2849 2626 2933 Acquisgrana‚
2678 2851 2808 2913 che
2856 2871 2980 2913 era

421 2962 488 3025 in
549 2962 742 3025 dieta
787 2982 920 3044 per
968 2981 1176 3024 nome
1238 2962 1356 3022 del
1405 2963 1598 3023 clero
1647 2960 2013 3023 leodiense
2078 2967 2324 3020 contra
2389 2956 2502 3019 chi
2564 2958 2605 3019 l'
2636 2956 2977 3039 episcopo

424 3069 508 3132 ha
551 3090 689 3132 una
739 3067 1212 3150 grandissima
1259 3067 1380 3130 lite
1433 3068 1502 3129 in
1551 3074 1742 3139 rota3
1797 3076 1867 3129 et
1916 3077 2167 3147 questo
2216 3065 2561 3129 canonico
2597 3084 2828 3127 messo
2862 3066 2978 3128 del

426 3178 606 3239 clero
669 3175 1101 3239 nominando
1176 3174 1218 3236 1’
1249 3174 1589 3256 episcopo
1655 3184 1903 3236 auctor
1964 3174 2053 3235 de
2120 3174 2218 3235 tal
2266 3173 2585 3253 querella
2642 3171 2979 3235 intendea

425 3281 528 3344 far
585 3285 723 3346 due
771 3302 978 3364 cose,
1037 3283 1274 3346 irritar
1320 3282 1364 3343 1²
1391 3281 1688 3363 imperio
1741 3290 1988 3344 contra
2038 3282 2107 3342 la
2169 3289 2365 3343 corte
2430 3280 2499 3341 di
2548 3280 2786 3342 Roma
2847 3300 2979 3361 per

427 3408 631 3454 causa
677 3390 770 3453 de
817 3391 886 3452 la
932 3410 1225 3453 reserva
1287 3398 1360 3452 et
1407 3388 1894 3470 derogationi,
1959 3398 2029 3451 et
2076 3387 2396 3450 inimicar
2445 3389 2511 3449 el
2551 3384 2679 3449 S¹¹¹⁰
2730 3395 2979 3450 contra

429 3495 468 3556 1’
497 3497 827 3580 episcopo
877 3498 966 3560 de
1015 3496 1128 3559 chi
1177 3498 1375 3559 detto
1420 3496 1764 3558 canonico
1814 3494 2109 3558 insieme
2143 3515 2299 3557 curn
2330 3497 2395 3557 el
2430 3496 2623 3557 clero
2673 3505 2744 3556 et
2776 3514 2975 3575 prae·

437 3603 654 3667 sertim
700 3606 790 3668 de
823 3603 1152 3666 LXXIII
1201 3603 1582 3687 collegiate
1631 3598 1870 3666 chiese
1920 3604 2036 3665 del
2079 3622 2297 3683 paese
2348 3602 2419 3663 di
2447 3600 2671 3683 Liege
2712 3602 2751 3663 e
2784 3622 2976 3663 acer-

442 3705 596 3772 rimo
649 3711 1084 3775 adversaria
1179 3711 1270 3773 Et
1332 3732 1410 3773 re
1459 3730 1630 3773 vera
1689 3711 1782 3773 ho
1831 3710 2062 3773 inteso
2113 3729 2243 3790 per
2289 3709 2591 3771 relation
2661 3708 2732 3769 di
2778 3708 2977 3771 molti

449 3812 560 3876 che
601 3817 774 3883 cossi
825 3818 900 3899 e,
964 3818 1054 3881 ne
1101 3839 1350 3881 manco
1401 3820 1466 3880 el
1516 3818 1861 3879 canonico
1912 3818 2328 3899 sopradetto
2392 3818 2459 3879 lo
2511 3816 2724 3897 niega
2772 3836 2975 3877 como

454 3915 724 3989 intendo.

599 4033 884 4096 Ancora
947 4054 1078 4115 per
1128 4033 1366 4114 quella
1429 4035 1686 4095 lettera
1752 4034 1885 4095 che
1932 4032 2227 4095 Erasmo
2296 4030 2549 4093 scrisse
2616 4051 2659 4092 a
2708 4028 2975 4091 Luther

453 4128 560 4191 che
611 4142 672 4201 el
721 4141 1065 4222 episcopo
1128 4141 1198 4202 10
1257 4138 1814 4221 favoreggiava,
1888 4139 2083 4202 detto
2146 4122 2487 4221 episcopo
2550 4157 2638 4198 ne
2702 4135 2741 4198 e
2789 4144 2975 4199 stato

449 4239 600 4303 cossi
645 4248 785 4309 mal
837 4255 1174 4309 contento
1226 4246 1356 4308 che
1406 4267 1546 4309 non
1596 4246 1655 4308 si
1701 4247 1822 4327 pol
1872 4246 2239 4327 acquietar
2284 4264 2492 4306 verso
2543 4244 2631 4305 de
2680 4242 2974 4331 Erasmo

436 4345 498 4397 et
537 4363 759 4435 certo,
825 4363 1092 4435 quanto
1141 4355 1211 4415 lo
1260 4354 1354 4415 ho
1401 4353 1821 4434 pratticatO,
1886 4374 2165 4434 sempre
2214 4354 2379 4414 holo
2428 4361 2709 4414 trovato
2758 4372 2977 4414 ancor

431 4440 546 4506 Che
591 4456 820 4523 libero
871 4471 944 4522 et
989 4459 1231 4522 iocoso
1281 4460 1372 4522 de
1419 4460 1702 4543 lengua,
1750 4469 1933 4523 tutta
1964 4462 2159 4523 volta
2206 4460 2452 4521 ottimo
2490 4459 2975 4521 ecclesiastico

435 4555 490 4605 et
533 4561 662 4630 che
726 4568 824 4629 ha
882 4565 1266 4630 bonificato
1329 4567 1400 4629 la
1459 4587 1587 4629 sua
1635 4567 1877 4630 chiesa
1941 4578 2011 4631 et
2058 4576 2241 4629 tutto
2304 4569 2366 4628 61
2417 4586 2545 4628 suo
2594 4568 2785 4628 clero
2848 4586 2977 4647 per

435 4666 600 4729 assai
661 4674 936 4737 miliara
983 4684 1056 4737 et
1102 4673 1377 4737 miliara
1438 4675 1526 4736 de
1575 4674 1813 4737 ducati
1862 4676 1949 4736 de
2002 4675 2293 4746 intrata;
2366 4674 2591 4755 perho
2648 4674 2973 4754 supplico

437 4756 490 4817 el
533 4770 617 4838 Sii
664 4782 1282 4845 reccommandato
1329 4781 1400 4843 in
1452 4791 1702 4863 questa
1747 4802 1876 4843 sua
1924 4802 2137 4843 causa
2168 4779 2551 4859 valentina,
2599 4779 2975 4861 presertim

443 4866 674 4953 ade850
718 4891 848 4955 che
899 4891 1200 4954 havemo
1253 4890 1340 4953 de
1389 4890 1714 4972 besogno
1747 4889 1933 4953 assai
1984 4890 2073 4953 de
2121 4887 2218 4952 lui
2256 4887 2326 4950 in
2370 4886 2694 4950 eradicar
2724 4896 2974 4967 queste

2548 4992 2655 5051 15*
