<?xml version="1.0" encoding="UTF-8"?>
<!DOCTYPE html PUBLIC "-//W3C//DTD XHTML 1.0 Transitional//EN"
    "http://www.w3.org/TR/xhtml1/DTD/xhtml1-transitional.dtd">
<html xmlns="http://www.w3.org/1999/xhtml" xml:lang="en" lang="en">
 <head>
  <title>
</title>
<meta http-equiv="Content-Type" content="text/html;charset=utf-8" />
  <meta name='ocr-system' content='tesseract 3.04.00' />
  <meta name='ocr-capabilities' content='ocr_page ocr_carea ocr_par ocr_line ocrx_word'/>
</head>
<body>
  <div class='ocr_page' id='page_1' title='image "./monumentareform02vatigoog_0039.png"; bbox 0 0 3575 5775; ppageno 0'>
   <div class='ocr_carea' id='block_1_1' title="bbox 1363 594 1785 649">
    <p class='ocr_par' dir='ltr' id='par_1_1' title="bbox 1363 594 1785 649">
     <span class='ocr_line' id='line_1_1' title="bbox 1363 594 1785 649; baseline -0.007 0"><span class='ocrx_word' id='word_1_1' title='bbox 1363 596 1479 649; x_wconf 72' lang='lat'>0·&lt;[3</span> <span class='ocrx_word' id='word_1_2' title='bbox 1556 594 1785 649; x_wconf 44' lang='lat'>3820</span> 
     </span>
    </p>
   </div>
   <div class='ocr_carea' id='block_1_2' title="bbox 314 738 2861 4890">
    <p class='ocr_par' dir='ltr' id='par_1_2' title="bbox 314 738 2861 4890">
     <span class='ocr_line' id='line_1_2' title="bbox 327 738 2849 821; baseline 0.001 -21"><span class='ocrx_word' id='word_1_3' title='bbox 327 754 500 801; x_wconf 87' lang='lat' dir='ltr'>terno</span> <span class='ocrx_word' id='word_1_4' title='bbox 545 738 800 801; x_wconf 87' lang='lat' dir='ltr'>affectu</span> <span class='ocrx_word' id='word_1_5' title='bbox 848 738 916 801; x_wconf 91' lang='lat' dir='ltr'>in</span> <span class='ocrx_word' id='word_1_6' title='bbox 945 739 1250 802; x_wconf 84' lang='lat' dir='ltr'>Domino</span> <span class='ocrx_word' id='word_1_7' title='bbox 1300 742 1684 819; x_wconf 84' lang='lat' dir='ltr'>hortanteS,</span> <span class='ocrx_word' id='word_1_8' title='bbox 1738 752 1812 804; x_wconf 91' lang='lat' dir='ltr'>ut</span> <span class='ocrx_word' id='word_1_9' title='bbox 1862 740 2601 803; x_wconf 80' lang='lat' dir='ltr'>christlanissimorum</span> <span class='ocrx_word' id='word_1_10' title='bbox 2650 761 2849 821; x_wconf 88' lang='lat' dir='ltr'>prae-</span> 
     </span>
     <span class='ocr_line' id='line_1_3' title="bbox 326 847 2851 929; baseline 0.002 -23"><span class='ocrx_word' id='word_1_11' title='bbox 326 848 738 909; x_wconf 87' lang='lat' dir='ltr'>decessorum</span> <span class='ocrx_word' id='word_1_12' title='bbox 775 866 1060 909; x_wconf 88' lang='lat' dir='ltr'>suorum</span> <span class='ocrx_word' id='word_1_13' title='bbox 1093 848 1445 927; x_wconf 88' lang='lat' dir='ltr'>virtutem,</span> <span class='ocrx_word' id='word_1_14' title='bbox 1495 869 1703 929; x_wconf 90' lang='lat' dir='ltr'>quam</span> <span class='ocrx_word' id='word_1_15' title='bbox 1741 868 2021 929; x_wconf 83' lang='lat' dir='ltr'><strong>semper</strong></span> <span class='ocrx_word' id='word_1_16' title='bbox 2068 847 2340 920; x_wconf 85' lang='lat' dir='ltr'>imitata</span> <span class='ocrx_word' id='word_1_17' title='bbox 2390 858 2516 925; x_wconf 90' lang='lat' dir='ltr'>est,</span> <span class='ocrx_word' id='word_1_18' title='bbox 2565 849 2851 911; x_wconf 89' lang='lat' dir='ltr'>nuncin</span> 
     </span>
     <span class='ocr_line' id='line_1_4' title="bbox 327 954 2853 1038; baseline 0 -23"><span class='ocrx_word' id='word_1_19' title='bbox 327 957 436 1015; x_wconf 88' lang='lat' dir='ltr'>hoc</span> <span class='ocrx_word' id='word_1_20' title='bbox 497 974 710 1035; x_wconf 89' lang='lat' dir='ltr'>opere</span> <span class='ocrx_word' id='word_1_21' title='bbox 775 954 1080 1017; x_wconf 82' lang='lat' dir='ltr'>maxime</span> <span class='ocrx_word' id='word_1_22' title='bbox 1130 954 1532 1017; x_wconf 87' lang='lat' dir='ltr'>Christiano</span> <span class='ocrx_word' id='word_1_23' title='bbox 1583 964 2151 1038; x_wconf 76' lang='lat' dir='ltr'>repraesentanS‚</span> <span class='ocrx_word' id='word_1_24' title='bbox 2200 954 2512 1035; x_wconf 87' lang='lat' dir='ltr'>fideique</span> <span class='ocrx_word' id='word_1_25' title='bbox 2564 975 2735 1017; x_wconf 89' lang='lat' dir='ltr'>suae</span> <span class='ocrx_word' id='word_1_26' title='bbox 2784 964 2853 1015; x_wconf 87' lang='lat' dir='ltr'>et</span> 
     </span>
     <span class='ocr_line' id='line_1_5' title="bbox 325 1060 2851 1143; baseline 0 -21"><span class='ocrx_word' id='word_1_27' title='bbox 325 1060 613 1140; x_wconf 87' lang='lat' dir='ltr'>promissi</span> <span class='ocrx_word' id='word_1_28' title='bbox 663 1082 948 1139; x_wconf 87' lang='lat' dir='ltr'>memor,</span> <span class='ocrx_word' id='word_1_29' title='bbox 991 1060 1284 1142; x_wconf 83' lang='lat' dir='ltr'>rejicere</span> <span class='ocrx_word' id='word_1_30' title='bbox 1324 1082 1366 1123; x_wconf 93' lang='lat' dir='ltr'>a</span> <span class='ocrx_word' id='word_1_31' title='bbox 1395 1083 1551 1124; x_wconf 91' lang='lat' dir='ltr'>sese</span> <span class='ocrx_word' id='word_1_32' title='bbox 1603 1074 1675 1124; x_wconf 84' lang='lat' dir='ltr'>et</span> <span class='ocrx_word' id='word_1_33' title='bbox 1716 1084 1758 1124; x_wconf 94' lang='lat' dir='ltr'>a</span> <span class='ocrx_word' id='word_1_34' title='bbox 1789 1082 1917 1125; x_wconf 88' lang='lat' dir='ltr'>sua</span> <span class='ocrx_word' id='word_1_35' title='bbox 1965 1062 2197 1142; x_wconf 83' lang='lat' dir='ltr'>gratia</span> <span class='ocrx_word' id='word_1_36' title='bbox 2246 1062 2407 1141; x_wconf 90' lang='lat' dir='ltr'>(nisi</span> <span class='ocrx_word' id='word_1_37' title='bbox 2456 1061 2851 1143; x_wconf 82' lang='lat' dir='ltr'>resipiscat,</span> 
     </span>
     <span class='ocr_line' id='line_1_6' title="bbox 327 1152 2854 1251; baseline 0.002 -24"><span class='ocrx_word' id='word_1_38' title='bbox 327 1180 382 1229; x_wconf 84' lang='lat' dir='ltr'>et</span> <span class='ocrx_word' id='word_1_39' title='bbox 420 1170 502 1229; x_wconf 86' lang='lat' dir='ltr'>ad</span> <span class='ocrx_word' id='word_1_40' title='bbox 536 1188 655 1231; x_wconf 90' lang='lat' dir='ltr'>cor</span> <span class='ocrx_word' id='word_1_41' title='bbox 701 1152 951 1230; x_wconf 78' lang='lat' dir='ltr'>redeat</span> <span class='ocrx_word' id='word_1_42' title='bbox 993 1167 1432 1248; x_wconf 85' lang='lat' dir='ltr'>humilitatis)</span> <span class='ocrx_word' id='word_1_43' title='bbox 1485 1190 1780 1250; x_wconf 84' lang='lat' dir='ltr'>pravum</span> <span class='ocrx_word' id='word_1_44' title='bbox 1832 1170 2207 1247; x_wconf 88' lang='lat' dir='ltr'>hominem,</span> <span class='ocrx_word' id='word_1_45' title='bbox 2262 1181 2333 1230; x_wconf 92' lang='lat' dir='ltr'>et</span> <span class='ocrx_word' id='word_1_46' title='bbox 2380 1168 2854 1251; x_wconf 88' lang='lat' dir='ltr'>perniciosum</span> 
     </span>
     <span class='ocr_line' id='line_1_7' title="bbox 323 1274 2852 1358; baseline 0 -21"><span class='ocrx_word' id='word_1_47' title='bbox 323 1279 676 1339; x_wconf 83' lang='lat' dir='ltr'>membrum</span> <span class='ocrx_word' id='word_1_48' title='bbox 727 1295 865 1337; x_wconf 91' lang='lat' dir='ltr'>non</span> <span class='ocrx_word' id='word_1_49' title='bbox 906 1276 1048 1355; x_wconf 89' lang='lat' dir='ltr'>jam</span> <span class='ocrx_word' id='word_1_50' title='bbox 1096 1274 1355 1337; x_wconf 86' lang='lat' dir='ltr'><strong>Christi</strong></span> <span class='ocrx_word' id='word_1_51' title='bbox 1419 1277 1544 1337; x_wconf 91' lang='lat' dir='ltr'>sed</span> <span class='ocrx_word' id='word_1_52' title='bbox 1595 1274 1957 1339; x_wconf 84' lang='lat' dir='ltr'>Sathanae</span> <span class='ocrx_word' id='word_1_53' title='bbox 2022 1296 2165 1338; x_wconf 89' lang='lat' dir='ltr'>non</span> <span class='ocrx_word' id='word_1_54' title='bbox 2229 1286 2645 1358; x_wconf 87' lang='lat' dir='ltr'>postponat,</span> <span class='ocrx_word' id='word_1_55' title='bbox 2714 1276 2852 1337; x_wconf 87' lang='lat' dir='ltr'>dic-</span> 
     </span>
     <span class='ocr_line' id='line_1_8' title="bbox 321 1382 2856 1465; baseline 0.001 -23"><span class='ocrx_word' id='word_1_56' title='bbox 321 1393 538 1463; x_wconf 86' lang='lat' dir='ltr'>tasque</span> <span class='ocrx_word' id='word_1_57' title='bbox 586 1392 866 1444; x_wconf 89' lang='lat' dir='ltr'>nostras</span> <span class='ocrx_word' id='word_1_58' title='bbox 915 1382 1186 1444; x_wconf 85' lang='lat' dir='ltr'>litteras</span> <span class='ocrx_word' id='word_1_59' title='bbox 1234 1382 1696 1463; x_wconf 84' lang='lat' dir='ltr'>promulgari,</span> <span class='ocrx_word' id='word_1_60' title='bbox 1749 1392 1819 1444; x_wconf 91' lang='lat' dir='ltr'>et</span> <span class='ocrx_word' id='word_1_61' title='bbox 1868 1383 2104 1445; x_wconf 89' lang='lat' dir='ltr'>omnia</span> <span class='ocrx_word' id='word_1_62' title='bbox 2150 1383 2221 1443; x_wconf 90' lang='lat' dir='ltr'>in</span> <span class='ocrx_word' id='word_1_63' title='bbox 2272 1383 2373 1445; x_wconf 90' lang='lat' dir='ltr'>eis</span> <span class='ocrx_word' id='word_1_64' title='bbox 2411 1382 2856 1465; x_wconf 86' lang='lat' dir='ltr'>praescripta</span> 
     </span>
     <span class='ocr_line' id='line_1_9' title="bbox 321 1488 2851 1570; baseline 0.001 -21"><span class='ocrx_word' id='word_1_65' title='bbox 321 1489 536 1551; x_wconf 83' lang='lat' dir='ltr'>ordine</span> <span class='ocrx_word' id='word_1_66' title='bbox 603 1489 844 1551; x_wconf 90' lang='lat' dir='ltr'>debito</span> <span class='ocrx_word' id='word_1_67' title='bbox 912 1488 1194 1570; x_wconf 87' lang='lat' dir='ltr'>perfici,</span> <span class='ocrx_word' id='word_1_68' title='bbox 1263 1500 1338 1550; x_wconf 93' lang='lat' dir='ltr'>ut</span> <span class='ocrx_word' id='word_1_69' title='bbox 1397 1490 1634 1551; x_wconf 89' lang='lat' dir='ltr'>oriens</span> <span class='ocrx_word' id='word_1_70' title='bbox 1701 1490 1839 1551; x_wconf 88' lang='lat' dir='ltr'>hoc</span> <span class='ocrx_word' id='word_1_71' title='bbox 1904 1489 2307 1551; x_wconf 83' lang='lat' dir='ltr'>incendium</span> <span class='ocrx_word' id='word_1_72' title='bbox 2374 1488 2851 1570; x_wconf 81' lang='lat' dir='ltr'>extinguatur,</span> 
     </span>
     <span class='ocr_line' id='line_1_10' title="bbox 319 1595 2853 1676; baseline -0 -19"><span class='ocrx_word' id='word_1_73' title='bbox 319 1598 594 1659; x_wconf 87' lang='lat' dir='ltr'>adiuvet.</span> <span class='ocrx_word' id='word_1_74' title='bbox 657 1595 858 1657; x_wconf 88' lang='lat' dir='ltr'>Haec</span> <span class='ocrx_word' id='word_1_75' title='bbox 895 1596 1080 1658; x_wconf 88' lang='lat' dir='ltr'>enim</span> <span class='ocrx_word' id='word_1_76' title='bbox 1129 1596 1248 1658; x_wconf 86' lang='lat' dir='ltr'>illa</span> <span class='ocrx_word' id='word_1_77' title='bbox 1297 1608 1404 1658; x_wconf 86' lang='lat' dir='ltr'>est</span> <span class='ocrx_word' id='word_1_78' title='bbox 1452 1596 1754 1658; x_wconf 88' lang='lat' dir='ltr'>hominis</span> <span class='ocrx_word' id='word_1_79' title='bbox 1803 1598 2007 1676; x_wconf 86' lang='lat' dir='ltr'>hujus</span> <span class='ocrx_word' id='word_1_80' title='bbox 2055 1606 2126 1659; x_wconf 89' lang='lat' dir='ltr'>et</span> <span class='ocrx_word' id='word_1_81' title='bbox 2174 1596 2487 1676; x_wconf 87' lang='lat' dir='ltr'>ejusdem</span> <span class='ocrx_word' id='word_1_82' title='bbox 2538 1615 2853 1658; x_wconf 90' lang='lat' dir='ltr'>errorum</span> 
     </span>
     <span class='ocr_line' id='line_1_11' title="bbox 319 1702 2853 1784; baseline -0.001 -19"><span class='ocrx_word' id='word_1_83' title='bbox 319 1724 426 1784; x_wconf 89' lang='lat' dir='ltr'>per</span> <span class='ocrx_word' id='word_1_84' title='bbox 469 1702 718 1766; x_wconf 87' lang='lat' dir='ltr'>Sedem</span> <span class='ocrx_word' id='word_1_85' title='bbox 771 1703 1262 1783; x_wconf 88' lang='lat' dir='ltr'>Apostolicam</span> <span class='ocrx_word' id='word_1_86' title='bbox 1309 1704 1382 1765; x_wconf 91' lang='lat' dir='ltr'>in</span> <span class='ocrx_word' id='word_1_87' title='bbox 1421 1702 1794 1765; x_wconf 87' lang='lat' dir='ltr'>Catholico</span> <span class='ocrx_word' id='word_1_88' title='bbox 1844 1702 2429 1783; x_wconf 86' lang='lat' dir='ltr'>peritissimorum</span> <span class='ocrx_word' id='word_1_89' title='bbox 2475 1713 2853 1779; x_wconf 89' lang='lat' dir='ltr'>conventu,</span> 
     </span>
     <span class='ocr_line' id='line_1_12' title="bbox 319 1809 2854 1891; baseline 0.001 -22"><span class='ocrx_word' id='word_1_90' title='bbox 319 1811 556 1891; x_wconf 69' lang='lat' dir='ltr'>Spiritu</span> <span class='ocrx_word' id='word_1_91' title='bbox 590 1809 856 1873; x_wconf 84' lang='lat' dir='ltr'>Sancto</span> <span class='ocrx_word' id='word_1_92' title='bbox 893 1820 1283 1889; x_wconf 88' lang='lat' dir='ltr'>praeeunte</span> <span class='ocrx_word' id='word_1_93' title='bbox 1315 1810 1434 1890; x_wconf 92' lang='lat' dir='ltr'>qui</span> <span class='ocrx_word' id='word_1_94' title='bbox 1483 1810 1551 1872; x_wconf 90' lang='lat' dir='ltr'>in</span> <span class='ocrx_word' id='word_1_95' title='bbox 1601 1810 2001 1873; x_wconf 86' lang='lat' dir='ltr'>huiusmodi</span> <span class='ocrx_word' id='word_1_96' title='bbox 2052 1810 2283 1873; x_wconf 89' lang='lat' dir='ltr'>causis</span> <span class='ocrx_word' id='word_1_97' title='bbox 2331 1809 2492 1872; x_wconf 90' lang='lat' dir='ltr'>huic</span> <span class='ocrx_word' id='word_1_98' title='bbox 2546 1810 2854 1873; x_wconf 76' lang='lat' dir='ltr'>Sanctae</span> 
     </span>
     <span class='ocr_line' id='line_1_13' title="bbox 319 1917 2854 1999; baseline -0 -21"><span class='ocrx_word' id='word_1_99' title='bbox 319 1918 464 1979; x_wconf 71' lang='lat' dir='ltr'>sedi</span> <span class='ocrx_word' id='word_1_100' title='bbox 510 1938 864 1998; x_wconf 90' lang='lat' dir='ltr'>nunquam</span> <span class='ocrx_word' id='word_1_101' title='bbox 913 1917 1173 1997; x_wconf 83' lang='lat' dir='ltr'>abfuit,</span> <span class='ocrx_word' id='word_1_102' title='bbox 1221 1917 1414 1979; x_wconf 87' lang='lat' dir='ltr'>facta</span> <span class='ocrx_word' id='word_1_103' title='bbox 1462 1917 1897 1999; x_wconf 85' lang='lat' dir='ltr'>reprobatiO,</span> <span class='ocrx_word' id='word_1_104' title='bbox 1948 1937 2157 1997; x_wconf 86' lang='lat' dir='ltr'>quam</span> <span class='ocrx_word' id='word_1_105' title='bbox 2207 1929 2277 1979; x_wconf 92' lang='lat' dir='ltr'>te</span> <span class='ocrx_word' id='word_1_106' title='bbox 2328 1926 2715 1998; x_wconf 80' lang='lat' dir='ltr'>expectare</span> <span class='ocrx_word' id='word_1_107' title='bbox 2758 1917 2854 1978; x_wconf 90' lang='lat' dir='ltr'>di-</span> 
     </span>
     <span class='ocr_line' id='line_1_14' title="bbox 319 2023 2859 2105; baseline -0 -20"><span class='ocrx_word' id='word_1_108' title='bbox 319 2023 499 2095; x_wconf 79' lang='lat' dir='ltr'>xisti:</span> <span class='ocrx_word' id='word_1_109' title='bbox 549 2046 732 2105; x_wconf 88' lang='lat' dir='ltr'>quae</span> <span class='ocrx_word' id='word_1_110' title='bbox 781 2033 1020 2087; x_wconf 89' lang='lat' dir='ltr'>tamen</span> <span class='ocrx_word' id='word_1_111' title='bbox 1069 2033 1449 2105; x_wconf 84' lang='lat' dir='ltr'>antequam</span> <span class='ocrx_word' id='word_1_112' title='bbox 1499 2024 1736 2103; x_wconf 86' lang='lat' dir='ltr'>fieret,</span> <span class='ocrx_word' id='word_1_113' title='bbox 1786 2023 2075 2105; x_wconf 88' lang='lat' dir='ltr'>potuisti</span> <span class='ocrx_word' id='word_1_114' title='bbox 2128 2043 2259 2105; x_wconf 90' lang='lat' dir='ltr'>pro</span> <span class='ocrx_word' id='word_1_115' title='bbox 2309 2036 2428 2085; x_wconf 89' lang='lat' dir='ltr'>tua</span> <span class='ocrx_word' id='word_1_116' title='bbox 2478 2024 2859 2105; x_wconf 88' lang='lat' dir='ltr'>prudentia</span> 
     </span>
     <span class='ocr_line' id='line_1_15' title="bbox 314 2130 2857 2212; baseline -0 -20"><span class='ocrx_word' id='word_1_117' title='bbox 314 2133 850 2194; x_wconf 78' lang='lat' dir='ltr'>animadvertere</span> <span class='ocrx_word' id='word_1_118' title='bbox 913 2150 1094 2211; x_wconf 88' lang='lat' dir='ltr'>quae</span> <span class='ocrx_word' id='word_1_119' title='bbox 1155 2141 1344 2193; x_wconf 88' lang='lat' dir='ltr'>esset</span> <span class='ocrx_word' id='word_1_120' title='bbox 1393 2130 1678 2194; x_wconf 89' lang='lat' dir='ltr'>Martini</span> <span class='ocrx_word' id='word_1_121' title='bbox 1728 2130 2021 2194; x_wconf 88' lang='lat' dir='ltr'>Lutheri</span> <span class='ocrx_word' id='word_1_122' title='bbox 2070 2150 2301 2209; x_wconf 86' lang='lat' dir='ltr'>menS‚</span> <span class='ocrx_word' id='word_1_123' title='bbox 2370 2150 2581 2212; x_wconf 88' lang='lat' dir='ltr'>quam</span> <span class='ocrx_word' id='word_1_124' title='bbox 2642 2130 2857 2211; x_wconf 91' lang='lat' dir='ltr'>impia</span> 
     </span>
     <span class='ocr_line' id='line_1_16' title="bbox 316 2236 2853 2320; baseline 0 -22"><span class='ocrx_word' id='word_1_125' title='bbox 316 2239 654 2320; x_wconf 83' lang='lat' dir='ltr'>cogitatio:</span> <span class='ocrx_word' id='word_1_126' title='bbox 731 2238 850 2319; x_wconf 92' lang='lat' dir='ltr'>qui</span> <span class='ocrx_word' id='word_1_127' title='bbox 899 2238 1198 2318; x_wconf 89' lang='lat' dir='ltr'>primum</span> <span class='ocrx_word' id='word_1_128' title='bbox 1248 2239 1412 2299; x_wconf 92' lang='lat' dir='ltr'>dum</span> <span class='ocrx_word' id='word_1_129' title='bbox 1463 2238 1836 2299; x_wconf 89' lang='lat' dir='ltr'>damnatas</span> <span class='ocrx_word' id='word_1_130' title='bbox 1883 2236 2144 2299; x_wconf 85' lang='lat' dir='ltr'>iamdiu</span> <span class='ocrx_word' id='word_1_131' title='bbox 2194 2256 2323 2317; x_wconf 88' lang='lat' dir='ltr'>per</span> <span class='ocrx_word' id='word_1_132' title='bbox 2379 2237 2853 2300; x_wconf 87' lang='lat' dir='ltr'>universalem</span> 
     </span>
     <span class='ocr_line' id='line_1_17' title="bbox 316 2344 2857 2422; baseline 0.001 -20"><span class='ocrx_word' id='word_1_133' title='bbox 316 2346 657 2409; x_wconf 63' lang='lat' dir='ltr'>ecclesiam</span> <span class='ocrx_word' id='word_1_134' title='bbox 707 2345 1226 2422; x_wconf 84' lang='lat' dir='ltr'>Waldensium,</span> <span class='ocrx_word' id='word_1_135' title='bbox 1276 2345 1821 2409; x_wconf 87' lang='lat' dir='ltr'>Hussitanorum</span> <span class='ocrx_word' id='word_1_136' title='bbox 1872 2353 1948 2407; x_wconf 86' lang='lat' dir='ltr'>-et</span> <span class='ocrx_word' id='word_1_137' title='bbox 1996 2344 2471 2407; x_wconf 89' lang='lat' dir='ltr'>Bohemorum</span> <span class='ocrx_word' id='word_1_138' title='bbox 2520 2346 2857 2407; x_wconf 88' lang='lat' dir='ltr'>haereses</span> 
     </span>
     <span class='ocr_line' id='line_1_18' title="bbox 315 2450 2855 2534; baseline -0 -21"><span class='ocrx_word' id='word_1_139' title='bbox 315 2473 634 2517; x_wconf 85' lang='lat' dir='ltr'>renovare</span> <span class='ocrx_word' id='word_1_140' title='bbox 683 2465 897 2534; x_wconf 89' lang='lat' dir='ltr'>atque</span> <span class='ocrx_word' id='word_1_141' title='bbox 947 2452 1346 2515; x_wconf 86' lang='lat' dir='ltr'>instaurare</span> <span class='ocrx_word' id='word_1_142' title='bbox 1395 2452 1659 2531; x_wconf 80' lang='lat' dir='ltr'>nititur,</span> <span class='ocrx_word' id='word_1_143' title='bbox 1709 2473 1786 2515; x_wconf 88' lang='lat' dir='ltr'>se</span> <span class='ocrx_word' id='word_1_144' title='bbox 1836 2451 2065 2534; x_wconf 91' lang='lat' dir='ltr'>ipsum</span> <span class='ocrx_word' id='word_1_145' title='bbox 2114 2452 2424 2514; x_wconf 87' lang='lat' dir='ltr'>ostendit</span> <span class='ocrx_word' id='word_1_146' title='bbox 2470 2452 2701 2533; x_wconf 84' lang='lat' dir='ltr'>qualis</span> <span class='ocrx_word' id='word_1_147' title='bbox 2735 2450 2855 2523; x_wconf 90' lang='lat' dir='ltr'>sit;</span> 
     </span>
     <span class='ocr_line' id='line_1_19' title="bbox 315 2558 2853 2641; baseline 0 -23"><span class='ocrx_word' id='word_1_148' title='bbox 315 2560 546 2623; x_wconf 80' lang='lat' dir='ltr'>deinde</span> <span class='ocrx_word' id='word_1_149' title='bbox 589 2582 746 2623; x_wconf 90' lang='lat' dir='ltr'>cum</span> <span class='ocrx_word' id='word_1_150' title='bbox 781 2560 1031 2622; x_wconf 90' lang='lat' dir='ltr'>Turcis</span> <span class='ocrx_word' id='word_1_151' title='bbox 1066 2559 1520 2641; x_wconf 84' lang='lat' dir='ltr'>suffragatur,</span> <span class='ocrx_word' id='word_1_152' title='bbox 1569 2580 1724 2621; x_wconf 88' lang='lat' dir='ltr'>cum</span> <span class='ocrx_word' id='word_1_153' title='bbox 1773 2579 2043 2641; x_wconf 90' lang='lat' dir='ltr'>poenas</span> <span class='ocrx_word' id='word_1_154' title='bbox 2093 2570 2164 2621; x_wconf 91' lang='lat' dir='ltr'>et</span> <span class='ocrx_word' id='word_1_155' title='bbox 2212 2558 2561 2640; x_wconf 88' lang='lat' dir='ltr'>supplicia</span> <span class='ocrx_word' id='word_1_156' title='bbox 2610 2560 2853 2621; x_wconf 90' lang='lat' dir='ltr'>haere-</span> 
     </span>
     <span class='ocr_line' id='line_1_20' title="bbox 315 2665 2858 2751; baseline -0 -25"><span class='ocrx_word' id='word_1_157' title='bbox 315 2668 582 2731; x_wconf 88' lang='lat' dir='ltr'>ticorum</span> <span class='ocrx_word' id='word_1_158' title='bbox 647 2669 1010 2751; x_wconf 82' lang='lat' dir='ltr'>deplorat,</span> <span class='ocrx_word' id='word_1_159' title='bbox 1073 2665 1286 2729; x_wconf 90' lang='lat' dir='ltr'>fidem</span> <span class='ocrx_word' id='word_1_160' title='bbox 1349 2668 1786 2729; x_wconf 81' lang='lat' dir='ltr'>demonstrat</span> <span class='ocrx_word' id='word_1_161' title='bbox 1837 2687 1915 2729; x_wconf 91' lang='lat' dir='ltr'>se</span> <span class='ocrx_word' id='word_1_162' title='bbox 1963 2684 2225 2747; x_wconf 90' lang='lat' dir='ltr'>cupere</span> <span class='ocrx_word' id='word_1_163' title='bbox 2277 2676 2349 2728; x_wconf 89' lang='lat' dir='ltr'>et</span> <span class='ocrx_word' id='word_1_164' title='bbox 2395 2668 2487 2729; x_wconf 89' lang='lat' dir='ltr'>ab</span> <span class='ocrx_word' id='word_1_165' title='bbox 2540 2666 2858 2735; x_wconf 78' lang='lat' dir='ltr'>externis</span> 
     </span>
     <span class='ocr_line' id='line_1_21' title="bbox 315 2772 2854 2837; baseline 0 -4"><span class='ocrx_word' id='word_1_166' title='bbox 315 2782 376 2833; x_wconf 88' lang='lat' dir='ltr'>et</span> <span class='ocrx_word' id='word_1_167' title='bbox 416 2777 500 2836; x_wconf 87' lang='lat' dir='ltr'>ab</span> <span class='ocrx_word' id='word_1_168' title='bbox 546 2774 897 2837; x_wconf 83' lang='lat' dir='ltr'>intestinis</span> <span class='ocrx_word' id='word_1_169' title='bbox 945 2774 1268 2836; x_wconf 86' lang='lat' dir='ltr'>hostibus</span> <span class='ocrx_word' id='word_1_170' title='bbox 1319 2773 1774 2835; x_wconf 79' lang='lat' dir='ltr'>exterminari</span> <span class='ocrx_word' id='word_1_171' title='bbox 1826 2774 2269 2837; x_wconf 88' lang='lat' dir='ltr'>catholicam.</span> <span class='ocrx_word' id='word_1_172' title='bbox 2364 2774 2739 2835; x_wconf 88' lang='lat' dir='ltr'>Postremo</span> <span class='ocrx_word' id='word_1_173' title='bbox 2786 2772 2854 2833; x_wconf 91' lang='lat' dir='ltr'>in</span> 
     </span>
     <span class='ocr_line' id='line_1_22' title="bbox 315 2880 2855 2964; baseline 0.001 -25"><span class='ocrx_word' id='word_1_174' title='bbox 315 2894 435 2942; x_wconf 86' lang='lat' dir='ltr'>tam</span> <span class='ocrx_word' id='word_1_175' title='bbox 485 2881 820 2946; x_wconf 87' lang='lat' dir='ltr'>effrenem</span> <span class='ocrx_word' id='word_1_176' title='bbox 869 2881 1277 2964; x_wconf 87' lang='lat' dir='ltr'>superbiam</span> <span class='ocrx_word' id='word_1_177' title='bbox 1328 2893 1436 2944; x_wconf 91' lang='lat' dir='ltr'>est</span> <span class='ocrx_word' id='word_1_178' title='bbox 1485 2883 1711 2944; x_wconf 88' lang='lat' dir='ltr'>elatus</span> <span class='ocrx_word' id='word_1_179' title='bbox 1762 2892 1838 2943; x_wconf 91' lang='lat' dir='ltr'>ut</span> <span class='ocrx_word' id='word_1_180' title='bbox 1868 2903 2067 2944; x_wconf 88' lang='lat' dir='ltr'>suam</span> <span class='ocrx_word' id='word_1_181' title='bbox 2106 2880 2309 2943; x_wconf 87' lang='lat' dir='ltr'>unius</span> <span class='ocrx_word' id='word_1_182' title='bbox 2340 2881 2855 2958; x_wconf 87' lang='lat' dir='ltr'>auctoritatem,</span> 
     </span>
     <span class='ocr_line' id='line_1_23' title="bbox 315 2988 2857 3071; baseline 0.001 -25"><span class='ocrx_word' id='word_1_183' title='bbox 315 3007 486 3051; x_wconf 84' lang='lat' dir='ltr'>suam</span> <span class='ocrx_word' id='word_1_184' title='bbox 545 2990 1003 3067; x_wconf 88' lang='lat' dir='ltr'>sententiam,</span> <span class='ocrx_word' id='word_1_185' title='bbox 1073 3009 1273 3051; x_wconf 90' lang='lat' dir='ltr'>suum</span> <span class='ocrx_word' id='word_1_186' title='bbox 1335 2989 1406 3051; x_wconf 91' lang='lat' dir='ltr'>in</span> <span class='ocrx_word' id='word_1_187' title='bbox 1474 2990 1845 3071; x_wconf 88' lang='lat' dir='ltr'>seripturis</span> <span class='ocrx_word' id='word_1_188' title='bbox 1907 2989 2341 3052; x_wconf 89' lang='lat' dir='ltr'>intellectum</span> <span class='ocrx_word' id='word_1_189' title='bbox 2406 2988 2732 3050; x_wconf 90' lang='lat' dir='ltr'>omnibus</span> <span class='ocrx_word' id='word_1_190' title='bbox 2782 3007 2857 3048; x_wconf 87' lang='lat' dir='ltr'>se</span> 
     </span>
     <span class='ocr_line' id='line_1_24' title="bbox 315 3095 2860 3179; baseline 0.001 -25"><span class='ocrx_word' id='word_1_191' title='bbox 315 3098 758 3160; x_wconf 82' lang='lat' dir='ltr'>antelaturum</span> <span class='ocrx_word' id='word_1_192' title='bbox 807 3098 1178 3179; x_wconf 88' lang='lat' dir='ltr'>praedicet</span> <span class='ocrx_word' id='word_1_193' title='bbox 1211 3107 1282 3158; x_wconf 88' lang='lat' dir='ltr'>et</span> <span class='ocrx_word' id='word_1_194' title='bbox 1331 3097 1867 3159; x_wconf 85' lang='lat' dir='ltr'>universitatum</span> <span class='ocrx_word' id='word_1_195' title='bbox 1920 3107 1990 3159; x_wconf 92' lang='lat' dir='ltr'>et</span> <span class='ocrx_word' id='word_1_196' title='bbox 2038 3105 2439 3158; x_wconf 89' lang='lat' dir='ltr'>sanctorum</span> <span class='ocrx_word' id='word_1_197' title='bbox 2492 3095 2860 3157; x_wconf 87' lang='lat' dir='ltr'>doctorum</span> 
     </span>
     <span class='ocr_line' id='line_1_25' title="bbox 315 3200 2855 3268; baseline 0.001 -8"><span class='ocrx_word' id='word_1_198' title='bbox 315 3211 374 3262; x_wconf 89' lang='lat' dir='ltr'>et</span> <span class='ocrx_word' id='word_1_199' title='bbox 429 3205 1035 3268; x_wconf 88' lang='lat' dir='ltr'>oecumenicorum</span> <span class='ocrx_word' id='word_1_200' title='bbox 1097 3204 1552 3266; x_wconf 89' lang='lat' dir='ltr'>conciliorum</span> <span class='ocrx_word' id='word_1_201' title='bbox 1613 3214 1682 3266; x_wconf 90' lang='lat' dir='ltr'>et</span> <span class='ocrx_word' id='word_1_202' title='bbox 1731 3204 2220 3267; x_wconf 85' lang='lat' dir='ltr'>Romanorum</span> <span class='ocrx_word' id='word_1_203' title='bbox 2272 3200 2691 3264; x_wconf 87' lang='lat' dir='ltr'>Pontificum</span> <span class='ocrx_word' id='word_1_204' title='bbox 2742 3201 2855 3262; x_wconf 90' lang='lat' dir='ltr'>de-</span> 
     </span>
     <span class='ocr_line' id='line_1_26' title="bbox 315 3309 2860 3392; baseline 0.001 -24"><span class='ocrx_word' id='word_1_205' title='bbox 315 3311 520 3390; x_wconf 83' lang='lat' dir='ltr'>cretis,</span> <span class='ocrx_word' id='word_1_206' title='bbox 589 3322 840 3374; x_wconf 86' lang='lat' dir='ltr'>contra</span> <span class='ocrx_word' id='word_1_207' title='bbox 900 3310 1416 3392; x_wconf 84' lang='lat' dir='ltr'>professionem</span> <span class='ocrx_word' id='word_1_208' title='bbox 1475 3310 1887 3372; x_wconf 84' lang='lat' dir='ltr'>humilitatis</span> <span class='ocrx_word' id='word_1_209' title='bbox 1946 3331 2155 3391; x_wconf 89' lang='lat' dir='ltr'>quam</span> <span class='ocrx_word' id='word_1_210' title='bbox 2206 3309 2435 3372; x_wconf 90' lang='lat' dir='ltr'>emisit</span> <span class='ocrx_word' id='word_1_211' title='bbox 2482 3318 2552 3371; x_wconf 88' lang='lat' dir='ltr'>et</span> <span class='ocrx_word' id='word_1_212' title='bbox 2612 3319 2860 3371; x_wconf 88' lang='lat' dir='ltr'>contra</span> 
     </span>
     <span class='ocr_line' id='line_1_27' title="bbox 315 3414 2861 3498; baseline 0.001 -24"><span class='ocrx_word' id='word_1_213' title='bbox 315 3416 448 3479; x_wconf 79' lang='lat' dir='ltr'>eius</span> <span class='ocrx_word' id='word_1_214' title='bbox 491 3419 874 3482; x_wconf 86' lang='lat' dir='ltr'>beatissimi</span> <span class='ocrx_word' id='word_1_215' title='bbox 924 3419 1057 3482; x_wconf 87' lang='lat' dir='ltr'>viri</span> <span class='ocrx_word' id='word_1_216' title='bbox 1107 3419 1602 3482; x_wconf 88' lang='lat' dir='ltr'>auctoritatem</span> <span class='ocrx_word' id='word_1_217' title='bbox 1653 3419 1851 3481; x_wconf 91' lang='lat' dir='ltr'>cuius</span> <span class='ocrx_word' id='word_1_218' title='bbox 1895 3439 2151 3481; x_wconf 88' lang='lat' dir='ltr'>nomen</span> <span class='ocrx_word' id='word_1_219' title='bbox 2188 3417 2525 3498; x_wconf 87' lang='lat' dir='ltr'>praefert,</span> <span class='ocrx_word' id='word_1_220' title='bbox 2574 3414 2861 3478; x_wconf 81' lang='lat' dir='ltr'>maximi</span> 
     </span>
     <span class='ocr_line' id='line_1_28' title="bbox 315 3523 2859 3606; baseline 0.001 -24"><span class='ocrx_word' id='word_1_221' title='bbox 315 3523 372 3584; x_wconf 87' lang='lat' dir='ltr'>in</span> <span class='ocrx_word' id='word_1_222' title='bbox 419 3526 546 3589; x_wconf 90' lang='lat' dir='ltr'>Dei</span> <span class='ocrx_word' id='word_1_223' title='bbox 593 3526 914 3590; x_wconf 82' lang='lat' dir='ltr'>Ecclesia</span> <span class='ocrx_word' id='word_1_224' title='bbox 963 3527 1274 3589; x_wconf 89' lang='lat' dir='ltr'>doctoris</span> <span class='ocrx_word' id='word_1_225' title='bbox 1327 3525 1731 3606; x_wconf 85' lang='lat' dir='ltr'>Augustini.</span> <span class='ocrx_word' id='word_1_226' title='bbox 1829 3525 2029 3606; x_wconf 79' lang='lat' dir='ltr'>Quae</span> <span class='ocrx_word' id='word_1_227' title='bbox 2078 3545 2235 3586; x_wconf 91' lang='lat' dir='ltr'>cum</span> <span class='ocrx_word' id='word_1_228' title='bbox 2284 3523 2537 3605; x_wconf 85' lang='lat' dir='ltr'>gravia</span> <span class='ocrx_word' id='word_1_229' title='bbox 2581 3543 2712 3604; x_wconf 89' lang='lat' dir='ltr'>per</span> <span class='ocrx_word' id='word_1_230' title='bbox 2762 3543 2859 3604; x_wconf 86' lang='lat' dir='ltr'>se,</span> 
     </span>
     <span class='ocr_line' id='line_1_29' title="bbox 315 3629 2860 3714; baseline 0 -24"><span class='ocrx_word' id='word_1_231' title='bbox 315 3641 442 3693; x_wconf 88' lang='lat' dir='ltr'>tum</span> <span class='ocrx_word' id='word_1_232' title='bbox 489 3653 654 3696; x_wconf 83' lang='lat' dir='ltr'>vero</span> <span class='ocrx_word' id='word_1_233' title='bbox 705 3643 1080 3714; x_wconf 85' lang='lat' dir='ltr'>postquam</span> <span class='ocrx_word' id='word_1_234' title='bbox 1130 3633 1334 3694; x_wconf 81' lang='lat' dir='ltr'>huius</span> <span class='ocrx_word' id='word_1_235' title='bbox 1383 3643 1676 3694; x_wconf 87' lang='lat' dir='ltr'>sanctae</span> <span class='ocrx_word' id='word_1_236' title='bbox 1726 3643 1797 3694; x_wconf 90' lang='lat' dir='ltr'>et</span> <span class='ocrx_word' id='word_1_237' title='bbox 1845 3631 2281 3713; x_wconf 87' lang='lat' dir='ltr'>apostolicae</span> <span class='ocrx_word' id='word_1_238' title='bbox 2332 3630 2522 3694; x_wconf 89' lang='lat' dir='ltr'>sedis</span> <span class='ocrx_word' id='word_1_239' title='bbox 2561 3629 2860 3693; x_wconf 89' lang='lat' dir='ltr'>accessit</span> 
     </span>
     <span class='ocr_line' id='line_1_30' title="bbox 317 3735 2860 3821; baseline 0 -24"><span class='ocrx_word' id='word_1_240' title='bbox 317 3738 697 3820; x_wconf 84' lang='lat' dir='ltr'>declaratiO,</span> <span class='ocrx_word' id='word_1_241' title='bbox 747 3752 942 3802; x_wconf 90' lang='lat' dir='ltr'>tuum</span> <span class='ocrx_word' id='word_1_242' title='bbox 985 3742 1126 3821; x_wconf 87' lang='lat' dir='ltr'>jam</span> <span class='ocrx_word' id='word_1_243' title='bbox 1175 3751 1304 3814; x_wconf 88' lang='lat' dir='ltr'>est,</span> <span class='ocrx_word' id='word_1_244' title='bbox 1357 3741 1633 3802; x_wconf 90' lang='lat' dir='ltr'>dilecte·</span> <span class='ocrx_word' id='word_1_245' title='bbox 1661 3739 1783 3819; x_wconf 88' lang='lat' dir='ltr'>fili,</span> <span class='ocrx_word' id='word_1_246' title='bbox 1834 3740 2093 3802; x_wconf 85' lang='lat' dir='ltr'>omissa</span> <span class='ocrx_word' id='word_1_247' title='bbox 2138 3739 2495 3802; x_wconf 89' lang='lat' dir='ltr'>hominum</span> <span class='ocrx_word' id='word_1_248' title='bbox 2530 3735 2860 3815; x_wconf 84' lang='lat' dir='ltr'>amicitia,</span> 
     </span>
     <span class='ocr_line' id='line_1_31' title="bbox 317 3846 2855 3930; baseline 0 -26"><span class='ocrx_word' id='word_1_249' title='bbox 317 3864 450 3907; x_wconf 77' lang='lat' dir='ltr'>eam</span> <span class='ocrx_word' id='word_1_250' title='bbox 511 3869 690 3928; x_wconf 89' lang='lat' dir='ltr'>quae</span> <span class='ocrx_word' id='word_1_251' title='bbox 736 3848 876 3910; x_wconf 90' lang='lat' dir='ltr'>Dei</span> <span class='ocrx_word' id='word_1_252' title='bbox 937 3858 1045 3910; x_wconf 92' lang='lat' dir='ltr'>est</span> <span class='ocrx_word' id='word_1_253' title='bbox 1101 3849 1404 3911; x_wconf 89' lang='lat' dir='ltr'>caeteris</span> <span class='ocrx_word' id='word_1_254' title='bbox 1450 3851 1664 3910; x_wconf 89' lang='lat' dir='ltr'>rebus</span> <span class='ocrx_word' id='word_1_255' title='bbox 1713 3857 2193 3930; x_wconf 86' lang='lat' dir='ltr'>anteponere,</span> <span class='ocrx_word' id='word_1_256' title='bbox 2262 3846 2608 3925; x_wconf 90' lang='lat' dir='ltr'>nobisque</span> <span class='ocrx_word' id='word_1_257' title='bbox 2657 3863 2855 3925; x_wconf 88' lang='lat' dir='ltr'>prae-</span> 
     </span>
     <span class='ocr_line' id='line_1_32' title="bbox 317 3953 2859 4038; baseline 0.001 -29"><span class='ocrx_word' id='word_1_258' title='bbox 317 3962 482 4014; x_wconf 77' lang='lat' dir='ltr'>stare</span> <span class='ocrx_word' id='word_1_259' title='bbox 540 3953 754 4018; x_wconf 87' lang='lat' dir='ltr'>fidem</span> <span class='ocrx_word' id='word_1_260' title='bbox 817 3964 888 4016; x_wconf 88' lang='lat' dir='ltr'>et</span> <span class='ocrx_word' id='word_1_261' title='bbox 944 3955 1484 4038; x_wconf 84' lang='lat' dir='ltr'>promissionem</span> <span class='ocrx_word' id='word_1_262' title='bbox 1547 3975 1758 4035; x_wconf 90' lang='lat' dir='ltr'>quam</span> <span class='ocrx_word' id='word_1_263' title='bbox 1818 3957 1886 4016; x_wconf 90' lang='lat' dir='ltr'>in</span> <span class='ocrx_word' id='word_1_264' title='bbox 1938 3954 2197 4036; x_wconf 83' lang='lat' dir='ltr'>pignus</span> <span class='ocrx_word' id='word_1_265' title='bbox 2248 3964 2319 4016; x_wconf 87' lang='lat' dir='ltr'>et</span> <span class='ocrx_word' id='word_1_266' title='bbox 2368 3953 2645 4032; x_wconf 88' lang='lat' dir='ltr'>signum</span> <span class='ocrx_word' id='word_1_267' title='bbox 2696 3961 2859 4012; x_wconf 83' lang='lat' dir='ltr'>tuae</span> 
     </span>
     <span class='ocr_line' id='line_1_33' title="bbox 317 4057 2861 4134; baseline 0.001 -17"><span class='ocrx_word' id='word_1_268' title='bbox 317 4057 930 4124; x_wconf 85' lang='lat' dir='ltr'>Christianissimae</span> <span class='ocrx_word' id='word_1_269' title='bbox 993 4063 1247 4127; x_wconf 89' lang='lat' dir='ltr'>mentis</span> <span class='ocrx_word' id='word_1_270' title='bbox 1298 4063 1584 4134; x_wconf 87' lang='lat' dir='ltr'>dedisti;</span> <span class='ocrx_word' id='word_1_271' title='bbox 1634 4072 1710 4123; x_wconf 89' lang='lat' dir='ltr'>ut</span> <span class='ocrx_word' id='word_1_272' title='bbox 1759 4062 2079 4124; x_wconf 84' lang='lat' dir='ltr'>extincto</span> <span class='ocrx_word' id='word_1_273' title='bbox 2130 4079 2453 4123; x_wconf 85' lang='lat' dir='ltr'>sermone</span> <span class='ocrx_word' id='word_1_274' title='bbox 2501 4057 2861 4122; x_wconf 88' lang='lat' dir='ltr'>hominum</span> 
     </span>
     <span class='ocr_line' id='line_1_34' title="bbox 318 4165 2859 4251; baseline 0 -25"><span class='ocrx_word' id='word_1_275' title='bbox 318 4165 420 4244; x_wconf 90' lang='lat' dir='ltr'>qui</span> <span class='ocrx_word' id='word_1_276' title='bbox 479 4177 598 4230; x_wconf 85' lang='lat' dir='ltr'>tua</span> <span class='ocrx_word' id='word_1_277' title='bbox 657 4167 918 4231; x_wconf 89' lang='lat' dir='ltr'>fiducia</span> <span class='ocrx_word' id='word_1_278' title='bbox 969 4171 1154 4232; x_wconf 88' lang='lat' dir='ltr'>hunc</span> <span class='ocrx_word' id='word_1_279' title='bbox 1205 4190 1420 4251; x_wconf 89' lang='lat' dir='ltr'>saepe</span> <span class='ocrx_word' id='word_1_280' title='bbox 1468 4169 1603 4230; x_wconf 90' lang='lat' dir='ltr'>iam</span> <span class='ocrx_word' id='word_1_281' title='bbox 1658 4169 1920 4232; x_wconf 90' lang='lat' dir='ltr'>dictum</span> <span class='ocrx_word' id='word_1_282' title='bbox 1970 4167 2360 4248; x_wconf 87' lang='lat' dir='ltr'>iniquitatis</span> <span class='ocrx_word' id='word_1_283' title='bbox 2408 4165 2626 4228; x_wconf 88' lang='lat' dir='ltr'>filiurn</span> <span class='ocrx_word' id='word_1_284' title='bbox 2677 4165 2859 4226; x_wconf 86' lang='lat' dir='ltr'>Mar·</span> 
     </span>
     <span class='ocr_line' id='line_1_35' title="bbox 319 4271 2859 4352; baseline 0.002 -24"><span class='ocrx_word' id='word_1_285' title='bbox 319 4271 516 4336; x_wconf 87' lang='lat' dir='ltr'>tinum</span> <span class='ocrx_word' id='word_1_286' title='bbox 561 4276 947 4338; x_wconf 86' lang='lat' dir='ltr'>Lutherum</span> <span class='ocrx_word' id='word_1_287' title='bbox 1011 4275 1250 4338; x_wconf 88' lang='lat' dir='ltr'>furere</span> <span class='ocrx_word' id='word_1_288' title='bbox 1298 4276 1689 4352; x_wconf 85' lang='lat' dir='ltr'>affirmant,</span> <span class='ocrx_word' id='word_1_289' title='bbox 1759 4285 1879 4336; x_wconf 90' lang='lat' dir='ltr'>tua</span> <span class='ocrx_word' id='word_1_290' title='bbox 1930 4277 2290 4338; x_wconf 82' lang='lat' dir='ltr'>excellens</span> <span class='ocrx_word' id='word_1_291' title='bbox 2340 4273 2562 4335; x_wconf 88' lang='lat' dir='ltr'>virtus</span> <span class='ocrx_word' id='word_1_292' title='bbox 2610 4293 2693 4334; x_wconf 89' lang='lat' dir='ltr'>ac</span> <span class='ocrx_word' id='word_1_293' title='bbox 2743 4293 2859 4334; x_wconf 90' lang='lat' dir='ltr'>no-</span> 
     </span>
     <span class='ocr_line' id='line_1_36' title="bbox 319 4377 2858 4464; baseline 0.002 -28"><span class='ocrx_word' id='word_1_294' title='bbox 319 4377 534 4443; x_wconf 86' lang='lat' dir='ltr'>bilitas</span> <span class='ocrx_word' id='word_1_295' title='bbox 579 4402 778 4444; x_wconf 91' lang='lat' dir='ltr'>suum</span> <span class='ocrx_word' id='word_1_296' title='bbox 831 4382 1144 4445; x_wconf 90' lang='lat' dir='ltr'>debitum</span> <span class='ocrx_word' id='word_1_297' title='bbox 1195 4384 1650 4463; x_wconf 84' lang='lat' dir='ltr'>splendorem</span> <span class='ocrx_word' id='word_1_298' title='bbox 1699 4385 1891 4464; x_wconf 89' lang='lat' dir='ltr'>apud</span> <span class='ocrx_word' id='word_1_299' title='bbox 1947 4383 2169 4442; x_wconf 91' lang='lat' dir='ltr'>Deum</span> <span class='ocrx_word' id='word_1_300' title='bbox 2224 4380 2687 4462; x_wconf 89' lang='lat' dir='ltr'>hominesque</span> <span class='ocrx_word' id='word_1_301' title='bbox 2742 4382 2858 4441; x_wconf 90' lang='lat' dir='ltr'>ob-</span> 
     </span>
     <span class='ocr_line' id='line_1_37' title="bbox 319 4482 2861 4574; baseline 0.002 -31"><span class='ocrx_word' id='word_1_302' title='bbox 319 4482 540 4550; x_wconf 84' lang='lat' dir='ltr'>tineat.</span> <span class='ocrx_word' id='word_1_303' title='bbox 629 4488 840 4569; x_wconf 84' lang='lat' dir='ltr'>Quod</span> <span class='ocrx_word' id='word_1_304' title='bbox 892 4498 966 4550; x_wconf 90' lang='lat' dir='ltr'>ut</span> <span class='ocrx_word' id='word_1_305' title='bbox 1027 4489 1248 4552; x_wconf 87' lang='lat' dir='ltr'>facias</span> <span class='ocrx_word' id='word_1_306' title='bbox 1279 4487 1436 4574; x_wconf 66' lang='lat' dir='ltr'>‚non</span> <span class='ocrx_word' id='word_1_307' title='bbox 1487 4490 1714 4552; x_wconf 88' lang='lat' dir='ltr'>solum</span> <span class='ocrx_word' id='word_1_308' title='bbox 1764 4488 2069 4570; x_wconf 90' lang='lat' dir='ltr'>petimus</span> <span class='ocrx_word' id='word_1_309' title='bbox 2119 4498 2333 4569; x_wconf 86' lang='lat' dir='ltr'>atque</span> <span class='ocrx_word' id='word_1_310' title='bbox 2384 4491 2861 4566; x_wconf 86' lang='lat' dir='ltr'>obsecramus,</span> 
     </span>
     <span class='ocr_line' id='line_1_38' title="bbox 321 4595 2859 4678; baseline 0.002 -27"><span class='ocrx_word' id='word_1_311' title='bbox 321 4595 430 4653; x_wconf 87' lang='lat' dir='ltr'>sed</span> <span class='ocrx_word' id='word_1_312' title='bbox 475 4595 541 4656; x_wconf 92' lang='lat' dir='ltr'>in</span> <span class='ocrx_word' id='word_1_313' title='bbox 587 4597 866 4658; x_wconf 87' lang='lat' dir='ltr'>nomine</span> <span class='ocrx_word' id='word_1_314' title='bbox 918 4596 1128 4660; x_wconf 88' lang='lat' dir='ltr'>etiam</span> <span class='ocrx_word' id='word_1_315' title='bbox 1161 4597 1296 4658; x_wconf 91' lang='lat' dir='ltr'>Dei</span> <span class='ocrx_word' id='word_1_316' title='bbox 1333 4596 1838 4678; x_wconf 86' lang='lat' dir='ltr'>omnipotentis</span> <span class='ocrx_word' id='word_1_317' title='bbox 1874 4607 1943 4658; x_wconf 91' lang='lat' dir='ltr'>et</span> <span class='ocrx_word' id='word_1_318' title='bbox 1972 4596 2042 4656; x_wconf 90' lang='lat' dir='ltr'>in</span> <span class='ocrx_word' id='word_1_319' title='bbox 2080 4595 2341 4658; x_wconf 88' lang='lat' dir='ltr'>virtute</span> <span class='ocrx_word' id='word_1_320' title='bbox 2373 4605 2663 4658; x_wconf 83' lang='lat' dir='ltr'>sanctae</span> <span class='ocrx_word' id='word_1_321' title='bbox 2698 4597 2859 4656; x_wconf 88' lang='lat' dir='ltr'>obe-</span> 
     </span>
     <span class='ocr_line' id='line_1_39' title="bbox 324 4697 2859 4785; baseline 0.001 -28"><span class='ocrx_word' id='word_1_322' title='bbox 324 4697 602 4764; x_wconf 85' lang='lat' dir='ltr'>dientiae</span> <span class='ocrx_word' id='word_1_323' title='bbox 636 4703 1078 4785; x_wconf 82' lang='lat' dir='ltr'>requirimuS.</span> <span class='ocrx_word' id='word_1_324' title='bbox 1150 4705 1411 4766; x_wconf 87' lang='lat' dir='ltr'>Datum</span> <span class='ocrx_word' id='word_1_325' title='bbox 1443 4704 1724 4766; x_wconf 89' lang='lat' dir='ltr'>Romae</span> <span class='ocrx_word' id='word_1_326' title='bbox 1756 4704 1944 4783; x_wconf 90' lang='lat' dir='ltr'>apud</span> <span class='ocrx_word' id='word_1_327' title='bbox 1984 4700 2055 4766; x_wconf 76' lang='lat' dir='ltr'>S.</span> <span class='ocrx_word' id='word_1_328' title='bbox 2092 4703 2381 4764; x_wconf 89' lang='lat' dir='ltr'>Petrum</span> <span class='ocrx_word' id='word_1_329' title='bbox 2419 4705 2549 4764; x_wconf 89' lang='lat' dir='ltr'>sub</span> <span class='ocrx_word' id='word_1_330' title='bbox 2597 4701 2859 4762; x_wconf 89' lang='lat' dir='ltr'>annulo</span> 
     </span>
     <span class='ocr_line' id='line_1_40' title="bbox 325 4803 2858 4890; baseline 0.001 -25"><span class='ocrx_word' id='word_1_331' title='bbox 325 4803 716 4890; x_wconf 83' lang='lat' dir='ltr'>PiscatoriS,</span> <span class='ocrx_word' id='word_1_332' title='bbox 785 4811 898 4873; x_wconf 87' lang='lat' dir='ltr'>die</span> <span class='ocrx_word' id='word_1_333' title='bbox 948 4811 1142 4873; x_wconf 88' lang='lat' dir='ltr'><strong>VIII.</strong></span> <span class='ocrx_word' id='word_1_334' title='bbox 1193 4810 1359 4890; x_wconf 89' lang='lat' dir='ltr'>Julii</span> <span class='ocrx_word' id='word_1_335' title='bbox 1407 4809 1714 4872; x_wconf 88' lang='lat' dir='ltr'><strong>MDXX</strong></span> <span class='ocrx_word' id='word_1_336' title='bbox 1776 4811 2005 4871; x_wconf 80' lang='lat' dir='ltr'>Pont¹¹.</span> <span class='ocrx_word' id='word_1_337' title='bbox 2056 4809 2281 4872; x_wconf 90' lang='lat' dir='ltr'>nostri</span> <span class='ocrx_word' id='word_1_338' title='bbox 2345 4829 2531 4871; x_wconf 88' lang='lat' dir='ltr'>anno</span> <span class='ocrx_word' id='word_1_339' title='bbox 2582 4817 2858 4870; x_wconf 79' lang='lat' dir='ltr'>octavo,</span> 
     </span>
    </p>
   </div>
   <div class='ocr_carea' id='block_1_3' title="bbox 2471 5020 2533 5078">
    <p class='ocr_par' dir='ltr' id='par_1_3' title="bbox 2471 5020 2533 5078">
     <span class='ocr_line' id='line_1_41' title="bbox 2471 5020 2533 5078; baseline 0 -24"><span class='ocrx_word' id='word_1_340' title='bbox 2471 5020 2533 5078; x_wconf 68' lang='grc'>1*</span> 
     </span>
    </p>
   </div>
   <div class='ocr_carea' id='block_1_4' title="bbox 3482 224 3486 855">
    <p class='ocr_par' dir='ltr' id='par_1_4' title="bbox 3482 224 3486 855">
     <span class='ocr_line' id='line_1_42' title="bbox 3482 224 3486 855; baseline 0 0"><span class='ocrx_word' id='word_1_341' title='bbox 3482 224 3486 855; x_wconf 95' lang='lat' dir='ltr'> </span> 
     </span>
    </p>
   </div>
  </div>
 </body>
</html>
