3575 5775
1297 605 1793 663 0-<33478>-0

280 752 474 816 modo
523 760 646 816 tua
694 753 1074 835 singularis
1119 753 1344 817 virtus
1393 776 1477 819 ac
1522 757 1756 837 pietas
1785 755 1855 819 in
1893 754 2218 821 omnibus
2246 753 2584 838 gerendis
2612 756 2829 817 rebus

281 869 612 925 versatur.
707 860 998 943 Itaque,
1061 882 1486 944 quamquam
1536 861 1778 927 dilecti
1824 861 1951 925 filii
1997 861 2223 925 nostri
2268 861 2635 925 Laurentii
2684 882 2825 923 car-

277 967 520 1031 dinalis
567 969 792 1051 legati
839 968 1314 1033 testimonium
1368 973 1622 1033 crebro
1672 970 2041 1034 audiamus
2114 970 2203 1033 de
2258 979 2330 1032 te
2380 967 2619 1032 omnia
2672 988 2826 1049 pre-

278 1075 456 1137 clara
525 1076 1141 1139 commemorantis
1210 1085 1280 1139 et
1343 1085 1416 1139 te
1473 1076 1612 1139 tuis
1673 1076 2022 1157 consiliiS,
2086 1075 2363 1157 studiiS‚
2430 1073 2829 1138 actionibus

277 1175 624 1245 confidere
666 1203 751 1245 ac
787 1182 923 1246 nisi
965 1182 1278 1265 ingenue
1301 1183 1773 1266 predicantis;
1823 1193 2063 1247 tamen
2110 1183 2305 1245 facta
2350 1192 2473 1245 tua
2520 1180 2830 1245 omnium

276 1288 688 1353 testimoniis
735 1300 900 1353 sunt
946 1291 1235 1354 maiora.
1331 1290 1532 1372 Quae
1579 1294 1713 1354 hoc
1764 1292 1977 1354 etiam
2027 1290 2235 1353 nobis
2283 1286 2601 1372 gratiora
2648 1286 2825 1350 acci·

277 1398 441 1459 dunt
490 1416 634 1477 quo
683 1416 826 1461 non
876 1399 1280 1462 dubitamus
1327 1408 1434 1478 te,
1498 1398 1570 1462 in
1630 1406 1829 1461 tanta
1893 1407 2014 1461 tua
2069 1396 2247 1477 fide,
2294 1407 2497 1460 tanta
2541 1395 2828 1474 virtute,

277 1524 472 1584 quam
543 1504 705 1566 Deo
777 1504 974 1568 cuius
1045 1505 1268 1588 ipsius
1339 1524 1554 1569 causa
1622 1506 1889 1568 tuendo
1939 1526 2019 1568 ac
2070 1503 2481 1567 sustinendo
2530 1511 2828 1585 prestas,

276 1611 432 1673 dare
481 1620 555 1673 et
599 1610 870 1693 aliquid
918 1612 1142 1675 amori
1188 1622 1434 1676 nostro
1459 1660 1476 1693 ,
1529 1632 1668 1694 quo
1717 1628 1795 1675 tu
1855 1612 2061 1674 nobis
2110 1609 2411 1674 affectus
2470 1630 2601 1673 nos
2648 1628 2824 1672 vero

277 1738 438 1800 erga
482 1718 927 1781 nobilitatem
982 1729 1176 1782 tuam
1226 1718 1518 1783 mirifice
1576 1720 1845 1783 incensi
1912 1740 2173 1799 eumue,
2238 1718 2355 1781 vel
2410 1717 2599 1781 enim
2662 1715 2830 1797 quia

277 1834 344 1886 tu
389 1824 550 1887 talis
601 1836 674 1887 et
719 1836 798 1887 ut
844 1826 1106 1908 dignus
1151 1828 1458 1890 maxime
1509 1827 1606 1891 sis
1654 1826 1772 1908 qui
1824 1826 2100 1906 ameriS,
2150 1828 2266 1889 vel
2314 1824 2481 1907 quia
2514 1832 2831 1887 nostrum

277 1952 470 1995 omne
521 1930 858 1994 iudicium
907 1952 991 1995 ac
1041 1908 1350 1997 studium
1413 1933 1677 1997 iamdiu
1749 1932 2199 1997 serenissimo
2248 1932 2494 1997 Cesari
2552 1940 2675 1994 tuo
2732 1938 2829 1993 at·

279 2058 404 2120 que
448 2039 579 2101 tibi
633 2060 717 2101 ac
766 2040 1073 2102 omnium
1125 2040 1676 2104 eminentissime
1726 2040 1965 2104 domui
2012 2048 2251 2103 vestre
2298 2039 2433 2102 fuit
2493 2038 2832 2117 deditum,

276 2143 366 2209 ita
441 2146 893 2210 nobilitatem
960 2158 1151 2211 tuam
1216 2158 1460 2211 nostra
1524 2146 1858 2231 flagranti
1913 2146 2417 2211 benevolentia
2476 2145 2833 2229 complexi

277 2272 502 2316 sumus
552 2264 630 2316 ut
678 2254 1046 2318 videamus
1093 2255 1162 2318 in
1214 2255 1318 2319 tui
1364 2256 1706 2320 memoria
1754 2266 1826 2317 et
1858 2254 2358 2319 recordatione
2390 2252 2835 2336 potissimum

275 2361 742 2441 acquiescere.
838 2362 1168 2425 Accessit
1215 2372 1464 2426 sancta
1513 2372 1585 2425 et
1631 2362 1917 2426 celestis
1951 2362 2355 2425 coniunctio
2383 2381 2521 2444 que
2549 2371 2833 2425 nostros

275 2466 536 2531 animos
583 2468 927 2551 precipue
961 2470 1330 2551 copulavit
1366 2469 1588 2553 quiin
1620 2469 1758 2533 Dei
1808 2470 2056 2532 summi
2106 2489 2321 2532 causa
2368 2467 2834 2531 communiter

273 2574 692 2654 laboramuS‚
741 2596 872 2639 nos
921 2596 1052 2658 pro
1101 2576 1402 2640 aliorum
1449 2579 1712 2655 salute,
1762 2585 1999 2640 tamen
2058 2590 2187 2659 pro
2238 2586 2545 2657 tuorum,
2596 2559 2831 2657 quam·

273 2700 472 2762 quam
521 2683 732 2765 nobis
781 2684 993 2747 alieni
1044 2704 1186 2747 non
1235 2695 1400 2748 sunt
1447 2704 1624 2766 quos
1657 2684 1857 2748 Deus
1888 2684 2339 2765 omnipotens
2377 2694 2616 2746 nostre
2666 2702 2835 2745 cure

275 2798 340 2849 et
385 2788 730 2869 pastorali
778 2790 1020 2872 vigilie
1069 2792 1294 2854 voluit
1344 2812 1501 2855 esse
1551 2791 2003 2871 commiSSOS‚
2074 2790 2382 2853 maxime
2430 2790 2667 2854 animo
2716 2809 2830 2853 au-

273 2903 408 2958 tem
452 2907 622 2960 sunt
665 2897 766 2960 tui
814 2899 1001 2962 inter
1059 2919 1252 2981 quos·
1308 2909 1384 2962 tu
1455 2900 1754 2983 imperio
1828 2896 2121 2963 excellis
2198 2907 2272 2961 et
2338 2897 2645 2979 pietate,
2713 2898 2835 2979 qui

275 3011 498 3068 tamen
549 3004 716 3086 tibi,
767 3005 950 3069 sicut
997 3008 1300 3088 debent,
1372 3019 1610 3071 essent
1658 3007 1851 3071 dicto
1900 3006 2292 3084 audienteS,
2340 3005 2623 3087 tuisque
2654 3007 2831 3068 salu-

273 3111 535 3174 taribus
597 3113 1008 3195 praeceptis
1077 3122 1150 3176 et
1211 3115 1498 3178 monitis
1569 3118 2170 3196 obtemperarent.
2289 3111 2627 3175 Profecto
2700 3121 2834 3174 nec

273 3216 402 3298 ipsi
452 3227 741 3282 ruerent
786 3218 857 3282 in
907 3221 1298 3284 animarum
1347 3241 1631 3285 suarum
1697 3220 1991 3284 exitium
2054 3239 2212 3282 cum
2278 3219 2495 3282 tantis
2558 3227 2631 3282 et
2690 3229 2834 3281 tarn

274 3313 678 3403 pernitiosis
729 3327 1110 3408 erroribus,
1161 3337 1233 3390 et
1278 3348 1412 3391 nos
1456 3330 1781 3392 laborum
1832 3337 2229 3391 nostrorum
2281 3326 2583 3389 fructum
2640 3334 2833 3408 opta·
2885 3387 2895 3394 ,

273 3430 590 3496 biliorem
637 3434 1082 3498 haberemus
1177 3431 1326 3498 Sed
1373 3444 1750 3516 utcumque
1800 3437 1935 3498 hec
1995 3433 2095 3496 ita
2154 3433 2425 3496 turbari
2488 3430 2836 3515 permittit

271 3537 480 3617 DeuS,
529 3519 738 3603 nobis
787 3549 1030 3604 nostra
1076 3541 1302 3605 omnis
1351 3553 1460 3604 est
1506 3541 1822 3623 dignitas
1869 3540 1941 3603 in
1989 3541 2146 3604 Deo
2197 3550 2270 3603 et
2327 3551 2524 3604 recta
2592 3541 2833 3603 volun-

271 3652 410 3708 tate
450 3647 970 3711 constituenda.
1065 3649 1250 3711 Illud
1298 3648 1530 3710 mirati
1569 3668 1809 3711 sumus
1856 3648 1973 3710 vel
2020 3648 2371 3711 doluimus
2419 3648 2682 3730 potiuS,
2712 3657 2835 3710 tua

274 3752 637 3816 nobilitate
709 3767 1068 3836 presente,
1118 3755 1481 3818 decretum
1551 3756 1621 3818 in
1691 3754 2064 3817 Conventu
2135 3755 2357 3817 fuisse
2426 3754 2691 3819 factum
2762 3754 2833 3816 in

274 3858 466 3922 cuius
543 3849 844 3925 exordio
922 3881 1079 3924 cum
1158 3862 1536 3924 videantur
1611 3880 1856 3924 omnes
1932 3860 2201 3925 decreti
2284 3861 2831 3924 Wormatiensis

271 3966 625 4030 mentione
671 3967 864 4031 facta
914 3970 1106 4049 quod
1152 3969 1265 4031 hic
1316 3987 1447 4049 per
1508 3967 2033 4032 serenissimum
2090 3967 2383 4032 fratrem
2449 3980 2645 4032 tuum
2709 3967 2834 4032 Ce·

271 4094 498 4136 sarem
562 4082 634 4138 et
699 4075 895 4138 illum
961 4086 1390 4139 conventum
1457 4074 1592 4136 fuit
1666 4082 2043 4155 statutum,
2094 4073 2215 4136 'ini
2287 4075 2577 4138 decreto
2648 4076 2835 4138 velle

271 4191 686 4244 reverenter
736 4191 808 4244 et
855 4182 1063 4246 sicuti
1113 4184 1322 4245 decet
1367 4201 1646 4265 parere,
1695 4201 1865 4244 mox
1912 4180 1982 4244 in
2031 4202 2419 4264 progressu
2459 4191 2839 4246 revocatur

271 4285 336 4348 in
387 4288 974 4370 controversiam,
1025 4301 1098 4352 et
1145 4309 1282 4370 que
1334 4287 1793 4370 disputabilia
1856 4300 2019 4353 sunt
2066 4313 2159 4355 ex
2210 4293 2414 4355 novis
2462 4291 2835 4354 damnatis-

271 4410 403 4472 que
451 4393 592 4457 iam
640 4394 984 4458 doctrinis
1031 4396 1102 4459 in
1149 4395 1387 4458 futura
1436 4394 1628 4458 dieta
1662 4397 2143 4462 decernuntur
2190 4399 2526 4483 proponi;
2576 4399 2647 4462 in
2696 4419 2837 4480 quo

269 4519 408 4562 non
456 4502 688 4584 magis
739 4511 933 4566 certe
981 4503 1302 4566 illuditur
1347 4501 1578 4566 Sedes
1626 4501 2051 4585 Apostolica
2112 4525 2320 4588 quam
2382 4506 2535 4589 ipse
2599 4506 2837 4587 Cesar,

272 4616 338 4668 et
384 4616 462 4669 tu
510 4607 627 4690 qui
691 4609 832 4672 vim
899 4619 971 4672 et
1033 4610 1528 4672 auctoritatem
1590 4610 1785 4692 geris
1855 4611 2155 4676 CesariS.
2264 4611 2409 4677 Sed
2475 4635 2688 4696 quum
2748 4615 2836 4676 de

271 4713 376 4776 his
423 4715 515 4777 ad
563 4716 1053 4797 supradictum
1105 4717 1423 4798 legatum
1473 4736 1658 4779 nunc
1709 4716 2081 4782 scribimus
2130 4731 2205 4782 ut
2254 4739 2413 4783 cum
2446 4719 2837 4784 Nobilitate

273 4831 389 4883 tua
459 4822 979 4887 communicare
1049 4826 1350 4900 habeat;
1424 4835 1497 4886 tu
1570 4824 1672 4887 illi
1743 4825 1955 4889 fidem
2025 4826 2365 4908 prebebis
2381 4876 2401 4908 ‚
2467 4837 2679 4910 teque
2746 4825 2836 4888 ad

273 4931 872 5006 perseverandum
942 4931 1014 4994 in
1081 4930 1332 5014 optimi
1393 4940 1467 4995 et
1546 4931 1984 4996 invictissimi
2050 4933 2391 5018 principis
2463 4933 2701 4997 officio
2762 4945 2839 4998 ut
