3575 5775
1672 559 2166 633 0433!er

637 739 826 784 novo
873 719 1212 803 pontifice
1260 720 1429 784 mihi
1478 741 1687 803 quam
1736 724 2036 787 molesta
2083 743 2246 786 esse
2295 721 2641 805 cepisset,
2691 742 2861 786 ecce
2908 722 3205 787 affertur

638 826 937 890 nuncius
998 847 1137 909 quo
1187 813 1419 891 nullus
1465 848 1775 910 unquam
1823 831 2080 892 allatus
2127 831 2244 893 vel
2295 830 2606 913 optatior
2669 831 2786 893 vel
2831 830 3207 894 iucundior

640 957 779 1018 quo
828 935 1356 999 Beatitudinem
1417 945 1728 999 vestram
1776 935 2184 1019 pontificem
2248 945 2562 1000 creatum
2624 957 2708 1000 ac
2767 937 3206 1001 declaratum

640 1051 711 1105 et
769 1050 1049 1126 patrum
1111 1042 1300 1106 omni
1360 1044 1631 1106 calculo
1694 1041 1955 1106 Christi
2017 1042 2359 1106 vicariurn
2430 1044 2878 1128 designatum
2943 1043 3206 1127 signifi·

640 1158 873 1224 catur;
946 1151 1137 1214 unde
1197 1162 1339 1212 tam
1403 1148 1805 1213 incredibili
1871 1149 2136 1231 gaudio
2201 1149 2499 1214 affectus
2561 1172 2713 1214 sum
2773 1159 2852 1215 ut
2913 1171 3210 1235 prorsus

638 1256 1015 1320 dubitarim
1066 1258 1175 1320 cui
1222 1256 1665 1339 potissimum
1716 1257 2060 1340 gratulari
2108 1258 2433 1338 debeam,
2481 1257 2920 1321 Beatitudini
2955 1256 3043 1322 V.
3093 1256 3212 1320 cui

638 1372 877 1428 tantus
939 1361 1394 1444 pontificatus
1460 1365 1565 1444 (ut
1631 1364 1846 1428 audio
1913 1373 1986 1427 et
2048 1365 2239 1447 quod
2288 1366 2654 1447 optabam)
2719 1385 2851 1429 nec
2913 1364 3214 1446 petendi

636 1491 771 1534 nec
821 1470 1185 1552 cogitandi
1236 1471 1658 1552 contigerit,
1725 1493 1816 1535 an
1866 1470 2309 1553 pontificatui
2358 1471 2493 1553 ipsi
2558 1491 2643 1534 ac
2692 1492 2962 1534 summo
3012 1471 3214 1535 orbis

640 1576 1125 1642 ecclesiastico
1185 1578 1630 1660 magistratui
1693 1578 1815 1661 qui
1864 1598 2050 1641 nunc
2097 1577 2386 1641 tandem
2448 1578 2891 1661 splendidior
2937 1579 3212 1662 magni-

638 1682 1102 1766 ficentiorque
1150 1685 1530 1767 videbitur,
1577 1696 1954 1768 postquam
2005 1683 2128 1748 tali
2177 1685 2331 1748 viro
2381 1685 2659 1748 delatus
2708 1695 2845 1765 est,
2895 1684 3016 1767 qui
3063 1684 3216 1748 suis

637 1790 1017 1854 virtutibus
1066 1801 1138 1854 et
1188 1791 1621 1855 ornamentis
1668 1791 1759 1855 sit
1806 1791 2137 1874 dignitati
2192 1791 2331 1874 ipsi
2378 1813 2589 1875 quam
2637 1791 2951 1874 suscepit
2995 1791 3216 1874 pluri·

638 1918 828 1964 mum
877 1896 1264 1962 maiestatis
1320 1900 1697 1980 allaturus,
1770 1921 1862 1962 an
1910 1899 2148 1982 potius
2197 1899 2579 1964 christiane
2628 1899 3020 1982 reipublice
3071 1919 3219 1980 que

638 2007 853 2068 talem
916 2005 1006 2067 sit
1051 2005 1462 2087 pontificem
1521 2007 1854 2070 habitura
1915 2007 2036 2088 qui
2095 2007 2300 2069 clavo
2347 2005 2753 2069 fluctuantis
2812 2005 3219 2088 apostolice

640 2114 895 2194 cymbe
957 2111 1277 2175 assidens
1340 2115 1749 2194 naucleruS‚
1813 2116 1904 2176 ab
1955 2112 2516 2195 impingentibus
2562 2111 2634 2174 in
2684 2132 2840 2176 eam
2901 2111 3224 2175 motibus

638 2219 803 2283 hinc
852 2219 1329 2302 sanguinariis
1376 2220 1812 2282 Thurcarum
1877 2219 2124 2299 armiS‚
2194 2218 2385 2282 illinc
2434 2218 2992 2282 heresiarcarum
3042 2229 3219 2282 tem·

638 2327 1037 2410 pestatibus
1084 2347 1167 2390 ac
1215 2326 1631 2408 impetuosis
1679 2327 2037 2408 procelliS,
2084 2327 2243 2390 Deo
2291 2327 2755 2408 concedente,
2800 2325 3088 2390 fortiter
3133 2347 3224 2390 ac

642 2445 927 2498 strenue
977 2435 1204 2516 ipsam
1254 2437 1347 2498 ab
1398 2434 1586 2498 omni
1626 2433 1879 2497 iniuria
1911 2434 2299 2516 vindicare,
2349 2436 2788 2516 eandemque
2817 2435 3226 2517 prudenter

643 2541 1000 2605 moderari
1058 2561 1454 2623 regereque
1503 2543 1761 2607 valeat.
1859 2540 2170 2604 Proinde
2229 2561 2272 2604 o
2323 2540 2508 2604 diem
2555 2542 2772 2604 letum
2821 2539 3226 2604 christiano

642 2647 798 2712 orbi
848 2647 1347 2711 candidissimo
1396 2650 1785 2712 notandum
1845 2649 2116 2711 calculo
2139 2698 2158 2730 ,
2208 2660 2278 2712 et
2325 2649 2493 2711 mihi
2541 2647 2882 2731 precipue
2929 2667 3064 2730 pro
3117 2647 3226 2712 in-

642 2755 969 2819 credibili
1031 2775 1188 2817 mea
1233 2753 1304 2816 in
1356 2753 1427 2818 S.
1480 2756 1565 2819 V.
1631 2776 1902 2818 summa
1949 2775 2233 2837 semper
2281 2753 2740 2817 observantia
2803 2775 2936 2818 nec
3002 2755 3227 2820 unico

641 2861 1027 2946 margarito
1078 2861 1522 2943 signandum.
1614 2862 1867 2944 Itaque
1929 2860 2001 2925 in
2047 2860 2296 2945 primis
2343 2861 2426 2927 B.
2479 2861 2565 2925 V.
2629 2870 2706 2925 ut
2751 2860 3230 2944 pontificatus

640 2971 773 3035 iste
839 2968 977 3052 ipsi
1044 2968 1458 3049 sempiterni
1522 2970 1715 3033 laudi
1781 2968 1874 3033 sit
1919 2968 2314 3051 reipublice
2382 2979 2729 3051 perpetuo
2796 2969 3075 3033 faustus
3149 2978 3232 3033 et

641 3079 818 3142 felix
882 3086 1185 3158 exopt0,
1258 3077 1699 3158 eandemque
1747 3078 1830 3139 B.
1882 3076 1970 3139 V.
2034 3076 2136 3138 uti
2200 3096 2446 3140 verum
2494 3075 2754 3139 Christi
2803 3074 3234 3141 Servatoris

642 3184 867 3249 nostri
934 3184 1007 3246 in
1078 3182 1287 3247 terris
1334 3182 1699 3246 Vicarium
1769 3203 1854 3246 ac
1925 3181 2399 3245 indubitatum
2459 3183 2652 3246 Petri
2725 3202 3229 3248 successorem

641 3293 1115 3373 Romaneque
1178 3300 1251 3354 et
1298 3290 1720 3354 universalis
1768 3290 2068 3354 ecclesie
2116 3300 2479 3373 pastorem
2533 3301 2748 3372 atque
2795 3290 3230 3373 pontificem

641 3408 1055 3464 reverenter
1115 3400 1345 3462 saluto
1408 3406 1622 3480 atque
1670 3399 1927 3477 ador0,
2000 3417 2277 3480 proque
2340 3398 2585 3461 debita
2647 3418 2730 3461 ac
2791 3396 2990 3461 filiali
3049 3402 3230 3465 obe·

643 3504 913 3569 dientia
958 3524 1151 3585 mea,
1201 3514 1542 3586 quantum
1590 3525 1721 3587 per
1768 3505 2164 3567 absentiam
2210 3504 2379 3568 licet
2427 3501 2582 3568 S¹³¹⁰⁸
2628 3505 2854 3585 pedes
2900 3504 3232 3571 devotis-

643 3612 815 3676 sime
865 3613 1265 3693 exosculor,
1315 3632 1585 3695 oroque
1626 3622 1705 3675 ut
1732 3632 1844 3675 me
1885 3610 2050 3675 olim
2089 3611 2496 3675 clientulum
2525 3630 2728 3675 suum
2776 3620 2846 3674 et
2879 3612 3236 3678 addictis-

642 3719 891 3783 simum
938 3720 1297 3781 servulum
1348 3728 1419 3782 et
1466 3739 1651 3782 nunc
1685 3717 1758 3781 S.
1790 3718 1880 3783 V.
1934 3717 2586 3782 obedientissimum
2616 3717 2836 3781 filium
2868 3721 3236 3787 ecclesias

642 3846 837 3891 meas
884 3846 1151 3906 omne5‚
1201 3847 1281 3888 ac
1334 3826 1639 3907 denique
1688 3825 2094 3889 universam
2142 3845 2369 3887 meam
2417 3822 2756 3887 familiam
2803 3827 2935 3888 sub
2983 3826 3236 3908 ipsius

642 3936 963 3997 umbram
1011 3941 1258 4015 utpote
1306 3928 1784 4015 pientissimus
1834 3942 1905 3996 et
1953 3931 2536 3996 clementissimus
2567 3932 2783 3995 Pater
2822 3935 3238 4001 clementer

642 4050 1086 4124 paterneque
1134 4041 1519 4104 fovendum
1567 4041 2050 4121 tuendumque
2097 4039 2458 4121 suscipere
2506 4039 3024 4122 complectique
3061 4042 3232 4127 dig-

641 4160 867 4211 netur.
962 4148 1053 4211 Et
1098 4150 1281 4209 bene
1348 4157 1417 4210 et
1463 4145 1771 4210 feliciter
1816 4146 2057 4209 valeat
2104 4146 2186 4209 Β.
2238 4145 2326 4207 V.
2389 4165 2598 4227 quam
2648 4147 2844 4209 Deus
2892 4147 3234 4231 omnipo·

642 4262 800 4318 tens
862 4256 955 4317 ad
1016 4254 1209 4318 orbis
1272 4253 1855 4335 tranquillitatem
1917 4262 1988 4315 et
2043 4251 2210 4315 fidei
2266 4272 2393 4314 sue
2457 4254 2966 4317 exaltationem
3031 4256 3236 4320 chri—

642 4362 870 4425 stiane
920 4361 1311 4443 reipublice
1358 4359 1658 4442 gloriam
1706 4370 2132 4441 perpetuum
2178 4368 2418 4422 servet
2464 4358 2904 4423 incolumem.

826 4486 1083 4549 Datum
1130 4484 1361 4548 Hallis
1410 4484 1528 4547 die
1576 4483 1688 4546 IX
1736 4483 2157 4547 Decembris
2204 4482 2641 4546 MDXXIII.
