3575 5775
1300 561 1756 618 0-<t3598m

277 711 482 792 libros,
529 709 657 772 sed
705 709 1118 791 priusquam
1159 711 1297 771 hae
1329 709 1564 790 sigillo
1599 729 1941 773 caesareo
1974 717 2488 786 autorarentur,
2538 714 2807 767 tantum

281 817 464 880 valuit
507 819 1009 880 nonnullorum
1057 815 1442 898 malignum
1477 817 1869 897 consilium,
1918 825 1995 878 ut
2022 837 2137 878 res
2168 815 2259 878 sit
2289 817 2380 878 ad
2412 813 2811 878 Germanos

275 923 602 1005 principes
651 933 724 986 et
770 925 1078 1005 populos
1128 923 1247 1006 qui
1295 923 1366 986 in
1401 936 1758 989 conventu
1787 933 2013 1007 agunt
2041 925 2288 1004 relata,
2340 943 2453 985 me
2482 919 2809 1004 profecto

277 1032 616 1115 plurimum
677 1032 810 1094 sed
869 1031 1136 1094 frustra
1194 1034 1650 1096 reclamante.
1750 1030 2103 1095 Videbam
2162 1031 2347 1094 enim
2394 1030 2607 1112 facile
2654 1029 2809 1090 fore

277 1149 336 1200 ut
375 1139 428 1200 si
470 1138 540 1200 id
589 1140 682 1201 ad
729 1137 906 1202 istos
953 1138 1405 1220 misomystas
1455 1138 1875 1220 referretur,
1919 1139 2093 1202 nihil
2143 1139 2308 1202 inde
2358 1137 2529 1200 boni
2576 1136 2805 1200 eveni-

276 1256 379 1308 ret.
465 1245 865 1326 Utcumque
925 1246 1320 1327 parendum
1381 1245 1515 1308 fuit
1574 1245 1861 1310 Caesari
1924 1267 2014 1310 ex
2084 1246 2319 1310 alieno
2370 1243 2663 1308 consilio
2712 1242 2811 1305 ita

275 1353 511 1414 iubenti
574 1363 650 1414 ut
710 1373 860 1416 rem
911 1353 1389 1416 Lutheranam
1455 1373 1696 1416 coram
1757 1375 1837 1417 se
1892 1362 1966 1416 et
2023 1352 2307 1436 Imperii
2370 1349 2809 1434 principibus

275 1469 784 1542 proponeretur.
879 1459 1018 1542 Egi
1084 1460 1300 1542 igitur
1369 1481 1653 1524 «eausam
1723 1462 1906 1524 hanc
1975 1460 2091 1522 die
2152 1459 2444 1524 cinerali
2491 1459 2583 1520 ad
2632 1459 2809 1519 duas

276 1569 458 1629 horas
521 1587 786 1649 magna
847 1566 1174 1630 Caesaris
1237 1575 1308 1629 et
1372 1567 1770 1650 principum
1836 1568 2261 1640 attentione;
2332 1566 2593 1630 Caesar
2654 1564 2809 1645 ipse

275 1695 524 1755 semper
583 1684 662 1736 ut
711 1675 908 1756 prius
957 1695 998 1736 a
1046 1673 1190 1738 fide
1237 1675 1434 1738 stetit
1481 1675 1694 1756 inque
1743 1675 1891 1739 eius
1940 1674 2365 1738 sententiam
2416 1671 2521 1760 (ut
2568 1668 2809 1754 audio)

275 1781 600 1863 principes
661 1783 1010 1845 electores
1075 1801 1322 1844 omnes
1385 1783 1696 1862 iverunt,
1764 1792 2053 1864 praeter
2116 1781 2479 1846 Saxonem
2543 1779 2661 1861 qui
2731 1789 2812 1841 ut

275 1887 560 1951 febribus
619 1898 960 1970 aegrotus
1023 1891 1294 1953 aberat.
1375 1889 1666 1970 ,Rogati
1729 1890 2084 1954 sententia
2134 1889 2398 1952 caeteri
2448 1885 2807 1970 principes

275 1995 599 2073 petierunt
665 1995 802 2058 sibi
864 2006 1146 2076 tempus
1209 1998 1302 2058 ad
1366 1995 1905 2060 deliberandum
1969 1997 2161 2076 dari,
2229 2016 2370 2078 quo
2419 2007 2631 2076 pacto
2680 2014 2807 2056 sex

276 2101 402 2162 dies
446 2105 788 2182 petebant
833 2103 1427 2183 quemadmodum
1477 2112 1550 2166 et
1594 2103 1997 2167 Simonides
2045 2101 2275 2190 (puto)
2324 2100 2622 2166 Hieroni
2669 2120 2809 2164 res-

277 2227 613 2286 ponsurus.
691 2208 956 2272 Caesar
1002 2210 1236 2273 adhuc
1287 2209 1592 2274 triduum
1639 2220 1877 2274 tamen
1926 2210 2297 2274 concessit.
2368 2209 2453 2272 Id
2501 2207 2809 2270 crastino

278 2313 370 2376 die
412 2314 710 2396 finietur,
759 2337 992 2397 neque
1040 2317 1212 2399 quid
1259 2317 1349 2380 sit
1398 2317 1708 2382 futurum
1760 2318 1935 2381 certi
1984 2317 2252 2399 aliquid
2291 2318 2663 2387 habemus;
2716 2313 2812 2375 ita

275 2440 370 2483 res
403 2432 536 2485 tam
583 2423 982 2502 manifesta,
1033 2433 1321 2506 tamque
1369 2425 1583 2505 clara,
1632 2425 2121 2506 pugnantibus
2169 2424 2541 2488 sententiis
2590 2423 2810 2485 invol-

275 2528 454 2592 vitur.
2248 2537 2251 2540 ’

456 2637 936 2719 Expectamus
995 2637 1214 2719 igitur
1275 2640 1545 2703 exitum
1609 2641 1698 2704 de
1765 2663 1906 2723 quo
1980 2651 2049 2704 te
2112 2651 2367 2722 postea
2434 2639 2809 2702 certiorem

275 2744 552 2807 reddam.
651 2743 817 2808 Vidi
865 2745 1206 2810 Coloniae
1270 2767 1372 2830 ex„
1425 2747 1678 2812 litteris
1743 2769 1919 2829 quas
1969 2750 2060 2811 ad
2108 2748 2567 2811 Hocstratum
2618 2743 2806 2808 dedi-

277 2849 378 2929 sti,
423 2860 490 2913 et
533 2873 624 2915 ex
676 2851 786 2915 his
832 2851 1000 2917 item
1049 2873 1226 2935 quas
1275 2855 1366 2917 ad
1415 2875 1526 2920 me
1575 2875 1839 2937 nuper,
1874 2857 2075 2938 quid
2121 2876 2254 2938 per
2300 2865 2371 2917 te
2420 2853 2511 2917 sit
2556 2851 2625 2916 in
2674 2854 2805 2915 hac

277 2975 338 3017 re
391 2970 640 3039 actum,
707 2970 780 3023 et
829 2960 996 3042 quid
1044 2942 1232 3025 mihi'
1265 2966 1595 3027 consulas
1645 2963 1963 3027 similiter
2017 2963 2441 3041 faciendum.
2536 2961 2615 3025 In
2666 2979 2805 3042 quo

277 3082 408 3126 amo
451 3076 540 3147 te,
588 3070 680 3131 mi
713 3067 902 3147 Ecci,
954 3069 1276 3155 multum,
1318 3071 1484 3151 quia
1531 3071 1853 3135 tractasti
1904 3080 1975 3133 et
2020 3070 2326 3133 fideliter
2376 3078 2449 3135 et
2488 3067 2809 3153 graviter

278 3190 347 3231 ea
387 3174 608 3241 omnia
657 3175 1086 3239 adamussim
1134 3196 1434 3258 quorum
1482 3178 1610 3241 tibi
1659 3179 2035 3261 negocium
2078 3179 2317 3241 datum
2351 3187 2477 3241 est.
2542 3174 2633 3237 Et
2665 3192 2803 3255 ego

277 3295 520 3360 quoque
585 3282 839 3344 eodem
903 3282 1032 3345 tibi
1098 3284 1394 3347 consilio
1445 3284 1813 3349 Pontificis
1876 3286 2239 3348 decretum
2298 3284 2371 3347 in
2421 3283 2807 3345 Lutherum

279 3392 336 3444 et
389 3386 526 3449 eius
586 3388 994 3452 coniuratos
1043 3391 1366 3455 omnibus
1415 3392 1791 3475 Episcopis
1840 3393 2102 3473 obtuli,
2172 3402 2243 3455 et
2292 3392 2626 3455 mandata
2672 3389 2806 3453 rite

281 3508 406 3553 sum
462 3505 801 3558 executus
861 3516 1304 3578 quacumque
1366 3500 1712 3563 hactenus
1759 3499 1896 3563 iter
1942 3499 2111 3571 feci;
2180 3508 2251 3562 et
2298 3497 2356 3561 si
2405 3518 2582 3579 quos
2631 3495 2808 3560 alios

279 3593 336 3656 in
376 3598 496 3663 hoc
541 3600 1116 3682 frequentissimo
1165 3616 1523 3668 conventu
1571 3606 1961 3688 inveniam,
2024 3606 2289 3669 ididem
2339 3605 2629 3684 faciam,
2680 3606 2807 3667 sed

281 3706 566 3781 profecto
613 3711 796 3772 haec
845 3711 1080 3774 omnia
1127 3732 1374 3792 parum
1425 3714 1632 3777 nobis
1678 3715 1890 3778 video
1942 3714 2329 3796 profutura,
2383 3712 2513 3775 nisi
2554 3712 2805 3775 Caesa·

280 3808 358 3871 ris
411 3816 742 3880 autoritas
807 3817 1010 3880 adsit.
1109 3818 1246 3898 Qui
1297 3820 1480 3882 enim
1545 3842 1811 3903 quaeso
1874 3822 1999 3885 fiat
2044 3832 2121 3885 ut
2168 3821 2215 3883 ii
2265 3820 2558 3885 timeant
2606 3816 2802 3899 Epis-

282 3934 576 3998 coporum
626 3924 852 3986 minas
902 3925 1019 4006 qui
1069 3924 1338 3989 Summi
1389 3927 1756 3991 Pontificis
1806 3930 2322 4010 execrationes,
2376 3928 2515 3990 imo
2567 3922 2803 3987 Ponti-

281 4020 450 4089 ficem
506 4028 731 4110 ipsum
799 4030 922 4093 vix
988 4032 1114 4114 pili
1175 4032 1483 4098 faciant?
1582 4037 1953 4101 Plectendi
2002 4046 2165 4100 sunt
2210 4032 2549 4100 haeretici
2596 4032 2805 4113 virga

281 4126 482 4197 ferrea
540 4146 609 4199 et
670 4138 823 4218 igni
885 4140 1008 4201 ubi
1057 4141 1414 4205 obstinate
1462 4154 1775 4226 pergunt
1826 4154 1897 4207 et
1942 4165 2244 4226 peccare
2293 4142 2459 4225 ipsi,
2508 4150 2578 4203 et
2626 4139 2805 4203 alios

283 4236 534 4305 miseros
595 4244 666 4307 in
735 4244 1168 4326 profundam
1235 4247 1510 4312 ruinam
1576 4272 1813 4313 secum
1868 4255 2169 4331 habere,
2239 4261 2311 4313 et
2359 4246 2683 4311 tradendi
2732 4246 2802 4308 in

285 4340 592 4413 interitum
643 4352 876 4415 carnis
925 4374 1066 4435 quo
1114 4354 1404 4436 spiritus
1435 4358 1673 4420 salvus
1705 4357 1849 4439 fiat,
1902 4371 1978 4422 ut
2006 4359 2075 4421 in
2108 4356 2576 4441 Vigilantium
2611 4363 2803 4417 recte

285 4456 680 4531 cognominis
753 4480 950 4523 meus
1021 4462 1230 4525 divus
1303 4464 1657 4527 consuluit
1729 4466 2226 4548 Hieronymus.
2347 4463 2805 4545 Quapropter

288 4559 472 4623 maius
535 4586 666 4648 ego
733 4568 976 4631 nescio
1041 4568 1210 4649 quid
1277 4572 1369 4631 ab
1420 4570 1622 4634 initio
1671 4572 1911 4636 statim
1960 4592 2109 4635 sum
2158 4591 2545 4654 aggressus
2594 4589 2804 4649 quam

286 4676 382 4725 aut
422 4666 740 4735 Pontifex
807 4674 976 4737 mihi
1034 4675 1418 4739 iniunxerit
1485 4680 1676 4759 quod
1737 4678 1903 4743 fidei
1952 4682 2193 4743 hostes
2256 4678 2389 4742 sibi
2455 4676 2804 4759 quispiam

288 4778 760 4846 persuaderem.
872 4781 1048 4844 Nam
1121 4784 1483 4848 decretum
1556 4785 1881 4849 Caesaris
1953 4788 2023 4849 in
2092 4786 2334 4869 primis
2400 4783 2802 4869 procuravi,

291 4875 449 4941 cuius
495 4885 790 4951 maximo
841 4891 934 4951 ad
974 4892 1466 4972 exequendam
1499 4893 1868 4956 Pontificis
1899 4896 2322 4958 sententiam
2354 4893 2801 4973 adminicuIO,
