3575 5775
1727 565 1845 619 (ΜΒ
1926 563 2189 618 ’72ὦῶ

672 711 720 773 11
749 710 1063 792 Principi
1112 731 1242 793 per
1287 719 1468 773 sette
1517 710 1750 792 giorni
1800 713 2256 773 consultorno
2307 732 2439 774 con
2491 720 2691 776 tanta
2736 713 3239 793 controversia,

673 819 804 881 che
868 820 932 880 el
981 820 1185 881 Duca
1232 815 1524 882 Saxone
1589 826 1660 881 et
1728 819 1794 880 el
1842 817 2219 881 Marchese
2268 818 2864 902 Brandemburgh
2928 841 3240 884 vennere

672 925 871 1007 quasi
932 926 1022 988 ad
1085 946 1368 1006 manus,
1430 934 1500 988 et
1561 927 1869 988 sarebbe
1930 923 2111 988 fatto
2178 945 2253 988 se
2318 945 2459 988 non
2524 947 2601 988 se
2649 925 2843 990 fusse
2890 948 3121 990 messo
3170 928 3241 990 di

670 1032 956 1114 meggio
1015 1029 1442 1114 Saltzburgh
1507 1043 1576 1095 et
1643 1032 1803 1094 altri
1868 1034 2001 1095 che
2051 1032 2121 1093 vi
2172 1051 2427 1110 eran0,
2496 1035 2689 1113 quod
2738 1054 2781 1094 a
2840 1033 3243 1115 primordiis

672 1141 1097 1202 electoratus
1160 1141 1251 1202 ad
1316 1137 1496 1202 haec
1559 1159 1784 1221 usque
1848 1145 2201 1219 tempora,
2272 1139 2532 1202 dicono
2596 1140 2755 1202 tutti
2818 1141 2957 1207 mai
3005 1162 3243 1206 essere

670 1245 791 1328 piu
864 1247 1211 1310 accaduto
1287 1267 1444 1308 cum
1515 1255 1807 1327 stupore
1880 1244 2190 1308 omnium
2264 1254 2336 1307 et
2405 1245 2722 1327 periculo
2802 1247 2871 1310 di
2941 1250 3243 1330 qualche

669 1355 945 1434 grande
994 1355 1312 1417 tumulto·
2185 1334 2195 1344 ⁶

849 1461 1002 1524 Hor
1065 1462 1112 1523 li
1162 1458 1480 1540 Principi
1542 1459 1844 1522 Elettori
1904 1459 1973 1520 in
2037 1461 2105 1521 la
2173 1461 2329 1522 loro
2396 1461 2547 1522 sala
2610 1461 2651 1522 a
2712 1471 2965 1543 questo
3033 1463 3245 1524 modo

670 1589 888 1632 erano
953 1566 1192 1647 divisi,
1257 1568 1388 1629 che
1449 1566 1499 1629 11
1562 1577 1668 1628 tre
1728 1564 2195 1630 ecclesiastici
2245 1576 2317 1628 et
2366 1569 2429 1629 el
2479 1567 2853 1631 Marchese
2903 1567 2973 1630 di
3026 1569 3245 1632 Bran-

671 1676 1068 1757 demburgh
1138 1695 1354 1737 erano
1421 1673 1492 1736 di
1562 1695 1703 1738 uno
1770 1675 2005 1754 volet,
2074 1692 2275 1736 come
2340 1693 2557 1754 posso
2621 1675 2995 1738 intendere
3056 1675 3247 1738 assai

671 1785 908 1846 buono
959 1791 1176 1864 certo,
1226 1801 1340 1844 ma
1388 1802 1530 1844 non
1580 1782 1697 1844 del
1747 1789 1930 1844 tutto
1980 1799 2181 1844 come
2230 1779 2349 1842 noi
2398 1782 2743 1844 volearnO.

847 1889 934 1952 El
981 1886 1270 1952 Saxone
1328 1897 1400 1952 et
1459 1888 1507 1952 il
1557 1887 1889 1952 Palatino
1951 1887 2489 1950 obstinatissimi
2552 1887 2877 1968 insieme,
2945 1890 3077 1951 che
3142 1888 3245 1950 fa-

670 2016 893 2059 ceano
925 2015 1088 2059 cose
1132 1997 1226 2058 da
1273 1995 1498 2078 pacci,
1550 1995 1881 2058 oscirono
1930 1993 2091 2058 fora
2138 1994 2505 2075 cridandO,
2555 2015 2699 2059 non
2748 1998 3076 2058 obstante
3111 1998 3249 2058 che

669 2105 996 2167 deveano
1045 2103 1248 2184 sequi
1295 2102 1594 2184 pacifice
1643 2101 2127 2184 pluralitatem
2174 2110 2503 2165 votorum
2552 2103 2656 2164 sui
2706 2102 3011 2184 collegii.

847 2211 927 2274 Li
979 2220 1264 2293 quattro
1314 2210 1584 2274 dissero
1631 2230 1766 2291 per
1813 2229 2087 2290 organo
2136 2210 2254 2272 del
2303 2210 2683 2272 Marchese
2737 2209 2810 2272 di
2858 2209 3249 2274 Brandem-

670 2320 903 2401 burgh
963 2321 1222 2380 huomo
1291 2328 1363 2380 et
1424 2316 1644 2380 latine
1709 2327 1782 2379 et
1843 2316 2261 2379 Alemanice
2338 2315 2878 2395 facundissimO,
2959 2317 3029 2380 la
3087 2319 3250 2380 loro

671 2425 1039 2507 opinione,
1107 2425 1247 2487 alla
1310 2425 1518 2504 quale
1582 2444 1758 2505 pare
1812 2424 1945 2486 che
1995 2423 2405 2487 assentiano
2454 2423 2653 2486 molti
2699 2423 3005 2505 principi
3054 2423 3251 2486 della

669 2533 984 2596 secunda
1032 2532 1296 2607 classe,
1361 2539 1432 2591 et
1474 2529 1654 2610 pero
1703 2529 1921 2611 dopoi
1968 2532 2309 2612 alquanto
2358 2530 2668 2612 spatieto
2718 2531 2789 2594 di
2850 2539 3127 2612 tempO,
3198 2527 3255 2594 li

667 2637 830 2703 altri
891 2635 1010 2698 doi
1057 2635 1358 2699 Elettori
1420 2636 1694 2698 dissero
1744 2636 2233 2718 acquiescere,
2301 2637 2466 2718 quia
2514 2657 2811 2700 necesse
2860 2648 3045 2720 erat,
3118 2659 3253 2720 per

668 2748 738 2808 la
799 2743 1134 2826 pluralita
1198 2744 1268 2806 di
1330 2743 1484 2806 suoi
1547 2743 1895 2824 colleghi;
1965 2754 2197 2808 tamen
2262 2765 2394 2826 per
2453 2745 2503 2807 il
2551 2747 2829 2826 grande
2878 2755 3249 2810 contrasto

666 2853 896 2937 primo
959 2852 1176 2934 fatt0,
1245 2859 1318 2915 et
1378 2871 1509 2935 per
1555 2852 1622 2914 le
1670 2851 1994 2933 pratiche
2044 2853 2204 2915 chel
2251 2852 2457 2916 Duca
2504 2849 2797 2916 Saxone
2844 2854 3076 2918 havea
3124 2855 3247 2918 ha-

668 2972 867 3044 vute,
925 2970 1110 3025 tutta
1155 2962 1226 3023 la
1273 2960 1761 3040 conclusione,
1836 2962 1966 3022 che
2016 2961 2247 3024 devea
2294 2980 2490 3023 esser
2538 2980 2668 3043 per
2716 2960 2836 3024 noi
2883 2960 2959 3024 fu
3007 2960 3247 3025 intric-

667 3081 847 3151 cata,
898 3071 1029 3132 che
1072 3068 1160 3131 ne
1188 3068 1231 3131 'l
1265 3070 1469 3131 Duca
1497 3064 1790 3131 Saxone
1839 3069 2073 3131 havea
2117 3068 2385 3129 havuto
2432 3068 2502 3129 al
2550 3088 2676 3130 suo
2726 3069 2959 3149 modo,
3009 3087 3249 3150 neque

669 3188 904 3240 tamen
972 3176 1163 3238 ando
1227 3176 1542 3239 secundo
1604 3177 1740 3238 che
1806 3174 2188 3237 benissimo
2250 3176 2577 3239 haveano
2642 3175 3141 3238 comminciato
3194 3176 3247 3239 li

616 3292 622 3299 ‘
669 3285 828 3348 altri
895 3292 1178 3365 quattro
1208 3283 1511 3356 ,elettori
1562 3282 1920 3346 deliberat
1968 3302 2099 3363 per
2145 3280 2284 3344 noi.
2379 3281 2535 3345 Hor
2581 3283 2652 3345 la
2699 3282 3109 3347 conclusion
3170 3285 3247 3347 di

667 3392 830 3454 tutti
879 3394 1172 3473 (quanto
1221 3390 1579 3471 possiamo
1627 3390 1959 3453 intender
2005 3389 2075 3451 in
2126 3390 2358 3470 questi
2406 3390 2685 3455 articuli
2732 3390 2880 3453 dati
2928 3412 2973 3453 a
3020 3390 3247 3455 Cesar

667 3500 739 3561 in
805 3497 1048 3561 scritto
1097 3497 1538 3574 Alemanice)
1599 3496 1677 3559 fu
1739 3495 1967 3578 primo
2017 3494 2162 3560 ‘che
2211 3498 2715 3578 regratiavano
2766 3496 2912 3561 Sua
2960 3498 3247 3561 Maesta

668 3608 800 3669 che
862 3605 1180 3687 potendo
1245 3624 1376 3685 per
1437 3624 1514 3667 se
1576 3604 1873 3668 mandar
1919 3604 2126 3668 fuora
2186 3587 2286 3667 tal
2335 3606 2670 3667 mandato
2720 3613 2959 3669 tamen
3007 3609 3247 3671 havea

666 3718 912 3787 voluto
975 3712 1452 3775 communicat
1513 3732 1648 3775 con
1704 3713 1885 3776 loro:
1959 3711 2021 3774 Il
2068 3712 2199 3773 che
2250 3732 2373 3773 era
2419 3713 2559 3774 ben
2609 3710 2795 3775 fatto
2826 3732 2959 3793 per
2990 3734 3246 3777 servat·

661 3821 817 3902 jura
863 3818 1182 3901 Imperii:
1248 3818 1506 3881 deinde
1555 3819 1686 3883 che
1734 3839 1866 3901 per
1914 3818 2155 3883 niente
2202 3820 2300 3881 tal
2348 3821 2687 3882 mandato
2737 3820 2795 3883 si
2862 3822 3243 3885 mandasse

666 3925 874 3989 fuora
932 3946 1064 4007 per
1125 3927 1255 3987 0110
1323 3929 1628 3989 sarebbe
1691 3946 1908 3990 causa
1973 3926 2042 3989 di
2100 3926 2573 4009 grandissimo
2622 3929 2961 3989 scandalo
3010 3947 3142 4009 per
3192 3929 3243 3991 li

667 4033 914 4115 populi
981 4034 1112 4096 che
1175 4032 1296 4115 gia
1361 4051 1504 4096 non
1571 4052 1879 4097 cercano
1941 4054 2017 4097 se
2078 4053 2220 4096 non
2282 4033 2527 4095 venire
2596 4034 2686 4095 ad
2742 4054 2939 4097 arma
2984 4043 3058 4097 et
3105 4037 3243 4099 che

668 4138 814 4202 Sua
863 4140 1140 4203 Maesta
1202 4142 1434 4204 havea
1495 4140 1815 4203 divinato
1879 4143 2063 4203 bene
2112 4161 2155 4201 a
2201 4141 2595 4203 demandar
2660 4143 2725 4203 el
2786 4160 2999 4223 parer
3057 4144 3241 4223 loz-0,

667 4246 932 4327 perche
993 4247 1414 4309 altramente
1480 4246 1524 4309 1’
1561 4248 1917 4310 han-ebbe
1965 4246 2150 4309 visto
2198 4267 2291 4309 un
2340 4248 2619 4328 grande
2666 4247 2879 4312 fuoco
2942 4248 3010 4311 in
3064 4247 3239 4313 Ger-

670 4352 924 4433 mania,
975 4373 1013 4414 e
1063 4351 1211 4416 cosi
1258 4353 1379 4436 gia
1427 4352 1563 4416 sibi
1610 4352 2082 4417 vendicarunt
2142 4363 2387 4416 votum
2434 4354 2789 4417 liberandi
2836 4355 2906 4418 in
2957 4358 3090 4419 hac
3138 4377 3239 4437 re,

667 4459 857 4540 quod
907 4470 1141 4523 tamen
1193 4460 1676 4525 Cancellarius
1725 4460 1933 4523 nobis
1978 4463 2452 4542 responderat
2498 4482 2639 4525 non
2688 4462 3033 4535 futurum3
3102 4466 3241 4527 che

671 4566 806 4629 Dio
883 4565 929 4627 li
987 4569 1312 4648 perdoni.
1424 4570 1581 4632 Ben
1649 4566 1923 4631 dissero
1991 4568 2123 4630 che
2190 4569 2430 4633 avanti
2494 4569 2627 4632 che
2689 4589 2766 4632 se
2829 4571 3131 4632 havesse
3194 4592 3240 4634 a

667 4673 1026 4754 publicar,
1093 4676 1378 4738 omnino
1439 4696 1516 4740 se
1577 4676 1971 4739 chiamasse
2020 4675 2329 4739 Mai-tino
2380 4678 2511 4740 sub
2561 4677 3115 4741 salvoconducto
3166 4688 3243 4741 et

667 4779 1230 4863 interrogaretur
1276 4803 1355 4845 se
1403 4782 1498 4846 lui
1545 4785 1777 4847 havea
1826 4782 2069 4847 scritto
2120 4782 2242 4845 tali
2293 4783 2485 4864 libri,
2542 4794 2614 4846 et
2660 4802 2739 4847 se
2788 4784 2836 4846 li
2885 4803 3238 4849 comman-

670 4888 900 4969 dasse,
949 4889 1080 4951 che
1130 4890 1366 4969 quello
1416 4891 1550 4953 che
1599 4901 1804 4955 tocca
1849 4892 1919 4953 la
1966 4890 2155 4970 fede,
2206 4900 2277 4951 et
2324 4889 2373 4953 li
2423 4891 2849 4954 sacramenti
2899 4891 2993 4954 lui
3034 4912 3237 4957 revo—
