3575 5775
1717 540 1833 594 0-233
1911 541 2017 598 106
2098 538 2215 594 CH>

679 701 888 766 istum
937 702 1323 771 hominem:
1375 715 1448 766 et
1477 703 1658 785 sapii
1694 703 1963 766 Vostra
1996 702 2334 785 Signoria
2366 703 3001 768 Reverendissima
3044 706 3175 768 che
3212 705 3253 766 ’1

681 809 1067 873 Confessor
1129 831 1170 874 a
1235 812 1590 874 mantenir
1637 811 1901 876 Cesare
1962 811 2109 894 (qui
2170 813 2363 874 solus
2418 813 2651 874 bonus
2700 815 2834 892 est)
2894 815 3019 896 pol
3064 811 3253 874 35531

628 940 632 945 ·
679 917 892 980 immo
941 918 1092 980 fere
1141 920 1378 981 omnia
1427 929 1498 982 et
1542 917 1921 1001 persertim
1968 917 2042 981 in
2090 939 2167 981 re
2217 919 2661 999 Lutherana,
2722 919 2795 981 in
2846 939 2986 1001 qua
3034 918 3257 981 Cesar

681 1029 860 1088 cossi
912 1025 1098 1106 sarii,
1150 1045 1352 1088 como
1401 1025 1449 1089 11
1501 1027 1658 1090 sare
1705 1035 2121 1090 mantenuta
2170 1029 2240 1089 la
2286 1027 2761 1106 conscientia,
2828 1027 2897 1089 13
2946 1027 3111 1108 qual
3162 1028 3257 1088 da

681 1153 808 1195 sua
856 1143 1108 1196 natura
1155 1155 1266 1196 me
1315 1154 1449 1216 par
1495 1136 1625 1197 che
1676 1134 1926 1197 habbii
1970 1133 2220 1198 melior
2268 1135 2398 1196 che
2445 1135 2680 1213 hom0‚
2732 1135 2862 1196 che
2910 1133 3048 1196 mai
3082 1133 3255 1196 vidi.

859 1241 1090 1304 Resta
1139 1242 1270 1305 che
1317 1243 1386 1304 io
1434 1243 1797 1324 responda
1826 1263 1869 1304 a
1900 1241 2140 1323 quella
2177 1251 2405 1322 parte,
2455 1241 2587 1303 che
2616 1241 2884 1304 Vostra
2918 1240 3257 1322 Signoria

679 1347 1315 1411 Reverendissima
1359 1348 1430 1410 in
1481 1358 1662 1411 tutte
1709 1369 1835 1411 sue
1884 1350 2092 1412 lettre
2142 1348 2234 1411 mi
2283 1349 2533 1428 scrive‚
2585 1349 2716 1410 che
2766 1348 3037 1411 usiamo
3080 1349 3257 1430 ogni

681 1454 844 1517 fede
909 1465 980 1518 et
1042 1455 1450 1539 diligentia,
1517 1465 1589 1520 et
1649 1455 1871 1520 siamo
1934 1476 2219 1538 sempre
2278 1455 2649 1539 congiunti
2698 1466 2771 1519 et
2819 1456 3157 1519 concordi
3204 1457 3261 1518 il

681 1562 948 1645 Signor
979 1563 1532 1627 Prothonotario
1567 1563 1947 1628 Carazzolo
1998 1572 2069 1626 et
2116 1563 2215 1626 io:
2290 1562 2451 1644 Qua
2498 1563 2567 1626 in
2618 1583 2695 1625 re
2746 1563 3070 1645 supplico
3122 1564 3259 1626 che

679 1669 764 1732 N.
816 1668 888 1734 S.
941 1681 1010 1733 et
1061 1671 1146 1734 V.
1199 1668 1271 1734 S.
1323 1671 1515 1734 Rma
1578 1671 1793 1734 stiino
1858 1672 1947 1734 de
2012 1673 2203 1734 bono
2270 1671 2503 1732 animo
2570 1682 2909 1752 quantum
2976 1670 3066 1731 ad
3120 1669 3257 1732 hoc

679 1779 811 1840 che
871 1770 1067 1840 berto
1131 1777 1205 1840 di
1265 1779 1335 1839 13
1382 1778 1547 1842 fede
1597 1788 1670 1840 et
1717 1778 1953 1842 studio
2004 1797 2143 1840 non
2196 1797 2283 1840 ne
2334 1797 2781 1859 sapressemo
2830 1775 3257 1856 metter'pifl

679 1895 752 1946 et
815 1885 903 1947 de
966 1904 1162 1946 esser
1223 1884 1534 1948 unanimi
1599 1884 1668 1947 in
1725 1888 1826 1949 tal
1890 1885 2102 1948 modo
2164 1883 2261 1946 fin
2310 1887 2425 1965 qul
2477 1883 2811 1948 habiamo
2860 1882 3258 1964 negotiatO,

681 1992 780 2054 ita
829 1991 896 2053 in
947 1993 1078 2054 hac
1129 2013 1204 2056 re
1256 2012 1470 2056 unum
1499 1992 1868 2071 sensimus,
1919 2012 2127 2054 unum
2162 1991 2557 2054 studuimus
2608 2001 2684 2053 ut
2735 1990 2905 2054 nihil
2938 1991 3265 2072 potuerit

681 2119 836 2162 esse
885 2099 1092 2162 nobis
1140 2098 1598 2164 coniunctius.
1697 2099 1933 2164 Oimel
1990 2102 2295 2164 sai-ebbe
2352 2099 2611 2162 adesso
2660 2107 2899 2180 tempo
2950 2099 3085 2160 che
3136 2097 3259 2160 noi

680 2206 974 2270 fossimo
1021 2207 1336 2272 discordi
1383 2207 1454 2270 in
1504 2215 1708 2270 tanta
1751 2227 1985 2272 rerum
2035 2206 2343 2270 omnium
2390 2205 2954 2287 perturbatione,
3004 2213 3265 2266 contra

681 2313 860 2378 tanti
909 2323 982 2376 et
1026 2317 1084 2378 si
1131 2314 1324 2396 aspri
1375 2314 1626 2378 nemini
1677 2317 1765 2376 de
1814 2314 1863 2378 li
1914 2313 2136 2378 nostri
2184 2313 2499 2394 patroni,
2558 2313 2628 2375 di
2679 2312 2723 2375 l'
2756 2314 3015 2386 honor,
3064 2311 3139 2372 di
3190 2313 3265 2373 13

679 2420 948 2502 patria,
1016 2421 1086 2483 di
1138 2422 1208 2486 13
1256 2422 1428 2486 sede
1476 2442 1772 2486 romana
1820 2421 2281 2486 fundamento
2332 2422 2423 2483 de
2470 2429 2717 2484 nostra
2763 2430 3011 2482 sancta
3056 2417 3262 2480 fede:

683 2549 824 2590 non
872 2528 1042 2592 volii
1091 2528 1230 2596 Dio
1279 2531 1408 2592 che
1459 2531 1558 2594 tal
1605 2528 2161 2592 inconveniente
2226 2526 2512 2600 accadi3
2576 2527 2663 2590 ne
2726 2524 3037 2607 suspichi
3096 2545 3263 2606 per-

679 2637 772 2700 ho
819 2635 903 2700 V.
951 2633 1024 2698 S.
1069 2637 1261 2702 Rma
1309 2637 1426 2700 noi
1475 2657 1670 2700 esser
1719 2637 1882 2700 stati
1934 2634 2248 2698 discordi
2295 2654 2429 2716 per
2461 2635 2699 2714 quello
2732 2634 2862 2696 che
2893 2632 2965 2696 io
2998 2632 3263 2712 scripsi

683 2761 878 2806 esser
937 2752 1048 2806 sta
1105 2742 1289 2807 fatto
1351 2764 1551 2808 error
1597 2743 1691 2813 in¹
1720 2743 2043 2806 nominar
2092 2745 2317 2805 solum
2368 2741 2465 2804 lui
2513 2741 2583 2802 in
2632 2741 2865 2804 alcuni
2914 2741 2984 2802 di
3034 2740 3265 2821 quelli

682 2850 884 2915 brevi
933 2850 1348 2915 credentiali
1397 2851 1883 2917 ultimamente
1917 2851 2165 2933 scripti
2198 2849 2384 2913 circa
2414 2851 2485 2913 13
2514 2847 2811 2911 materia
2846 2847 3035 2911 della
3063 2846 3265 2927 fede,

682 2960 814 3023 che
863 2960 1080 3027 credo
1126 2960 1176 3026 il
1223 2959 1612 3023 secretario
1646 2980 1785 3023 non
1818 2960 2045 3041 penso
2082 2961 2503 3021 altramente
2532 2977 2666 3038 per
2697 2956 3265 3031 inadvertentia;

681 3068 799 3131 del
848 3070 981 3131 che
1030 3069 1096 3131 el
1143 3068 1344 3131 detto
1379 3066 1642 3149 Signor
1691 3066 2249 3131 Prothonotario
2298 3066 2375 3129 fu
2414 3064 2534 3146 pin
2573 3066 2714 3127 mal
2752 3072 3089 3126 contento
3124 3065 3268 3126 che

683 3176 774 3253 io,
809 3176 1090 3257 perche,
1123 3195 1326 3237 como
1361 3175 1917 3257 prudentissimo
1962 3186 2033 3238 et
2067 3174 2137 3239 in
2172 3176 2357 3254 loco,
2392 3192 2799 3255 cognoscea
2828 3190 2969 3235 non
3000 3172 3271 3253 giovar

681 3283 825 3345 alla
885 3303 1056 3345 cosa
1117 3292 1360 3348 nostra
1421 3282 1795 3364 presertim
1856 3284 1923 3347 in
1984 3303 2063 3346 re
2110 3280 2279 3347 fidei
2333 3283 2402 3345 13
2450 3282 2616 3362 qual
2662 3278 3269 3361 principalmente

683 3392 718 3453 ὲ
769 3409 1160 3456 commessa
1209 3411 1252 3453 3
1293 3410 1410 3455 me
1473 3398 1544 3453 et
1605 3409 1738 3471 per
1804 3398 2061 3471 questa
2126 3408 2341 3451 031153
2406 3388 2917 3471 specialmente
2964 3404 3096 3449 son
3144 3398 3271 3449 sta

683 3498 1048 3577 mandato„
1099 3506 1170 3561 et
1218 3519 1261 3560 3
1309 3518 1420 3563 me
1467 3508 1674 3561 toeca
1721 3499 1995 3578 pai-lar,
2046 3498 2401 3577 disputat,
2450 3513 2815 3579 proponet
2862 3494 3271 3576 persuadet

683 3602 1015 3685 privatim
1077 3618 1149 3667 et
1209 3605 1492 3687 publice
1551 3626 1788 3669 coram
1840 3606 2175 3668 universo
2222 3602 2521 3686 irnperio
2574 3603 2641 3665 in
2693 3620 2907 3665 unum
2958 3619 3265 3681 congre-

682 3720 854 3794 gato
903 3714 1016 3777 vel
1063 3711 1276 3778 etiam
1326 3734 1564 3777 eoram
1612 3714 1913 3795 singulis
1962 3712 2335 3777 ordinibus
2382 3712 2499 3774 vel
2546 3708 2991 3791 principibus
3039 3708 3265 3791 impe-

683 3820 766 3883 rii
818 3840 1159 3900 seorsum,
1205 3840 1406 3885 come
1453 3820 1571 3885 fin'
1605 3840 1731 3883 ora
1779 3840 2059 3901 sempre
2108 3821 2202 3882 ho
2249 3819 2431 3881 fatto
2482 3816 2993 3881 comunicando
3043 3822 3265 3879 tutta·

683 3927 800 3990 via
846 3928 895 3990 il
943 3936 1126 3993 tutto
1176 3947 1308 3993 con
1361 3928 1558 3992 detto
1591 3927 2169 4006 Prothonotario‚
2218 3926 2267 3989 il
2317 3926 2481 4006 qual
2530 3944 2795 3989 ancora
2833 3922 2971 3986 mai
3004 3942 3271 3987 manca

683 4036 970 4115 quando
1037 4035 1084 4098 il
1148 4036 1472 4099 richiedo
1517 4045 1840 4099 troverse
1890 4055 2111 4097 ancor
2158 4033 2251 4097 lui
2302 4042 2639 4114 presente
2688 4033 2755 4095 31
2805 4029 3137 4112 negotiar
3190 4044 3271 4093 et

683 4142 778 4206 lui
829 4142 1138 4207 vicissim
1187 4142 1258 4205 di
1310 4146 1379 4206 13
1427 4164 1595 4206 0053
1643 4143 1716 4208 di
1763 4145 1833 4205 13
1882 4162 2009 4205 sua
2056 4140 2409 4223 principal
2456 4137 2949 4203 commissione
2987 4158 3265 4201 amore-

684 4252 1044 4313 volmente
1091 4252 1448 4331 participa
1497 4270 1630 4313 con
1679 4270 1879 4313 meco
1930 4250 2017 4313 ne
2070 4248 2205 4313 mai
2254 4248 2351 4311 fin
2400 4254 2516 4328 qui
2568 4248 2603 4309 ὲ
2638 4255 2825 4309 stato
2861 4264 3267 4307 commesso

687 4378 779 4419 un
843 4357 1128 4421 minimo
1195 4378 1397 4421 error
1453 4359 1538 4421 ne
1584 4356 1764 4421 fatto
1814 4376 1949 4438 pur
1996 4376 2089 4419 un
2140 4374 2368 4435 segno
2416 4352 2485 4415 di
2536 4352 2833 4415 dissidio
2884 4372 2925 4413 o
2972 4350 3269 4415 simultii

687 4466 942 4527 alcuna
987 4462 1100 4527 fra
1147 4466 1288 4529 noi.
1383 4465 1469 4527 Et
1518 4465 1781 4547 perche
1833 4464 1920 4528 V.
1973 4461 2047 4527 S.
2096 4463 2289 4525 Rma
2352 4460 2471 4543 gie
2536 4459 2606 4521 in
2672 4467 2923 4539 queste
2970 4458 3107 4519 doe
3157 4461 3265 4520 ul-

685 4573 854 4637 time
897 4574 1152 4637 lettere
1199 4594 1277 4636 se
1327 4576 1568 4655 degna
1613 4594 1658 4639 3
1703 4572 1932 4635 fai-me
1982 4570 2445 4635 excusatione
2494 4586 2713 4631 ancor
2760 4567 2893 4628 che
2939 4584 3079 4627 non
3134 4566 3263 4628 be-

687 4698 1032 4761 sognasse
1080 4680 1211 4743 che
1245 4680 1286 4741 '1
1335 4681 1476 4742 mio
1509 4678 1776 4762 Signor
1825 4699 1901 4741 se
1948 4676 2357 4739 humiliasse
2406 4696 2448 4736 3
2496 4679 2549 4736 si
2601 4673 2698 4735 vil
2747 4692 2914 4735 cosa
2964 4688 3173 4733 verso
3212 4672 3263 4733 il

686 4807 813 4850 suo
863 4807 1095 4865 serVO,
1146 4787 1636 4850 dubitandomi
1686 4788 1816 4848 che
1865 4786 2103 4867 quella
2151 4802 2292 4845 non
2342 4782 2562 4845 habbi
2596 4780 2845 4862 piliato
2880 4780 3129 4842 umbra
3164 4780 3268 4842 da

689 4893 824 4957 mie
890 4897 1142 4957 lettere
1207 4896 1338 4957 che
1403 4914 1534 4977 per
1601 4893 1988 4956 ambitione
2038 4890 2105 4953 io
2154 4910 2265 4952 me
2312 4888 2505 4951 habii
2557 4890 2942 4950 lamentato
2990 4891 3062 4947 et
3110 4904 3261 4949 non
