3575 5775
1661 519 1776 579 443
1855 519 1960 578 118
2038 523 2153 578 8³0

623 684 812 736 esset
859 669 1193 752 facturuS,
1245 671 1434 752 quod
1483 691 1576 734 ex
1625 681 1793 733 tunc
1840 671 2041 734 iuxta
2074 681 2145 734 et
2174 672 2366 752 apud
2402 670 2821 734 Caesaream
2860 669 3186 734 Maiesta-

625 793 763 844 tem
827 800 1044 861 supra
1103 787 1476 860 parentum
1539 797 1825 840 suorum
1888 789 1959 840 et
2008 779 2548 859 progenitorum
2594 777 2841 856 fidem,
2913 791 2981 840 et
3030 778 3189 840 arti-

624 890 820 950 culos
854 885 1298 948 Christianae
1343 883 1510 948 fidei
1559 889 1835 966 absque
1883 885 2198 946 ulteriori
2250 885 2730 966 disputatione
2772 905 3195 965 permanere

624 1005 695 1056 et
754 995 1136 1072 adherere,
1219 1003 1290 1055 et
1351 992 1750 1054 huiusmodi
1814 991 2025 1054 fidem
2096 994 2285 1054 velle
2356 993 2949 1055 manutenendam
2998 992 3191 1054 adiu-

623 1121 793 1163 vare
861 1111 992 1162 etC.
1059 1110 1127 1162 et
1188 1100 1476 1161 tandem
1539 1111 1902 1180 postremo
1970 1119 2119 1162 rem
2184 1099 2411 1180 ipsam
2479 1099 2804 1181 posuisse
2864 1101 2955 1161 ad
3022 1101 3189 1161 ulte-

621 1209 880 1271 riorem
936 1205 1334 1269 Maiestatis
1384 1207 1781 1268 Caesareae
1854 1206 2444 1268 deliberationem
2511 1217 2583 1269 et
2643 1207 3195 1288 beneplacitum,

622 1317 809 1397 quod
857 1314 1127 1395 pariter
1174 1313 1330 1393 ipsa
1379 1311 1733 1375 Caesarea
1779 1311 2122 1375 Maiestas
2170 1314 2556 1376 clementer
2604 1313 3026 1394 acceptavit.

799 1422 1078 1484 Deinde
1125 1439 1340 1500 super
1387 1417 1786 1481 huiusmodi
1838 1419 2320 1502 disputatione
2370 1420 2907 1482 consultationis
2948 1439 3196 1482 eorum

621 1541 692 1592 et
757 1507 1026 1610 pariter
1073 1527 1538 1606 exhibitione,
1603 1529 1795 1608 apud
1844 1548 1921 1589 se
1971 1527 2327 1592 Caesarea
2370 1527 2711 1589 Maiestas
2756 1536 3030 1588 mature
3078 1527 3193 1588 de·

621 1635 951 1698 liberavit
1021 1645 1094 1697 et
1163 1633 1512 1696 conclusit
1577 1635 1668 1695 ad
1729 1634 2132 1696 vocandum
2195 1633 2581 1696 Martinum
2644 1634 3031 1696 Lutherum
3100 1633 3195 1694 ad

620 1746 806 1806 hunc
857 1747 1109 1823 locum,
1160 1752 1232 1804 et
1278 1739 1714 1804 sufficienter
1763 1741 2283 1822 providendum
2335 1741 2398 1803 ei
2447 1743 2537 1804 de
2586 1744 2787 1804 salvo
2836 1741 3193 1802 conductu

623 1848 955 1912 veniendi
1027 1859 1096 1911 et
1161 1848 1550 1912 recedendi
1613 1869 1696 1910 ac
1759 1849 2107 1910 redeundi
2170 1849 2261 1910 ad
2322 1848 2775 1910 securitatem
2838 1867 3032 1910 suam
3101 1848 3193 1908 ad

620 1957 1204 2038 interrogandum
1271 1966 1342 2018 et
1405 1956 1837 2019 audiendum
1899 1975 2089 2034 eum,
2158 1965 2233 2018 ut
2280 1955 2745 2035 praemissum
2794 1965 2939 2034 est,
3002 1955 3191 2034 quod

621 2063 848 2126 etiam·
880 2063 1019 2125 iam
1065 2083 1200 2145 per
1243 2073 1574 2145 patentes
1621 2062 1865 2125 literas
1912 2063 2263 2125 universis
2295 2062 2646 2124 intimavit
2678 2082 2835 2124 cum
2869 2081 3195 2142 appenso

619 2173 990 2250 mandatO,
1067 2173 1254 2252 quod
1319 2171 1688 2234 Electores
1751 2169 2265 2251 Principesque
2329 2181 2397 2231 et
2464 2179 2691 2231 status
2752 2168 3033 2250 Imperii
3100 2188 3197 2229 ex

620 2288 869 2341 tenore
917 2280 1291 2360 appositae
1341 2279 1594 2360 copiae
1643 2277 2063 2360 percipient.

797 2385 1069 2447 Verum
1098 2387 1288 2466 quod
1321 2385 1704 2448 novissime
1735 2383 1872 2466 ipsi
1899 2385 2269 2447 Electores
2292 2384 2807 2464 Principesque
2838 2403 2919 2445 ac
2948 2380 3195 2444 Status

619 2491 905 2573 Imperii
955 2493 1342 2574 requirunt,
1393 2494 1585 2574 quod
1631 2492 1976 2554 Maiestas
2024 2490 2380 2555 Caesarea
2424 2491 2802 2573 provideat
2850 2503 2920 2552 et
2968 2490 3191 2552 inten-

622 2601 744 2660 dat
804 2599 1122 2681 gratiose
1189 2601 1378 2682 quod
1447 2599 1867 2680 gravamina
1928 2609 1998 2661 et
2059 2602 2323 2661 abusus
2370 2598 2489 2679 qui
2539 2617 2743 2660 sacro
2794 2596 3099 2677 Imperio
3148 2617 3193 2657 a

621 2705 810 2769 Sede
873 2708 1296 2789 Apostolica
1361 2707 1596 2770 multis
1663 2707 1891 2770 modis
1956 2707 2390 2785 inferuntur,
2458 2706 2551 2767 ad
2620 2705 3055 2766 tollerabiles
3120 2714 3193 2765 et

619 2815 1015 2897 portabiles
1077 2819 1328 2878 modos
1389 2817 1861 2894 reducantur,
1924 2814 2279 2878 Caesarea
2326 2814 2665 2895 Majestas
2712 2821 2822 2873 est
2868 2814 3050 2872 bene
3102 2813 3195 2872 ad

617 2924 797 2985 haec
845 2944 1225 3006 propensa.
1321 2924 1411 2985 Et
1459 2927 1552 2987 ob
1601 2924 1672 2985 id
1721 2923 2121 2985 huiusmodi
2171 2921 2590 3004 gravamina
2640 2930 2709 2983 et
2756 2923 3019 2983 abusus
3050 2942 3197 2983 una

621 3051 776 3093 cum
827 3051 1070 3094 eorum
1120 3030 1642 3093 consultatione
1691 3042 1763 3093 et
1812 3031 2148 3112 opinione
2196 3029 2268 3091 in
2314 3026 2597 3108 scriptis
2630 3029 3002 3109 porrigere
3030 3048 3193 3108 pos-

619 3148 782 3199 sunt
809 3137 1205 3201 Caesareae
1231 3138 1592 3220 Majestati
1617 3158 1801 3219 quae
1832 3146 2084 3219 postea
2118 3156 2332 3218 super
2364 3136 2641 3197 illorum
2669 3136 3197 3197 consultatione

616 3255 690 3307 et
735 3246 1072 3326 opinione
1119 3246 1548 3309 deliberabit
1597 3255 1668 3307 et
1715 3244 2145 3306 consultabit
2195 3244 2425 3305 etiam.
2478 3242 2567 3303 Et
2598 3241 2657 3303 si
2688 3243 2857 3322 quid
2891 3245 3193 3305 ulterius

619 3353 1138 3433 providendum
1187 3362 1261 3414 et
1307 3353 1664 3432 agendum
1715 3352 1871 3429 erit,
1919 3372 2073 3412 cum
2127 3351 2395 3413 eisdem
2444 3348 2889 3411 Electoribus
2938 3360 3008 3410 et
3056 3362 3189 3411 sta-

620 3459 808 3521 tibus
855 3459 1169 3541 benigne
1218 3468 1289 3520 et
1339 3460 1727 3521 clementer
1773 3457 2156 3539 interloqui
2207 3457 2395 3520 velit.

1696 3654 1728 3665 ,ικ
1756 3655 1766 3661 ³
1775 3658 1783 3665 a
1794 3654 1979 3667 κωμῶν»
1992 3656 2104 3666 wax-Ju-

1851 3796 1958 3861 44.

1145 3913 1437 3993 Carolus
1493 3912 1570 3993 V.
1629 3912 1810 3993 Duoi
1866 3911 2221 3993 Saxoniae
2278 3912 2653 3994 Friderioo.

1537 4052 1735 4119 (Aeta
1771 4050 2100 4110 wormac.
2137 4051 2277 4121 109.)

1639 4160 1748 4229 (11.
1789 4163 1970 4211 Martii
2017 4162 2188 4224 1521.)

622 4288 918 4353 Carolus
947 4288 1210 4351 Divina
1241 4287 1530 4351 favente
1564 4287 1943 4349 clementia
1975 4288 2245 4351 electus
2270 4288 2763 4350 Romanorum
2800 4288 3197 4370 Imperator

1479 4414 1764 4475 semper
1812 4405 2156 4476 augustus
2206 4404 2337 4457 ete.

1155 4510 1476 4574 Fridrico
1525 4508 1708 4573 Duci
1757 4506 2119 4573 Saxoniae
2168 4507 2479 4573 Electori
2526 4520 2659 4573 ete.

797 4626 1096 4689 Illustris
1142 4628 1478 4709 princeps
1510 4626 1799 4702 Elector
1847 4626 2377 4707 consanguinee
2426 4626 2865 4699 charissime3
2916 4626 3193 4707 scripsi-

621 4754 773 4797 mus
812 4732 941 4797 tibi
970 4734 1296 4815 proxime
1331 4756 1423 4797 ex
1459 4732 1933 4817 Oppenhaim,
1967 4734 2561 4815 quemadmodum
2595 4732 2977 4795 Beatitudo
3013 4733 3193 4794 Pon-

621 4839 830 4903 tificis
863 4840 1012 4905 Nos
1043 4861 1176 4923 per
1205 4841 1555 4904 Nuncium
1588 4861 1790 4904 suum
1822 4840 2089 4923 requiri
2122 4840 2431 4921 fecisset,
2465 4849 2543 4902 ut
2575 4838 2867 4903 Martini
2900 4838 3193 4901 Lutheri
