3575 5775
1679 561 2174 616 0-<3102Qw

641 708 832 770 disse
889 709 1184 770 haverlo
1240 706 1422 769 fatto
1479 707 1741 788 perche
1812 728 1955 770 non
2014 729 2137 770 era
2194 718 2441 771 tenuto
2496 731 2537 772 a
2587 711 2839 774 credet
2896 711 2966 772 la
3020 712 3225 773 bulla.

641 836 837 878 esser
883 835 1077 892 vera,
1125 813 1268 877 fino
1318 815 1450 877 6116
1496 814 1539 876 1’
1575 816 1879 878 havesse
1928 815 2114 879 visto
2164 815 2208 877 l'
2246 815 2577 898 original,
2626 827 2698 880 et
2746 817 2815 880 io
2850 816 3219 880 reflecten-

643 923 788 986 doli
844 923 888 984 1'
923 932 1342 1004 argumento
1398 922 1708 1004 resposi‚
1775 924 1909 984 che
1968 923 2056 986 ne
2108 925 2336 986 anche
2385 923 2484 987 lui
2542 925 2774 988 devea
2818 924 3227 1006 publicarla

643 1050 836 1094 65561·
883 1028 1087 1109 falsa,
1135 1028 1278 1090 fino
1329 1030 1460 1092 che
1509 1030 1813 1092 havesse
1861 1031 2129 1092 veduto
2176 1031 2221 1092 l'
2259 1030 2587 1112 original,
2650 1031 2912 1114 perche
2962 1042 3221 1113 questo

640 1157 764 1200 era
812 1137 936 1218 piu
983 1155 1208 1217 grave
1257 1155 1456 1198 error
1505 1137 1919 1200 condennar
1966 1138 2038 1200 16
2086 1157 2253 1199 6056
2287 1139 2421 1200 6116
2452 1139 2497 1202 l'
2531 1140 2743 1202 homo
2780 1159 2919 1202 non
2953 1159 3055 1218 sa,
3102 1159 3227 1202 1116

641 1245 733 1306 (16
780 1245 1130 1326 prudente
1179 1263 1304 1305 era
1349 1261 1392 1306 0
1441 1243 1533 1306 (16
1581 1251 1780 1305 tacer
1828 1263 1871 1306 ο
1920 1243 2041 1325 piu
2092 1253 2281 1308 tosto
2319 1244 2427 1308 dir
2461 1245 2525 1308 el
2556 1246 2821 1328 meglio
2853 1247 3015 1310 61161
3043 1266 3223 1329 peg-

639 1350 782 1433 gi0.
835 1350 952 1412 Ad
1002 1351 1179 1413 haec
1227 1370 1358 1431 per
1405 1350 1638 1414 Deum
1687 1350 1970 1412 erubuit
2019 1360 2091 1414 et
2140 1351 2512 1433 obmutuit,
2564 1363 2635 1414 et
2682 1354 2753 1416 io
2809 1354 3225 1418 vedendolo

639 1457 936 1522 confuso
987 1459 1057 1520 16
1102 1456 1333 1520 buttai
1381 1456 1452 1520 in
1501 1457 1646 1520 riso
1694 1456 2012 1536 insieme,
2064 1466 2137 1520 et
2166 1458 2705 1538 ragionassemo
2738 1461 2807 1523 di
2837 1463 3017 1525 altre
3048 1481 3225 1524 cose

639 1573 712 1628 et
768 1567 1024 1627 alcuna
1081 1565 1278 1627 volta
1329 1564 1398 1626 io
1447 1566 1516 1626 lo
1567 1565 1877 1627 laudava
1924 1564 2083 1627 chel
2133 1583 2274 1628 non
2323 1565 2557 1628 havea
2602 1565 2785 1629 fatto
2834 1588 3033 1630 come
3080 1568 3221 1630 Lu-

639 1674 816 1750 ther,
867 1681 938 1734 et
985 1670 1477 1734 confortavalo
1528 1691 1570 1734 6
1617 1671 1933 1734 scrivere
1983 1690 2071 1734 ea
2119 1691 2304 1752 quae
2354 1671 2794 1754 edificarent,
2850 1695 2991 1738 non
3038 1674 3217 1737 divi-

637 1781 888 1843 derent
944 1779 1348 1859 ecclesiam,
1405 1799 1606 1843 come
1661 1778 1897 1840 havea
1958 1777 2138 1840 fatto
2187 1777 2477 1843 Luther.
2575 1780 2760 1844 Anci
2807 1781 2931 1862 piu
2980 1781 3225 1845 dicen-

637 1887 827 1950 domi
895 1886 991 1948 lui
1057 1887 1278 1949 havet
1344 1887 1433 1948 (16
1495 1886 1801 1967 bisogno
1870 1883 2091 1948 veder
2158 1886 2390 1950 alcuni
2450 1887 2614 1951 libri
2674 1889 2865 1952 della
2920 1889 3227 1952 libraria

636 1993 966 2058 Palatina
997 1995 1067 2057 lo
1105 1993 1356 2056 invitai
1406 1993 1444 2056 6
1475 1994 1735 2070 Roma,
1785 1994 2345 2073 promettendoli
2393 1996 2525 2057 che
2575 1999 2881 2059 sarebbe
2931 2000 3068 2060 ben
3112 1997 3224 2060 vi-

637 2110 776 2180 sto,
846 2109 918 2164 et
971 2111 1264 2164 trattato
1327 2102 1418 2163 da
1466 2101 1728 2164 Nostro
1777 2097 2091 2180 Signore
2148 2109 2224 2164 et
2270 2101 2537 2164 Vostra
2586 2099 2928 2185 Signoria
2975 2104 3223 2168 Reve-

635 2209 1086 2290 rendissima,
1155 2217 1226 2272 et
1281 2207 1428 2272 cosi
1484 2227 1942 2272 consumamo
2006 2227 2074 2286 5,
2126 2227 2167 2269 0
2218 2211 2255 2268 6
2272 2256 2289 2288 ‚
2346 2210 2523 2272 hore
2578 2210 2696 2274 del
2745 2211 2835 2272 Di
2886 2210 3221 2282 insieme;

634 2317 756 2399 poi
806 2337 938 2380 con
989 2319 1229 2379 buona
1275 2315 1510 2397 gratia
1559 2316 1648 2378 de
1697 2313 2069 2395 ambedoi,
2135 2316 2233 2376 lui
2282 2315 2341 2378 si
2390 2317 2601 2397 parti.
2688 2317 2773 2379 Li
2823 2317 2941 2380 doi
2988 2316 3059 2380 di
3106 2339 3221 2381 se—

587 2425 884 2505 'guenti
943 2424 1380 2487 intendendo
1438 2423 1536 2486 lui
1595 2423 1727 2486 6116
1785 2422 1845 2484 si
1901 2442 2309 2504 preparava
2358 2421 2471 2486 far
2519 2423 2561 2487 l'
2594 2433 2746 2486 atto
2796 2427 3086 2488 solenne
3137 2425 3223 2488 di

633 2531 798 2595 libri
846 2531 921 2593 di
953 2531 1240 2606 Luther,
1289 2530 1546 2592 mando
1597 2528 1636 2591 ὲ,
1683 2528 2158 2592 rechiedermi
2210 2531 2277 2592 el
2326 2531 2708 2618 colloquio.
2780 2530 2859 2594 Io
2908 2533 3041 2595 che
3087 2552 3225 2596 era

635 2637 979 2719 impedito
1029 2639 1416 2700 scorrendo
1467 2656 1609 2717 qua
1655 2645 1727 2698 et
1774 2635 1865 2715 16,
1922 2635 2248 2716 pregailo
2298 2638 2433 2700 che
2478 2658 2591 2700 me
2640 2640 2945 2702 16556556
2994 2659 3223 2721 expe-

637 2745 748 2808 dir
794 2753 991 2808 certa
1037 2743 1364 2825 facenda,
1413 2743 1536 2824 poi
1585 2743 1965 2806 saressimo
2015 2742 2332 2806 insieme.
2406 2743 2681 2808 Perche
2714 2745 2785 2809 io
2818 2767 3039 2829 sapea
3068 2750 3223 2810 ben

633 2854 766 2917 che
815 2851 914 2918 lui
963 2871 1074 2915 me
1123 2850 1332 2915 volea
1379 2850 1562 2915 tenir
1613 2850 1652 2913 ἐι
1699 2852 1920 2931 bada,
1979 2849 2177 2913 accio
2226 2870 2585 2915 scorresse
2636 2851 2686 2918 il
2746 2863 3015 2936 temp0‚
3074 2855 3219 2919 che

635 2982 758 3025 era
804 2960 1249 3040 brevissimO,
1300 2968 1372 3023 et
1411 2958 1630 3023 Cesar
1676 2959 1960 3022 interim
2010 2980 2085 3021 se
2134 2958 2442 3039 partisse
2492 2958 2761 3023 infecta
2808 2980 2887 3025 re
2935 2971 3217 3026 nostra:

632 3069 754 3132 Ma
801 3070 923 3151 poi
969 3068 1151 3131 fatto
1199 3066 1244 3131 l'
1275 3068 1630 3147 incendio,
1679 3068 1821 3131 mai
1868 3067 1995 3149 piu
2026 3066 2322 3129 Erasmo
2366 3086 2759 3149 comparse‚
2810 3076 2881 3131 et
2913 3071 2984 3132 16
3012 3080 3219 3132 corte

632 3176 820 3258 parti
869 3195 1003 3257 per
1044 3175 1442 3257 Moguntia,
1492 3196 1580 3239 116
1631 3177 1815 3239 altro
1864 3175 1986 3257 poi
2037 3174 2073 3237 ὲ
2125 3174 2473 3237 accaduto
2525 3176 2655 3237 che
2707 3175 2775 3237 io
2825 3176 3035 3257 sapii:
3130 3175 3219 3239 81

634 3285 766 3346 6116
813 3303 1043 3364 prego
1074 3282 1337 3345 Nostro
1371 3281 1680 3363 Signore
1730 3302 1873 3345 non
1924 3281 2121 3343 credi
2171 3282 2262 3343 ad
2292 3281 2590 3345 Erasmo
2639 3282 2712 3345 in
2761 3292 3035 3364 questo,
3084 3284 3215 3366 piix

635 3392 766 3451 che
815 3412 858 3452 a
904 3411 1038 3469 me,
1088 3391 1350 3470 perche
1401 3388 1548 3451 cosi
1599 3390 1633 3451 ὲ
1685 3399 1757 3453 et
1804 3390 1972 3451 holo
2022 3388 2269 3452 scritto
2318 3388 2468 3452 cosi
2506 3410 2549 3451 a
2578 3391 2800 3471 lungo
2833 3392 3030 3454 accio
3062 3390 3217 3454 Sua

636 3495 912 3559 Santita
975 3505 1045 3558 et
1102 3496 1368 3559 Vostra
1427 3494 1766 3578 Signoria
1824 3495 2462 3560 Reverendissima
2519 3517 2811 3580 sapesse
2868 3501 2935 3562 el
3002 3507 3215 3579 tutt0,

634 3614 707 3666 et
755 3624 797 3665 a
845 3604 1382 3667 corroboration
1433 3604 1504 3666 di
1555 3614 1807 3685 questo
1855 3604 1977 3684 pol
2034 3603 2509 3685 comprender
2558 3604 2823 3667 Vostra
2873 3602 3219 3687 Signoria

634 3710 1272 3775 Reverendissirna
1321 3714 1386 3775 el
1434 3732 1608 3776 vero
1658 3713 1750 3775 da
1790 3710 1927 3775 mie
1957 3711 2282 3793 proxime
2313 3714 2480 3774 date
2515 3713 2747 3793 lettre,
2797 3714 2984 3777 nelle
3016 3714 3217 3795 quali

633 3819 700 3881 io
752 3819 1028 3881 scrivea
1077 3820 1208 3881 che
1255 3840 1477 3883 611601·
1522 3820 1655 3882 6116
1691 3819 1987 3881 Ε1651110
2036 3816 2233 3881 fusse
2280 3820 2349 3881 el
2396 3837 2574 3899 gran
2626 3818 3089 3883 fundamento
3134 3820 3213 3882 di

634 3936 886 4007 questa
950 3926 1258 4006 heresia,
1325 3928 1708 3989 tuttavolta
1763 3946 1841 3989 56
1908 3927 2138 3989 devea
2205 3924 2678 3990 dissimularlo
2740 3946 2873 4007 per
2926 3928 3209 3992 adesso.

632 4033 724 4095 Et
780 4042 1015 4096 tamen
1077 4042 1242 4097 tunc
1293 4033 1716 4114 ignorabam
1765 4034 1840 4094 id
1889 4033 2080 4114 quod
2128 4042 2383 4113 postea
2432 4054 2521 4095 ex
2572 4034 2829 4097 litteris
2874 4054 3209 4115 procura-

635 4138 808 4202 toris
855 4140 993 4203 mei
1045 4140 1364 4203 intellexi
1415 4140 1784 4203 Erasmum
1834 4140 1923 4203 ad
1975 4141 2222 4201 urbem
2255 4140 2429 4203 talia
2462 4139 2853 4220 scripsisse.
2913 4138 3211 4205 Summa

635 4266 1060 4309 summarum
1109 4246 1433 4329 supplico
1485 4246 1523 4309 ὲ
1571 4246 1837 4310 Nostro
1887 4244 2194 4328 Signore
2246 4257 2318 4310 et
2364 4246 2630 4310 Vostra
2678 4244 3017 4329 Signoria
3061 4249 3209 4313 Re-

632 4354 1146 4418 verendissima
1200 4357 1335 4419 che
1391 4375 1535 4417 non
1592 4354 1885 4418 credino
1943 4355 2076 4417 che
2132 4353 2201 4417 io
2258 4352 2343 4417 sii
2390 4358 2445 4416 si
2494 4374 2711 4436 pazzo
2762 4356 2893 4419 che
2942 4355 3013 4417 io
3062 4376 3205 4419 non

633 4460 800 4523 vedi
849 4462 917 4523 10
966 4462 1100 4524 6116
1147 4463 1473 4543 besogna
1521 4460 1630 4524 dir
1679 4470 1750 4523 et
1798 4469 2068 4541 tacere,
2128 4463 2260 4525 che
2308 4460 2629 4525 horamai
2677 4482 2767 4525 ne
2814 4482 2945 4525 son
2992 4464 3207 4545 assai,

637 4576 708 4629 et
754 4587 888 4648 pur
936 4579 1194 4651 troppo
1243 4570 1478 4651 perito
1528 4569 1599 4633 in
1649 4578 1905 4651 questa
1951 4567 2267 4649 materia,
2319 4578 2391 4631 et
2436 4590 2517 4630 50
2567 4570 2704 4631 ben
2738 4570 2869 4631 che
2906 4590 3045 4633 non
3080 4592 3203 4653 op-

635 4682 875 4753 portet
930 4674 1137 4738 simul
1194 4676 1556 4739 concitare
1612 4685 1719 4739 tot
1771 4678 2033 4739 hostes
2128 4677 2279 4739 Imo
2329 4676 2369 4739 l’
2405 4676 2587 4739 altro
2636 4673 2707 4738 di
2756 4676 2887 4739 che
2932 4698 3029 4739 un
3080 4679 3205 4740 vil-

635 4781 799 4843 lano
855 4781 1127 4861 portier
1183 4782 1302 4845 del
1357 4784 1710 4866 consiglio
1761 4783 2369 4847 Lutheranissimo
2426 4803 2537 4846 me
2595 4783 2757 4845 dete
2807 4783 2928 4847 doi
2974 4787 3205 4868 pugni

633 4888 746 4950 nel
797 4898 997 4970 petto
1049 4888 1084 4950 ὲ
1133 4908 1314 4970 gran
1345 4900 1554 4974 tortO,
1605 4903 1676 4955 et
1706 4893 1839 4954 che
1869 4891 2033 4953 tutti
2064 4890 2181 4973 qui
2215 4892 2517 4953 aderant
2546 4890 2851 4973 plurimi,
2902 4891 3203 4957 diceano
