3575 5775
1658 573 1774 627 0⁴3
1854 575 1961 630 224
2041 573 2157 627 ‘Cb-0

627 716 936 777 deducat
983 717 1070 777 ad
1125 729 1554 798 extremum,
1622 731 1694 780 ut
1758 720 1897 782 iam
1964 720 2274 783 omnium
2324 721 2774 783 confessione
2822 721 3103 784 nefarii‘
3134 733 3211 784 et

627 822 1058 884 contumacis
1131 824 1422 886 heretici
1475 825 1762 888 Martini
1833 847 1963 888 nec
2038 848 2292 889 nomen
2365 848 2497 889 nec
2568 827 2947 908 vestigium
3012 828 3211 891 inter

625 927 875 991 fideles
924 932 1228 1012 populos
1277 931 1345 992 in
1383 932 1766 996 Germania
1817 935 2177 1013 consistat,
2228 934 2296 996 in
2347 955 2485 1014 quo
2537 935 2877 1016 optimum
2927 946 3001 997 et
3036 957 3209 998 con-

625 1037 1129 1099 stantissimum
1177 1041 1522 1102 habemus
1551 1041 1953 1121 Caesarem,
2004 1043 2133 1102 sed
2184 1052 2254 1104 et
2300 1050 2421 1104 tua
2452 1041 2837 1104 auctoritas
2882 1061 3025 1104 non
3062 1063 3209 1105 me·

627 1143 848 1206 diocri
896 1145 1302 1208 adiumento
1339 1147 1764 1210 christianae
1786 1148 2237 1231 ⁸reipublicae
2288 1167 2444 1210 esse
2477 1158 2733 1231 potest,
2784 1157 2860 1210 ut
2908 1148 3209 1230 quidem

626 1251 762 1314 iam
811 1251 962 1330 fuit,
1014 1256 1204 1333 quod
1253 1275 1654 1335 supremum
1706 1256 1845 1318 iam
1896 1255 1963 1317 in
2015 1276 2227 1318 causa
2290 1258 2421 1317 hac
2473 1255 2785 1318 officium
2832 1253 2972 1318 tuis
3022 1257 3212 1338 pris-

629 1359 792 1421 tinis
863 1359 1099 1421 multis
1173 1371 1243 1422 et
1315 1361 1714 1424 actionibus
1787 1373 1860 1424 et
1931 1362 2187 1424 officiis
2262 1362 2511 1424 summi
2561 1361 2789 1425 meriti
2838 1365 3217 1426 cumulum

626 1465 1030 1528 adiunctum
1083 1477 1210 1546 est,
1261 1468 1442 1530 sicut
1491 1489 1647 1530 cum
1696 1469 2145 1532 fraternitate
2193 1478 2315 1531 tua
2362 1469 2720 1550 copiosius
2768 1469 2994 1532 nuntii
3046 1491 3219 1533 nos·

624 1573 714 1634 tri
781 1585 1022 1636 nostro
1086 1575 1370 1638 nomine
1435 1587 1686 1657 agent,
1755 1576 2012 1658 quibus
2059 1575 2269 1638 fidem
2320 1576 2641 1640 habebis,
2738 1578 2999 1640 Datum
3054 1577 3217 1642 Ma-

626 1680 857 1742 lianae
907 1680 1031 1745 IV.
1080 1681 1252 1744 Maii
1312 1703 1467 1762 1521
1525 1704 1713 1746 anno
1763 1704 1974 1746 nono,

1858 2131 1964 2197 89.

1183 2249 1664 2328 Aleander
1733 2247 2621 2329 vicecancellariO.

1485 2397 1770 2467 (Nuntiat.
1811 2397 2063 2456 German.
2099 2395 2161 2454 1..
2196 2396 2329 2462 1¹79.)

1661 2519 1764 2582 (15.
1816 2519 1941 2566 Maii
1988 2521 2159 2578 1521.)

812 2637 942 2701 Poi
989 2639 1236 2701 scritta
1285 2650 1354 2702 et
1402 2639 1646 2702 chiusa
1695 2641 1735 2703 1²
1765 2643 1947 2704 altra
1994 2641 2134 2702 mia
2181 2660 2358 2703 sono
2409 2639 2717 2702 arrivate
2765 2641 2833 2701 le
2878 2641 2966 2701 de
3002 2639 3095 2704 V.
3142 2641 3227 2707 S.

631 2746 824 2808 Rma
873 2756 943 2807 et
989 2748 1058 2808 la
1106 2748 1300 2808 bulla
1350 2748 1533 2809 dove
1585 2747 1620 2809 ὲ
1670 2747 2034 2810 nominato
2084 2749 2236 2810 solo
2278 2743 2545 2808 L'uther
2594 2756 2666 2808 et
2711 2747 2779 2809 in
2832 2766 3117 2828 genere
3176 2749 3231 2810 li

631 2853 934 2935 fautori,
1005 2855 1076 2918 la
1123 2855 1332 2936 quale
1382 2855 1628 2918 venit-a
1676 2858 1814 2919 ben
1866 2878 1908 2918 a
1956 2855 2361 2940 propositO,
2430 2864 2644 2936 atque
2693 2856 2955 2917 utinam
3004 2855 3231 2921 fusse

632 2971 818 3024 stata
879 2964 1213 3025 mandata
1270 2966 1608 3045 alquanto
1673 2964 1793 3046 piu
1844 2972 2086 3045 presto
2136 2960 2400 3044 perche
2467 2961 2508 3023 1'
2538 2960 2772 3024 harrei
2834 2961 3233 3043 publicata

632 3078 704 3131 et
767 3068 885 3149 qui
936 3080 1006 3131 et
1053 3091 1094 3132 a
1143 3070 1556 3153 Moguntia‚
1621 3092 1824 3134 como
1874 3071 2206 3133 rechiede
2269 3070 2466 3131 detta
2513 3069 2707 3130 bulla
2769 3079 2839 3130 et
2900 3070 2991 3131 de
3041 3090 3233 3135 essa

631 3196 718 3238 ne
768 3178 1268 3241 haveressemo
1312 3178 1491 3241 fatta
1523 3180 1839 3241 mention
1890 3178 2029 3239 neli
2066 3176 2379 3239 mandati
2428 3177 2619 3257 quod
2668 3196 2853 3237 nunc
2886 3196 3027 3238 non
3084 3197 3231 3259 po·

633 3292 772 3346 test
837 3282 988 3346 fieri
1056 3284 1321 3365 perche
1389 3306 1530 3347 non
1598 3288 1925 3365 besogna
1990 3285 2316 3347 retardar
2380 3284 2479 3345 tal
2538 3304 2738 3363 cosa,
2811 3280 2866 3344 si
2933 3287 3231 3364 perche

632 3389 867 3453 subito
917 3412 1132 3453 nasce
1201 3394 1502 3473 qualche
1551 3394 1687 3454 mal
1740 3403 1811 3454 et
1859 3391 2125 3472 perche
2174 3390 2393 3453 Cesar
2441 3388 2787 3452 minaccia
2836 3390 2923 3450 de
2974 3392 3233 3470 partir

631 3508 876 3577 presto
927 3509 996 3559 et
1045 3499 1410 3562 dubitamo
1461 3501 1591 3562 che
1643 3500 1688 3561 'l
1735 3510 1976 3581 tempo
2027 3518 2166 3560 non
2219 3496 2281 3559 ci
2330 3496 2629 3560 manchi.

813 3605 988 3667 Heri
1040 3605 1304 3669 matino
1355 3616 1424 3669 et
1467 3604 1546 3668 Sr
1583 3606 1858 3669 Nuncio
1908 3615 1979 3667 et
2026 3604 2094 3667 io
2142 3606 2461 3686 pai-lamo
2512 3605 2602 3665 ad
2638 3602 2877 3680 Cesar,
2928 3602 2995 3663 el
3037 3607 3233 3684 qual

635 3712 673 3774 ὁ
723 3723 796 3775 ut
860 3733 1077 3795 supra
1138 3716 1278 3776 ben
1329 3714 1650 3795 disposlo
1715 3723 1788 3776 et
1841 3715 1979 3775 ben
2044 3716 2103 3773 si
2152 3712 2336 3774 vede
2398 3708 2661 3792 perche
2724 3709 2772 3771 li
2836 3711 3229 3773 secretarii

633 3822 850 3881 molto
901 3819 960 3882 si
1008 3840 1186 3883 sono
1235 3820 1575 3883 affaticati
1625 3820 1696 3883 in
1745 3821 1991 3882 tradur
2041 3822 2106 3881 el
2156 3819 2489 3880 mandato
2539 3817 2607 3879 in
2656 3817 2936 3878 almano
2987 3836 3233 3881 senza

579 3960 586 3971 ·
633 3928 889 3989 alcuna
937 3926 1473 3991 intermessione
1524 3931 1613 3991 de
1643 3937 1906 4009 tempo,
1958 3928 2090 3989 che
2132 3927 2205 3988 in
2238 3946 2408 3988 vero
2444 3924 2720 3987 Sichler
2752 3934 2821 3985 et
2852 3920 3231 4003 Spieghel

632 4035 871 4097 hanno
937 4036 1118 4098 fatto
1186 4036 1306 4119 piu
1375 4036 1442 4098 in
1497 4057 1589 4098 un
1641 4036 1708 4098 di
1778 4045 1850 4097 et
1897 4055 2037 4096 una
2086 4043 2281 4095 notte
2354 4033 2483 4095 che
2551 4034 2730 4095 altre
2798 4032 2990 4092 volte
3062 4052 3231 4095 non

633 4144 1047 4205 harebbeno
1105 4144 1286 4206 fatto
1350 4142 1419 4206 in
1470 4165 1558 4206 un
1613 4163 1827 4205 mese.
1924 4141 2193 4222 Questa
2256 4161 2460 4203 mane
2527 4138 2596 4201 io
2646 4138 2747 4200 fui
2794 4138 2865 4199 in
2916 4157 3231 4203 camera

635 4250 726 4309 de
775 4248 992 4312 Cesar
1054 4260 1124 4313 et
1174 4251 1501 4333 procurai
1553 4271 1708 4312 cum
1758 4249 1941 4312 assai
1992 4246 2337 4310 difficulta
2396 4248 2527 4309 che
2576 4245 2619 4307 ’l
2670 4244 3007 4307 mandato
3060 4264 3229 4309 non

635 4356 693 4417 si
759 4365 1094 4419 mettesse
1159 4357 1280 4439 piu
1347 4360 1416 4419 al
1464 4358 1781 4420 conselio
1850 4354 2115 4437 perche
2180 4355 2667 4417 l'harebbeno
2733 4361 3065 4415 truncato
3146 4362 3233 4417 et

637 4472 879 4524 tenuto
929 4464 1047 4525 doi
1097 4464 1303 4543 mesi,
1355 4476 1424 4527 et
1473 4469 1616 4526 cosl
1665 4463 1742 4526 fu
1793 4462 2121 4525 ordinato
2171 4462 2301 4523 che
2353 4459 2637 4523 omnino
2687 4479 2763 4521 se
2811 4458 3231 4539 expedisca

637 4570 870 4633 subito
921 4570 1200 4650 scritto,
1251 4574 1382 4635 che
1431 4570 1592 4634 sara
1633 4570 1879 4632 Vener
1926 4569 2255 4651 proximo
2304 4587 2506 4630 como
2554 4566 2623 4628 io
2672 4584 2919 4647 spero;
2970 4585 3229 4648 prego

637 4676 775 4739 Dio
810 4676 1086 4739 interim
1119 4679 1421 4759 qualche
1453 4680 1637 4741 mala
1672 4678 1915 4758 lingua
1957 4696 2099 4738 non
2132 4696 2209 4738 se
2242 4674 2723 4755 interpongha
2753 4672 2846 4733 ad
2873 4669 3226 4752 impedir.

817 4784 903 4845 El
951 4783 1216 4865 Signor
1277 4787 1366 4847 de
1417 4785 1731 4848 Chevres
1794 4782 1915 4866 gia
1962 4793 2069 4846 tre
2121 4780 2191 4845 di
2238 4783 2333 4844 ha
2379 4782 2597 4842 hauto
2662 4780 2729 4840 la
2776 4780 2979 4842 febre
3044 4798 3229 4845 cum

641 4900 1114 4974 symptomate
1165 4902 1236 4955 et
1283 4892 1618 4958 continuo
1668 4892 1873 4957 dolor
1921 4890 1993 4957 di
2043 4909 2223 4977 capo
2274 4898 2347 4952 et
2394 4908 2533 4955 non
2580 4888 2770 4955 bone
2819 4884 3053 4965 urine;
3118 4908 3225 4957 ne
