3575 5775
1294 565 1588 621 0-43191
1673 561 1788 618 8>0

283 712 482 774 veluti
513 733 551 774 e
585 713 882 793 specula
911 710 1358 792 prospiciens
1388 731 1530 774 non
1564 713 1790 774 solum
1823 710 2290 774 saecularium
2312 711 2550 790 legum
2577 727 2820 769 verum

285 819 474 880 etiam
525 828 596 880 et
643 819 738 883 R.
789 819 870 880 E.
918 816 1490 899 christianaeque
1537 819 1706 881 fidei
1753 815 2225 900 patrocinium
2274 835 2549 879 sumere
2606 823 2677 876 et
2730 815 2821 875 ab

285 925 781 988 haereticorum
830 925 1105 988 iniuriis
1135 925 1504 987 vindicare
1555 927 1874 1007 deberet,
1914 946 2055 988 non
2099 923 2361 986 oblitus
2408 942 2580 984 suae
2610 920 2821 983 maio-

285 1053 553 1114 rumque
601 1052 888 1096 suorum
936 1033 1213 1114 gloriae
1262 1053 1444 1114 quae
1475 1033 1658 1095 inter
1691 1053 1936 1096 omnes
1968 1032 2413 1096 orthodoxos
2458 1027 2855 1112 principes.

285 1160 542 1222 semper
591 1139 897 1220 emicuit,
943 1161 1214 1204 memor
1262 1141 1475 1202 etiam
1502 1139 1973 1203 Germanicae
2022 1138 2134 1202 cui
2179 1146 2469 1219 praeest
2515 1133 2825 1198 nationis

285 1267 447 1328 quae
508 1255 652 1310 tam
719 1246 932 1309 armis
997 1267 1207 1328 quarn
1269 1247 1622 1328 religione
1687 1246 1991 1310 caeteris
2062 1264 2344 1326 semper
2402 1242 2823 1324 exemplum

289 1353 504 1416 extitit
553 1361 777 1435 atque
827 1353 1276 1435 extirpandis
1322 1373 1703 1434 pravarum
1751 1355 2125 1416 haeresum
2174 1352 2389 1414 sectis
2457 1348 2824 1432 proprium

289 1461 682 1542 sanguinem
757 1481 891 1542 pro
974 1459 1118 1523 fide
1183 1459 1534 1523 catholica
1601 1460 1813 1522 toties
1886 1458 2163 1532 effudit;
2236 1477 2421 1522 nunc
2487 1456 2558 1520 in
2625 1464 2824 1518 tanto

289 1566 694 1630 christianae
756 1567 860 1630 rei
927 1567 1248 1650 periculo
1313 1578 1457 1630 tam
1520 1567 1742 1630 atroci
1812 1565 2143 1646 facinori,
2214 1575 2497 1645 tamque
2560 1562 2824 1642 insigni

287 1675 518 1737 sceleri
563 1675 735 1738 totis
782 1674 1053 1737 viribus
1101 1674 1448 1756 vigilique
1496 1674 1733 1736 studio
1782 1693 2159 1736 occurrere
2207 1693 2287 1734 ac
2338 1671 2640 1734 sollicite
2688 1669 2825 1732 Dei

288 1781 611 1844 ecclesiae
659 1780 1000 1863 Petrique
1048 1781 1424 1844 naviculae
1473 1781 1868 1844 subsidium
1916 1792 1987 1843 et
2053 1800 2261 1862 opem
2310 1778 2825 1860 quamprimum

289 1887 454 1949 ferre
499 1907 892 1969 recensque
952 1889 1181 1951 adhuc
1239 1888 1497 1950 vulnus
1561 1907 1885 1950 reserare
1948 1898 2161 1968 atque
2221 1886 2291 1948 in
2354 1886 2583 1968 ipsum
2647 1883 2824 1946 tanti

284 1994 548 2057 sceleris
598 2004 889 2058 auctore
938 1993 1392 2075 criminisque
1426 1994 1660 2057 socios
1692 2014 1824 2076 pro
1859 1993 2029 2057 facti
2078 1993 2457 2056 atrocitate
2509 1991 2821 2054 animad-

285 2109 574 2183 vertere,
625 2103 922 2183 eiusque
977 2102 1420 2184 perniciosas
1479 2102 2043 2165 machinationes
2106 2109 2177 2163 et
2235 2108 2633 2162 commenta
2694 2100 2825 2161 sub

285 2208 708 2290 gravissimis
738 2207 990 2292 paenis
1025 2208 1502 2272 exterminare
1536 2229 1624 2272 ne
1658 2207 1979 2280 differat;
2031 2229 2120 2271 ne
2152 2205 2554 2269 huiusmodi
2602 2205 2827 2287 pestis

288 2315 623 2398 contagio,
675 2315 789 2377 cui
834 2337 1018 2378 nunc
1051 2315 1335 2379 obviam
1383 2315 1466 2378 iri
1518 2315 1729 2378 facile
1759 2323 2017 2396 potest,
2068 2313 2463 2378 Caesareae
2496 2313 2827 2376 Maiesta-

287 2421 366 2484 tis
407 2422 474 2485 in
521 2423 720 2486 cuius
767 2424 920 2486 solo
976 2423 1109 2485 hoc
1159 2421 1508 2504 flagitium
1571 2430 2059 2505 perpetratum
2125 2431 2261 2502 est,
2329 2441 2547 2484 saeva
2612 2431 2825 2500 atque

287 2527 690 2610 inexpiabili
739 2529 1184 2610 negligentia
1231 2529 1300 2591 in
1347 2529 1660 2592 maxima
1705 2531 2046 2592 malorum
2096 2529 2531 2592 incrementa
2569 2526 2827 2594 etsirn-

289 2633 553 2714 plicium
619 2635 1012 2698 animarum
1073 2635 1464 2717 perniciem
1529 2629 1907 2699 coalescat.
2025 2636 2261 2716 Quare
2328 2656 2460 2698 nos
2524 2634 2827 2696 scientes

292 2753 602 2820 quantum
671 2743 1002 2805 momenti
1071 2754 1314 2806 vestra
1371 2742 1714 2805 autoritas
1775 2755 1849 2805 et
1908 2744 2239 2804 voluntas
2294 2745 2380 2804 ad
2448 2743 2829 2804 iuvandam

294 2846 454 2909 hanc
499 2869 784 2913 causam
832 2849 1090 2913 afferre
1137 2859 1404 2932 posset,
1455 2851 1847 2931 eademque
1875 2851 1967 2913 R.
1996 2850 2081 2913 D.
2118 2860 2354 2913 vestra
2390 2859 2639 2913 natura
2672 2849 2829 2930 ipsa

297 2956 373 3016 ad
415 2954 616 3019 fidem
667 2966 740 3018 et
787 2957 1210 3040 religionem
1267 2956 1651 3021 fovendam
1709 2958 1803 3020 sit
1856 2956 2252 3040 propensa,
2316 2978 2469 3020 eam
2531 2976 2825 3019 summo-

297 3081 446 3141 pere
490 3082 826 3146 rogamus
871 3074 1086 3145 atque
1135 3065 1347 3127 etiam
1410 3086 1542 3147 per
1591 3064 1724 3127 Dei
1773 3064 2332 3127 misericordiam
2391 3066 2828 3127 obtestamur

299 3180 360 3229 ut
402 3170 543 3233 eius
593 3192 854 3234 causae
901 3172 1155 3235 adesse
1203 3171 1513 3253 fideique
1563 3182 1849 3235 nostrae
1898 3192 2081 3253 quae
2132 3172 2202 3234 in
2243 3181 2443 3234 tanto
2475 3171 2611 3232 iam
2646 3168 2823 3250 peri-

300 3278 437 3339 culo
485 3286 808 3341 versatur
853 3278 1402 3359 fluctuantisque
1450 3279 1799 3342 ecclesiae
1844 3279 2364 3360 patronicinurn
2418 3297 2695 3340 sumere
2744 3297 2827 3338 ac

300 3393 472 3447 tanto
519 3387 704 3447 malo
775 3405 1148 3447 occurrere
1196 3385 1389 3447 velit.
1487 3386 1907 3449 Nullatenus
1956 3385 2141 3447 enim
2192 3384 2451 3447 nostris
2497 3383 2825 3465 tempori-

300 3490 412 3553 bus
453 3491 868 3573 praesertim
917 3496 1047 3554 sub
1099 3492 1299 3555 Caes.
1348 3493 1746 3556 Maiestatis
1805 3493 2103 3574 imperio
2179 3492 2549 3555 ferendum
2601 3501 2711 3555 est
2756 3491 2828 3554 in

300 3599 622 3662 catholica
669 3600 806 3663 Dei
835 3600 1158 3663 Ecclesia
1206 3610 1314 3662 tot
1360 3599 1580 3663 sacris
1628 3600 1970 3680 coneiliiS,
2019 3610 2123 3662 tot
2172 3610 2452 3681 patrum
2500 3599 2827 3678 decretiS‚

299 3712 386 3765 tot
429 3704 914 3769 illustrissimis
974 3706 1634 3787 probatissimorum
1686 3707 1998 3770 virorum
2060 3707 2398 3789 ingeniis,
2464 3716 2570 3769 tot
2618 3707 2830 3769 etiam

301 3810 626 3876 miraculis
673 3813 814 3877 iam
863 3824 1156 3896 recepta
1211 3834 1426 3877 unum
1490 3815 1880 3895 hominem,
1954 3836 2077 3877 seu
2140 3814 2377 3897 potius
2439 3814 2829 3895 iniquitatis

298 3920 624 3983 alumnum
672 3922 864 3983 nullo
915 3921 1234 3997 consiliO,
1285 3922 1478 3984 nulla
1525 3942 1817 4003 prorsus
1850 3921 2147 4001 ratione,
2197 3921 2490 4004 propria
2532 3920 2828 3982 auctori-

297 4033 420 4088 tate
465 4028 596 4089 sibi
645 4035 920 4090 tantum
983 4038 1232 4090 contra
1290 4027 1536 4091 divina
1581 4038 1972 4110 praecepta
2029 4028 2503 4091 confidentem
2566 4027 2829 4108 passim

299 4142 356 4192 et
395 4133 675 4216 impune
723 4134 1055 4214 insanire,
1103 4144 1316 4216 atque
1365 4135 1465 4198 ita
1485 4135 1806 4198 'insanire
1838 4145 1916 4197 ut
1949 4155 2322 4216 synceram
2354 4144 2425 4196 et
2456 4134 2829 4198 candidam

299 4236 530 4303 Christi
571 4240 788 4303 fidem
829 4238 1191 4304 Sathanae
1232 4242 1816 4323 suggestionibus
1857 4244 2209 4305 maculare
2250 4252 2322 4304 et
2352 4240 2425 4304 S.
2467 4242 2829 4305 Ecclesiae

302 4348 726 4411 concordiam
790 4346 1122 4428 malignis
1186 4347 1893 4429 interpretationibus
1952 4350 2377 4411 conturbare
2450 4369 2661 4411 ausus
2719 4349 2827 4411 sit.

303 4448 482 4528 Quod
528 4474 688 4517 cum
734 4455 824 4517 ad
875 4453 1010 4516 Dei
1060 4454 1306 4535 optimi
1356 4454 1648 4517 maximi
1695 4456 1959 4517 cultum
1994 4453 2448 4535 eiusdemque
2482 4456 2555 4519 S.
2589 4456 2828 4519 Eccle-

303 4556 427 4621 siae
470 4560 809 4623 unitatem
857 4577 928 4623 et
961 4562 1284 4640 tutelam,
1333 4563 1424 4624 ad
1454 4560 1621 4623 fidei
1669 4572 1957 4624 nostrae
1990 4542 2557 4643 christianaeque
2593 4563 2828 4643 religi-

305 4663 437 4726 onis
479 4666 1092 4730 conservationem
1141 4667 1230 4729 ad
1269 4668 1664 4731 Caesareae
1697 4668 2097 4731 Maiestatis
2132 4676 2202 4730 et
2234 4670 2541 4731 omnium
2592 4672 2827 4733 catho-

307 4768 566 4837 licorum
627 4773 1029 4855 principum
1091 4774 1244 4836 iura
1322 4783 1392 4836 et
1457 4774 1972 4837 sollicitudines
2042 4784 2357 4856 spectet,
2438 4776 2831 4839 certissima

311 4894 416 4957 spe
459 4879 866 4945 confidimus
913 4884 1120 4963 (quae
1169 4892 1410 4947 vestra
1469 4891 1577 4947 est
1637 4882 1831 4967 apud
1890 4880 2313 4946 Caesaream
2377 4882 2824 4947 Maiestatem
