3575 5775
1420 577 1914 636 0423297ῢο

390 723 581 788 accio
648 745 959 788 conosca
1020 727 1152 789 che
1202 726 1273 789 di
1318 725 1417 789 lui
1484 727 1543 789 si
1591 725 1779 789 tiene
1848 726 2013 807 quel
2061 735 2271 786 conto
2339 724 2397 786 si
2454 724 2639 786 deve
2704 743 2833 805 per
2880 724 2950 785 la

388 831 601 894 bonta
671 842 745 896 et
807 832 995 896 virtu
1062 853 1223 906 sua;
1293 833 1613 896 tenetelo
1678 833 1954 896 intanto
2019 833 2160 895 ben
2230 829 2561 894 edificato
2629 841 2700 892 et
2763 832 2950 892 bene

390 942 639 1002 valete.
735 939 847 1002 Ex
896 941 1147 1004 castris
1195 940 1579 1022 pontificiis
1639 950 1710 1003 et
1759 938 2130 1003 Caesareis
2178 939 2368 1020 apud
2417 938 2760 1021 oppidum
2809 937 2949 999 Ho-

390 1048 687 1110 stianum
737 1047 895 1129 agri
942 1047 1359 1127 Brixiensis,
1411 1045 1715 1110 XXVII
1762 1044 2097 1108 Octobris
2143 1045 2509 1109 MDXXI.

1460 1244 1518 1254 W*
1525 1243 1648 1254 wax-s-
1673 1243 1872 1254 *ww-’v

1595 1473 1741 1538 129.

455 1589 821 1670 Adrianus
856 1590 975 1670 VI.
1023 1589 1416 1670 Archiduci
1450 1589 1904 1670 Fordinando
1951 1589 2289 1670 Austriae
2337 1588 2534 1670 Sacri
2573 1590 2882 1670 Romani

1248 1713 1547 1816 Imperii
1601 1713 2087 1817 gubernatori.

454 1859 671 1933 (Leonis
719 1859 787 1920 Σ.
835 1863 896 1920 et
942 1861 1106 1920 Glem.
1155 1859 1279 1919 ΤΠ.
1334 1861 1592 1921 minutae
1640 1861 1903 1920 brevium
1958 1861 2110 1920 Arm.
2146 1861 2338 1920 XLIV.
2388 1861 2486 1920 Νι.
2538 1862 2587 1921 8.
2638 1861 2728 1920 fol.
2777 1861 2882 1930 ¹70.)

1294 1971 1472 2037 (Circa
1508 1971 1665 2022 finem
1703 1973 1830 2021 anni
1873 1969 2048 2040 1522.)

559 2095 904 2159 Relatum
965 2105 1075 2158 est
1120 2095 1327 2159 nobis
1376 2116 1534 2158 cum
1581 2117 1853 2159 summa
1900 2096 2226 2160 molestia
2271 2106 2516 2159 nostra
2586 2107 2656 2158 et
2706 2096 2947 2178 digno·

386 2222 535 2265 rum
584 2201 728 2264 fide
774 2203 1178 2266 testimonio
1229 2223 1401 2284 egre
1446 2202 1948 2285 cognovimus:
1999 2223 2164 2287 ymo
2197 2206 2526 2286 exemplo
2559 2203 2953 2266 litterarum

385 2308 749 2372 cuiusdam
796 2309 1021 2372 Ulrici
1070 2310 1361 2373 Hunten
1390 2358 1409 2390 ,
1476 2330 1653 2392 quas
1718 2310 1834 2374 hic
1883 2310 2161 2374 accludi
2207 2310 2696 2374 mandavimus
2763 2319 2834 2372 et
2879 2309 2951 2372 in

392 2413 781 2479 Germania
825 2415 1255 2498 publicavit,
1316 2416 1622 2480 vidimus
1638 2465 1658 2500 ,
1720 2439 1814 2480 ex
1861 2417 2118 2500 quibus
2165 2439 2241 2481 se
2289 2417 2624 2481 simulans
2671 2437 2954 2480 causam

386 2543 581 2585 suam
631 2524 1233 2605 contemplatione
1284 2524 1569 2588 divinae
1616 2523 1928 2590 iustitiae
1975 2525 2349 2606 fundasse,
2413 2523 2605 2588 viros
2651 2525 2953 2605 primum

386 2631 769 2694 bellatores
830 2650 913 2693 ac
979 2651 1223 2694 omnes
1272 2630 1451 2695 alios
1500 2652 1739 2695 secum
1785 2644 2001 2696 vocat
2063 2632 2515 2712 concitatque
2579 2640 2656 2694 ut
2704 2641 2953 2694 contra

386 2737 673 2800 Fratres
702 2737 971 2800 ordinis
1002 2737 1575 2820 praedicatorum
1623 2749 1694 2803 et
1724 2740 1827 2803 eis
1859 2739 2282 2803 auxiliantes
2313 2759 2489 2821 quos
2520 2759 2686 2802 suos
2713 2739 2972 2801 hostes-

387 2844 739 2928 appellat,
812 2845 1281 2927 omnibusque
1329 2845 1601 2909 viribus
1650 2846 1794 2910 suis
1843 2855 2096 2929 agant,
2169 2847 2360 2909 bona
2409 2845 2696 2930 capiant
2746 2843 2951 2927 eique

387 2952 649 3015 auxilia
681 2962 932 3015 contra
960 2954 1251 3016 eosdem
1285 2956 1703 3036 praebeant,
1738 2973 2001 3036 magno
2036 2954 2461 3017 detrimento
2497 2952 2663 3015 fidei
2692 2951 2951 3014 Christi

388 3079 595 3139 quam
645 3059 1116 3139 labefactare,
1186 3080 1351 3142 ymo
1398 3071 1737 3142 tanquam
1784 3062 1898 3123 leo
1951 3060 2244 3142 rugiens
2292 3059 2695 3142 opprimere
2744 3079 2950 3121 cona·

388 3176 529 3248 tur,
602 3188 687 3229 ac
734 3167 1043 3231 maximo
1090 3167 1410 3250 periculo
1458 3166 1966 3231 invalescentis
2023 3168 2440 3230 lutheranae
2487 3166 2805 3229 haeresis
2853 3165 2949 3227 in-

388 3274 617 3337 cendii
684 3294 843 3337 cum
908 3274 1238 3337 fidelibus
1288 3273 1547 3337 Christi
1594 3274 1968 3338 veritatem
2043 3274 2246 3338 verbi
2297 3274 2430 3337 Dei
2497 3274 2744 3337 audire
2810 3294 2953 3336 non

388 3381 610 3444 detur.
704 3380 840 3443 Fili
890 3380 1183 3461 dilecte,
1246 3380 1444 3443 novit
1491 3381 1828 3445 nobilitas
1877 3390 1998 3444 tua
2059 3381 2400 3464 religiosa
2447 3382 2678 3443 Deum
2739 3380 2950 3443 omni·

386 3498 750 3569 potentem
782 3488 1134 3551 Christum
1182 3487 1403 3550 filium
1453 3508 1653 3551 suurn
1701 3509 1836 3570 pro
1879 3490 2186 3552 humano
2236 3508 2502 3570 genere
2537 3488 2951 3551 redimendo

390 3593 456 3656 in
503 3598 695 3657 hunc
744 3596 1077 3657 mundum
1128 3594 1423 3676 misisse,
1472 3594 1844 3677 imperium
1892 3595 2074 3659 coeli
2123 3607 2194 3657 et
2242 3605 2476 3658 terrae
2532 3595 2598 3658 ei
2647 3596 2951 3675 dedisse,

392 3700 883 3784 Christumque
929 3703 1457 3785 redemptorem
1502 3701 1717 3764 fidem
1763 3702 1988 3784 ipsam
2046 3722 2234 3766 novo
2286 3712 2356 3765 et
2404 3712 2695 3765 aeterno
2745 3710 2952 3765 testa·

392 3818 625 3871 mento
672 3828 802 3871 suo
852 3808 1321 3889 constituisse,
1373 3810 1748 3872 ecclesiam
1786 3830 1986 3873 suam
2035 3830 2252 3892 super
2293 3829 2602 3890 persona
2649 3829 2777 3871 sua
2813 3808 2950 3871 edi-

392 3913 671 3995 ficasse,
742 3916 1033 3979 Petrum
1102 3916 1439 3979 vicariurn
1503 3937 1704 3979 suum
1764 3918 1984 3980 totius
2031 3916 2396 3980 Ecclesiae
2459 3924 2820 3997 pastorem
2882 3916 2952 3978 in

395 4024 617 4102 terriS,
667 4022 1123 4104 reliquosque
1156 4026 1522 4104 apostolos
1563 4022 1731 4087 fidei
1760 4044 1931 4088 suae
1965 4023 2323 4087 ministros
2351 4022 2724 4104 Evangelii
2753 4042 2952 4103 prae-

396 4128 744 4193 dicatores
776 4149 907 4211 per
930 4128 1337 4193 universum
1363 4131 1699 4193 mundum
1726 4132 2152 4195 declarasse.
2200 4130 2404 4193 Nosti
2433 4129 2642 4193 etiam
2663 4131 2954 4193 Petrum

398 4233 755 4299 Ecclesiae
802 4248 1164 4317 pastorem
1232 4245 1302 4300 et
1349 4240 1715 4318 apostolos
1762 4237 1960 4320 ipsos
2007 4238 2078 4301 in
2129 4238 2384 4321 quibus
2431 4238 2752 4301 Ecclesia
2798 4238 2954 4320 ipsa

398 4350 465 4403 et
509 4342 832 4406 Christus
899 4342 1031 4405 fuit
1094 4342 1307 4405 fidem
1371 4343 1601 4425 ipsam
1664 4344 1737 4407 in
1786 4347 1962 4408 orbe
2009 4346 2508 4427 praedicantes
2573 4348 2952 4427 plerosque

399 4448 581 4511 viros
649 4450 911 4531 ubique
979 4451 1099 4532 qui
1149 4452 1602 4533 evangelium
1669 4461 2032 4516 creaturas
2100 4455 2441 4516 docerent
2507 4453 2955 4516 substituisse

401 4563 467 4616 et
508 4556 913 4620 universum
962 4578 1147 4639 pene
1197 4558 1531 4620 mundum
1579 4558 1670 4620 ad
1706 4558 2060 4622 Christum
2109 4580 2193 4623 ac
2240 4560 2331 4623 ad
2379 4560 2756 4623 veritatem
2796 4581 2952 4623 con·

400 4663 723 4737 vertisse;
797 4664 1169 4727 Romanos
1235 4684 1407 4727 vero
1473 4664 1848 4745 pontifices
1917 4667 2112 4729 Petri
2177 4688 2629 4733 successores
2697 4668 2955 4731 Christi

402 4786 674 4851 quoque
738 4769 1080 4853 vicarios,
1150 4780 1609 4853 sanctamque
1655 4772 2050 4837 Ecclesiam
2115 4774 2186 4837 in
2255 4775 2511 4857 quibus
2571 4774 2751 4838 fides
2797 4775 2956 4857 ipsa

406 4892 559 4954 ymo
600 4876 923 4941 Christus
971 4878 1105 4942 fuit
1152 4888 1223 4941 et
1272 4887 1400 4959 est,
1450 4898 1659 4942 cursu
1705 4891 2103 4964 temporum
2153 4893 2226 4944 et
2272 4881 2804 4966 opportunitate
2852 4902 2955 4945 re·
