3575 5775
1315 556 1429 611 0⁴53
1509 556 1578 611 83
1655 555 1770 609 {fv—<³

303 701 474 764 turali
517 700 839 785 signori,
907 705 1037 766 che
1100 703 1276 784 pero
1339 723 1633 786 saperno
1684 703 1832 768 Sua
1878 701 2157 766 Maesta
2224 713 2295 764 et
2360 709 2543 764 tutto
2601 699 2651 763 il
2700 721 2827 763 suo

300 809 780 890 sapientissimo
827 801 1123 874 consilio
1173 813 1592 892 provedono
1643 811 1815 893 ogni
1866 831 2055 890 cosa,
2111 809 2444 872 havendo
2492 809 2737 871 avanti
2784 807 2832 870 li

300 916 468 978 occhi
512 917 558 978 11
605 915 879 980 Boemi.

447 1023 522 1086 Li
550 1024 772 1086 Brevi
820 1025 951 1087 che
1000 1024 1408 1087 dimandate
1453 1023 1618 1086 tutti
1665 1023 1737 1087 vi
1785 1023 1845 1086 si
1896 1025 2249 1086 mandeno
2299 1021 2715 1086 credentiali
2760 1021 2831 1084 in

299 1131 578 1192 Persona
641 1139 886 1193 vostra
947 1141 1018 1194 et
1081 1131 1198 1194 del
1247 1131 1843 1212 Prothonotari07
1912 1151 2110 1194 come
2169 1132 2513 1193 vederete
2579 1150 2711 1212 per
2765 1131 2833 1190 16

297 1236 550 1310 minute;
599 1237 954 1318 segnitate
1003 1238 1176 1319 ogni
1208 1259 1377 1302 cosa
1423 1238 1953 1302 communicatis
2004 1236 2314 1300 consiliis
2350 1247 2421 1299 et
2452 1239 2636 1299 bene
2672 1256 2831 1298 con·

297 1343 728 1408 sentientibus
777 1346 1026 1408 animis
1075 1365 1274 1409 come
1321 1348 1582 1410 havete
1632 1345 2083 1428 principiam,
2132 1354 2205 1407 et
2253 1343 2563 1426 supplite
2610 1343 2653 1406 1’
2688 1364 2832 1406 uno

297 1471 404 1531 per
445 1453 484 1514 l'
509 1454 692 1515 altro
741 1456 1342 1516 amorevolmente
1393 1473 1606 1516 senza
1653 1454 2041 1535 guardarla
2090 1451 2161 1516 in
2204 1452 2478 1531 sottile‚
2527 1455 2585 1514 si
2634 1471 2833 1512 come

297 1558 532 1621 ricerca
590 1560 662 1622 la
709 1579 925 1622 causa
975 1559 1047 1624 di
1093 1569 1296 1624 tanta
1342 1561 1801 1643 importantia
1850 1571 1921 1623 et
1966 1560 2028 1624 si
2074 1559 2507 1640 periculosa,
2558 1567 2629 1620 et
2674 1577 2831 1639 per—

295 1667 630 1730 suadetevi
679 1669 812 1730 che
859 1667 1123 1732 Nostro
1173 1665 1483 1748 Signore
1535 1669 1718 1731 vede
1767 1678 1843 1731 et
1886 1667 2265 1732 considera
2311 1667 2381 1729 le
2426 1686 2669 1747 opere,
2732 1665 2829 1728 fa-

291 1775 456 1836 tiche
499 1783 570 1838 et
615 1774 833 1838 stenti
879 1776 1142 1854 vostri,
1209 1785 1282 1839 et
1329 1777 1400 1837 di
1449 1785 1652 1838 tutto.
1683 1775 1877 1838 tiene
1926 1774 2236 1838 et-terra
2282 1776 2475 1838 bono
2528 1772 2831 1836 ricorde.

443 1881 542 1942 La
607 1902 776 1946 cosa
836 1883 906 1946 di
955 1882 1391 1946 Armestorff
1433 1883 1819 1946 cameriere
1870 1881 1943 1944 di
1990 1881 2299 1945 Caesare
2346 1901 2478 1962 per
2523 1880 2574 1942 il
2622 1881 2833 1961 quale

294 1985 334 2047 il
374 1990 768 2052 confessore
817 1990 910 2052 ha
958 1989 1246 2072 scripte,
1277 2000 1368 2053 et
1417 1990 1568 2069 voi,·
1608 1998 1678 2052 et
1726 1989 1774 2050 il
1825 1989 2383 2051 Prothonotario
2428 1996 2500 2050 et
2548 1988 2745 2068 tutti,
2797 1988 2832 2049 ὲ

297 2103 632 2175 assettata,
685 2097 956 2160 Perche
1004 2097 1268 2161 Nostro
1319 2094 1628 2178 Signore
1677 2096 1725 2158 11
1773 2098 1867 2159 ha
1916 2095 2109 2158 facto
2157 2097 2417 2158 cedere
2461 2097 2531 2158 la
2578 2115 2833 2176 prepo-

299 2201 486 2265 situra
547 2205 638 2265 da
705 2205 944 2284 quello
1013 2206 1143 2267 che
1205 2206 1438 2266 havea
1493 2205 1760 2266 havuto
1812 2205 1879 2265 le
1926 2201 2281 2266 sententie
2329 2212 2401 2264 et
2445 2213 2831 2284 exequuto-

297 2307 426 2371 riali
468 2309 534 2372 in
567 2310 766 2374 Rota
815 2321 887 2373 et
933 2312 1047 2374 chi
1093 2312 1135 2373 l’
1172 2313 1406 2374 havea
1451 2310 1732 2392 litigata
1778 2311 1977 2373 molti
2028 2319 2100 2372 et
2144 2309 2345 2374 molti
2388 2310 2559 2374 anni
2604 2310 2835 2393 prima

298 2415 434 2478 chel
476 2418 850 2481 Cardinale
901 2419 1158 2499 Egidio
1226 2419 1648 2501 impetrasse
1712 2421 1780 2481 la
1847 2439 1975 2480 sua
2040 2418 2338 2499 general
2385 2417 2661 2481 riserva
2706 2437 2837 2499 per

299 2525 514 2606 vigore
561 2528 750 2590 della
797 2530 1008 2608 quale
1055 2527 1104 2588 il
1152 2527 1440 2589 fratello
1489 2525 1562 2586 di
1613 2523 2048 2588 Armastorff
2069 2524 2133 2585 ci
2164 2525 2627 2605 pretendeva„
2698 2525 2833 2588 No-

297 2645 420 2694 stro
464 2631 765 2714 Signore
831 2635 928 2696 ha
991 2635 1238 2695 voluto
1301 2633 1593 2713 allongo
1659 2631 2065 2694 informarsi
2110 2633 2233 2694 del
2277 2640 2461 2694 tutto
2512 2641 2584 2694 et
2628 2642 2837 2694 trova

295 2739 428 2800 chel
471 2760 737 2821 povero
789 2738 1125 2802 Cardinal
1173 2737 1433 2820 Egidio
1483 2739 1520 2800 ὲ
1569 2747 1905 2800 accusato
1954 2759 1995 2800 a
2044 2758 2225 2820 gran
2272 2747 2497 2818 tort0,
2560 2747 2631 2800 et
2678 2738 2835 2802 chel

297 2847 644 2912 cameriere
697 2849 768 2911 di
817 2846 1080 2911 Cesare
1129 2848 1164 2911 ὲ
1217 2849 1436 2911 molto
1485 2847 1672 2911 male
1719 2845 2100 2910 informato
2150 2846 2341 2909 della
2386 2866 2591 2926 cosa,
2643 2855 2715 2909 et
2744 2845 2833 2909 -in

297 2972 532 3019 summa
593 2957 721 3018 che
771 2956 955 3018 deve
1004 2954 1176 3018 farsi
1227 2954 1662 3017 conscientia
1711 2955 1903 3017 della
1948 2952 2239 3017 infamia
2288 2954 2421 3017 che
2466 2954 2537 3015 in
2581 2962 2834 3034 questo

293 3062 374 3121 ha
416 3064 568 3126 dato
618 3085 660 3126 a
708 3062 855 3127 Sua
904 3062 1540 3127 Reverendissima
1587 3060 1928 3143 Signoria
1976 3070 2047 3124 et
2094 3062 2323 3123 anche
2368 3062 2461 3123 ad
2511 3060 2829 3123 Henech-

297 3180 454 3231 wort
511 3192 708 3235 corne
771 3172 829 3233 si
891 3170 1102 3251 potra
1159 3170 1426 3253 meglio
1490 3172 1754 3233 vedeve
1816 3189 1946 3250 per
2009 3170 2078 3233 la
2138 3188 2311 3231 vera
2375 3168 2834 3231 instructione

295 3277 464 3341 della
508 3300 718 3343 causa
767 3290 838 3342 et
885 3281 1039 3343 loro
1089 3282 1298 3343 lettre
1347 3281 1480 3343 che
1528 3279 1587 3341 si
1633 3281 2125 3341 mandaranno
2174 3277 2244 3339 di
2294 3278 2385 3340 la.

453 3385 888 3450 Nondimeno
936 3406 1067 3467 per
1115 3386 1466 3449 sodisfare
1515 3407 1558 3449 a
1605 3386 1914 3448 Caesare
1963 3388 2030 3447 al
2090 3383 2503 3447 confessore
2569 3382 2639 3445 di
2691 3382 2838 3445 Sua

297 3487 574 3573 Maesta,
640 3505 712 3555 et
771 3496 1000 3556 anche
1045 3495 1114 3556 al
1163 3493 1580 3571 cameriere‚
1649 3494 1859 3573 quale
1921 3492 2229 3555 scrivete
2278 3510 2475 3555 esser
2520 3494 2715 3553 bono
2762 3500 2835 3553 et

295 3598 614 3661 catholico
663 3599 1178 3681 gentilhuom0‚
1228 3600 1376 3662 Sua
1425 3600 1885 3663 Beatitudine
1941 3619 2074 3682 per
2132 3618 2369 3661 mezzo
2434 3599 2551 3661 del
2598 3598 2833 3662 Reve-

294 3704 679 3771 rendissimo
744 3707 990 3769 Sancti
1041 3708 1342 3787 Quattro
1405 3708 1499 3767 ha
1564 3706 1874 3769 sforzato
1938 3707 1978 3767 l'
2008 3706 2422 3768 adversario
2486 3704 2835 3768 renitente

296 3819 354 3869 et
411 3812 759 3895 disparato
809 3836 852 3876 a
899 3814 1306 3877 renuntiare
1373 3816 1441 3876 la
1489 3814 1679 3877 dicta
1727 3814 2203 3895 prepositura,
2266 3821 2337 3876 et
2384 3822 2569 3875 tutte
2614 3813 2681 3874 le
2732 3832 2831 3874 ra-

293 3916 468 3995 gioni
513 3940 630 3984 sue
680 3924 750 3983 al
795 3920 1084 3985 fratello
1135 3921 1205 3982 di
1255 3942 1416 3984 esso
1467 3920 1873 3984 Cameriere
1918 3932 1993 3983 et
2042 3924 2133 3984 ha
2178 3930 2595 3983 contentato
2646 3919 2835 3981 dicto

295 4025 674 4091 adversario
738 4048 871 4091 con
936 4049 1078 4092 uno
1141 4028 1372 4091 offitio
1437 4029 1570 4092 che
1633 4030 1684 4091 11
1742 4030 1970 4092 tenda
2037 4038 2263 4097 cento
2310 4027 2550 4089 ducati
2608 4024 2674 4088 d'
2707 4044 2835 4087 oro

295 4130 328 4189 l’
359 4152 532 4197 anno
592 4136 838 4217 pagati
903 4136 1074 4216 ogni
1125 4156 1316 4199 mese
1365 4156 1496 4217 per
1543 4147 1702 4198 rata
1745 4134 1977 4199 finche
2028 4156 2103 4197 se
2152 4137 2203 4198 li
2250 4136 2343 4199 da
2390 4133 2837 4213 ricompensa

295 4235 354 4298 in
411 4242 736 4305 benefitii.
833 4244 1127 4305 Potrete
1187 4242 1344 4305 fare
1391 4242 1766 4306 intendere
1816 4242 1865 4305 il
1910 4252 2095 4305 tutto
2146 4244 2215 4305 al
2258 4242 2381 4303 Re
2429 4243 2496 4303 al
2546 4239 2835 4303 Confes-

297 4364 434 4409 sore
477 4360 548 4411 et
591 4372 632 4412 a
679 4350 862 4411 ditto
912 4348 1320 4429 cameriere,
1370 4350 1564 4412 accio
1615 4352 1746 4413 che
1789 4350 2185 4413 intendano
2234 4350 2365 4411 che
2412 4348 2715 4430 rispetto
2766 4347 2838 4409 di

299 4450 422 4515 Sua
465 4456 737 4519 Maesta
801 4478 876 4519 se
942 4456 990 4519 li
1041 4458 1232 4519 dona
1293 4456 1764 4520 liberamente
1811 4458 1881 4519 la
1930 4455 2383 4538 prepositura
2438 4456 2571 4517 che
2618 4461 2836 4534 certo,

297 4576 405 4637 per
459 4574 718 4644 quanto
755 4562 1018 4626 Nostro
1061 4562 1370 4644 Signore
1421 4564 1514 4625 ha
1559 4568 1807 4627 voluto
1856 4564 2251 4643 intendere,
2303 4581 2443 4625 non
2493 4562 2556 4624 ci
2604 4564 2837 4625 havea

299 4667 560 4747 ragione
623 4672 878 4733 alcuna
941 4671 1030 4733 ne
1095 4670 1143 4733 il
1193 4670 1573 4734 Cardinale
1623 4672 1919 4753 Egidio,
1988 4672 2197 4753 quale
2244 4690 2566 4751 per-non
2614 4669 2835 4731 incor-

301 4791 432 4836 rere
475 4776 538 4839 in
591 4780 660 4841 le
706 4798 1004 4841 censure
1040 4787 1112 4840 et
1145 4778 1724 4841 excommuniche
1761 4778 1931 4841 delli
1965 4776 2483 4859 exequutoriali
2516 4776 2835 4839 intimate

301 4899 334 4939 a
373 4882 504 4947 Sua
563 4884 938 4969 Signoria,
1005 4895 1169 4974 post
1233 4904 1384 4948 rem
1441 4885 1827 4948 iudicatam
1890 4884 2081 4947 dallo
2146 4884 2561 4947 adversario
2627 4882 2839 4947 cessit

2450 4988 2513 5043 6*
