3575 5775
1390 561 1507 615 oe<13
1558 563 1691 618 ,459
1768 559 1886 614 ΞΝ)

362 704 719 768 dentinum
768 715 1153 788 expectare
1204 707 1391 770 omni
1438 709 1616 771 hora
1665 707 2104 772 obsidionem
2133 759 2150 788 ,
2223 730 2432 791 quam
2499 710 2740 773 rustici
2801 711 2916 774 mi—

363 820 635 891 nantur,
684 821 761 874 ut
809 815 900 875 ab
952 814 1525 896 exploratoribus
1589 815 1870 898 accepi;
1941 817 2226 898 quando
2284 816 2516 898 pridie
2556 817 2800 880 rustici
2847 817 2915 879 in

368 917 675 980 Bolzano
747 921 1152 1002 propinquo
1232 921 1499 1004 oppido
1577 924 1771 985 bona
1837 923 2463 1005 Monasteriorum,
2537 935 2608 986 et
2672 925 2920 987 domus

361 1023 907 1089 Teutonicorum
942 1027 1013 1089 in
1043 1030 1384 1108 praedam
1414 1028 1601 1092 inter
1634 1050 1709 1092 se
1758 1030 2000 1111 partiti
2050 1041 2230 1093 sunt.
2327 1031 2512 1112 Quid
2553 1031 2918 1113 pluribus?

362 1132 432 1193 in
479 1133 823 1214 praefatis
873 1133 1258 1216 provinciis
1321 1143 1393 1197 et
1448 1135 1603 1198 aliis
1653 1136 1888 1199 multis
1934 1138 2112 1202 locis
2160 1138 2332 1200 nihil
2381 1139 2682 1220 amplius
2746 1138 2917 1220 pris-

360 1237 487 1301 tini
534 1239 851 1323 decoriS,
901 1241 1572 1325 ecclesiasticaeque
1621 1244 2120 1308 observantiae
2169 1265 2462 1310 cernere
2513 1255 2639 1309 est.
2758 1245 2917 1308 Om-

362 1344 477 1407 nia
506 1349 853 1428 populare
886 1350 1141 1431 vulgus
1173 1349 1561 1430 innovavit,
1582 1372 2084 1434 sacrorumque
2113 1354 2684 1435 peragendorum
2712 1354 2918 1416 ritum

362 1453 706 1516 hactenus
754 1466 1112 1520 servatum
1161 1457 1581 1539 antiquavit;
1632 1478 1864 1540 neque
1912 1461 2046 1522 hoc
2097 1462 2368 1523 scelere
2417 1461 2632 1543 impio
2682 1462 2916 1523 admo-

278 1639 291 1652 ·
363 1561 527 1623 dum
577 1572 1020 1643 contentum,
1072 1585 1157 1626 eo
1206 1564 1523 1628 insaniae
1574 1565 1942 1647 processit,
1991 1577 2067 1629 ut
2115 1567 2597 1631 saecularibus
2637 1587 2920 1649 quoque

362 1668 813 1750 Principibus
845 1673 1101 1752 legem,
1142 1692 1281 1754 qua
1326 1671 1428 1734 illi
1476 1673 1565 1735 de
1602 1682 1842 1736 cetero
1892 1671 2037 1737 suis
2070 1674 2496 1757 imperitent,
2527 1674 2917 1758 imposituri

364 1795 519 1838 esse
571 1776 965 1841 videantur.
1060 1777 1377 1860 Exigunt
1424 1788 1589 1841 ante
1640 1779 1908 1860 omnia,
1975 1791 2052 1843 ut
2111 1784 2202 1844 ad
2264 1784 2549 1846 modum
2598 1802 2795 1845 suum
2844 1781 2916 1844 li-

364 1884 533 1944 bere
586 1883 687 1945 eis
735 1885 1177 1967 relinquatur
1210 1885 1674 1968 evangelicae
1724 1887 2090 1974 doctrinae
2139 1888 2512 1971 professio,
2549 1910 2756 1972 quam
2803 1888 2922 1952 im·

362 1989 677 2070 peditam
728 2009 858 2074 per
908 1990 1287 2073 episcopos
1335 1993 1705 2074 hactenus,
1756 2013 1894 2056 uno
1942 1996 2116 2058 hore
2166 1998 2506 2076 clamant,
2569 1997 2702 2059 sibi
2753 1995 2923 2078 ipsis

364 2097 661 2159 electuri
707 2098 777 2160 in
827 2108 1189 2180 posterum
1240 2099 1359 2180 qui
1409 2100 1807 2163 declament
1843 2102 2324 2184 evangelium;
2377 2105 2568 2184 quod
2604 2104 2721 2166 ubi
2770 2103 2921 2165 sine

368 2205 855 2269 moderatione
907 2208 1081 2288 ulla,
1146 2217 1221 2268 ut
1270 2205 1481 2269 etiarn
1532 2228 1687 2270 cum
1734 2209 2052 2288 periculo
2101 2209 2293 2272 vitae
2342 2231 2511 2273 suae
2557 2219 2806 2292 petere
2855 2219 2926 2272 et

366 2315 555 2376 velle
586 2313 935 2394 videntur,
972 2314 1427 2394 obtinuerint,
1459 2323 1604 2378 tum
1636 2323 1868 2382 actum
1919 2316 2050 2378 erit
2080 2317 2170 2378 de
2204 2317 2529 2380 omnibus
2563 2317 2926 2380 Ecclesiae

368 2420 826 2502 proceribus,
876 2422 948 2483 in
1018 2423 1153 2484 hac
1220 2421 1555 2502 Natione,
1626 2421 1696 2485 in
1766 2442 2061 2504 quorum
2135 2423 2426 2487 exitium
2497 2424 2930 2505 conspiravit

368 2529 704 2592 universa
751 2529 999 2610 populi
1060 2527 1465 2591 Germanici
1530 2529 1905 2614 multitudo
1925 2580 1942 2610 ,
2015 2533 2205 2612 quod
2281 2531 2446 2593 mihi
2518 2551 2753 2593 coram
2824 2530 2932 2593 his

370 2634 623 2697 diebus
679 2635 1001 2698 innotuit.
1098 2635 1361 2698 Audivi
1411 2635 1597 2698 enim
1667 2636 1842 2700 meis
1890 2637 2179 2701 auribus
2244 2657 2336 2702 ex
2396 2639 2603 2701 huius
2669 2635 2926 2700 Princi-

372 2753 583 2824 patus
614 2743 749 2804 mei
784 2742 1201 2825 Tyrolensis
1232 2742 1557 2822 subditis,
1591 2745 1683 2804 ad
1716 2763 1892 2824 quos
1925 2746 2280 2808 sedandos
2329 2765 2441 2807 me
2488 2745 2714 2826 ipsum
2773 2763 2930 2805 con-

370 2850 533 2921 tuli;
588 2849 1007 2933 inceperant
1057 2849 1242 2914 enim
1291 2859 1363 2913 et
1431 2849 1568 2933 ipsi
1637 2850 1707 2914 in
1778 2850 2348 2915 Ecclesiasticam
2419 2843 2566 2915 rem
2637 2851 2932 2933 saevire,

372 2958 671 3040 primum
722 2958 912 3038 apud
944 2956 1351 3038 Brixinam,
1399 2958 1469 3020 in
1520 2978 1660 3039 qua
1722 2958 2111 3041 expilatum
2175 2969 2282 3021 est
2344 2980 2550 3022 omne
2613 2959 2934 3022 sacerdo-

373 3066 566 3143 tium,
617 3076 690 3127 et
738 3066 1133 3149 Episcopus
1180 3065 1493 3147 fugatuS,
1543 3066 1806 3148 deinde
1854 3066 2089 3129 vicina
2129 3066 2585 3145 Monasteria,
2638 3085 2934 3147 quorum

375 3176 514 3237 duo
567 3174 781 3237 etiam
830 3173 1145 3256 depilata
1201 3183 1363 3236 sunt
1408 3194 1631 3256 usque
1686 3175 1758 3237 in
1819 3176 2080 3240 vallem
2127 3176 2560 3239 Puseranam
2608 3192 2738 3254 pro
2791 3192 2930 3234 ser-

374 3282 611 3364 pentis
662 3281 827 3344 mali
872 3280 1363 3364 intemperiem
1412 3282 1936 3362 sustinuerunt,
2003 3292 2267 3363 quanta
2329 3282 2717 3344 animorum
2779 3298 2934 3360 per-

376 3389 639 3453 vicatia
686 3389 985 3451 tendant
1038 3388 1110 3450 in
1177 3388 1451 3451 ruinam
1515 3388 1731 3452 totius
1777 3389 2260 3452 Ecclesiastici
2309 3388 2594 3452 ordinis.
2688 3386 2938 3467 Neque

377 3498 563 3560 enim
626 3496 894 3577 dubit0,
944 3495 1112 3579 quin
1178 3496 1698 3577 processissent
1746 3497 1838 3559 ad
1905 3496 2181 3577 reliqua
2247 3496 2732 3573 devastanda,
2805 3492 2941 3556 nisi

376 3626 486 3669 me
536 3603 678 3668 illis
725 3602 1142 3666 obiecissem
1191 3602 1380 3666 omni
1444 3602 2008 3667 mansuetudine.
2119 3602 2372 3683 Neque
2432 3602 2708 3665 vicinos
2771 3600 2940 3664 mihi

381 3733 473 3774 ex
520 3712 659 3774 hoc
709 3713 931 3774 latere
965 3709 1318 3773 Bavariae
1368 3710 1737 3791 Principes
1784 3720 2326 3791 praetergressa
2373 3719 2482 3773 est
2528 3711 2680 3772 lues
2727 3710 2939 3780 haec;

379 3818 714 3882 viderunt
763 3816 947 3880 enim
998 3827 1069 3879 et
1117 3816 1251 3900 ipsi
1301 3817 1667 3881 Coenobia
1704 3864 1723 3896 ,
1770 3818 2070 3898 locaque
2119 3836 2248 3879 sua
2294 3838 2498 3880 sacra
2545 3816 2778 3878 diruta
2825 3816 2938 3875 de-

384 3934 687 4007 vastata,
737 3934 807 3988 et
835 3924 1153 4007 expilata
1200 3924 1472 4005 aliquot
1518 3922 1828 3987 Sveviae
1876 3924 2132 4004 vicina,
2182 3944 2478 4006 quorum
2526 3922 2832 3985 omnium
2880 3920 2938 3983 si

385 4034 793 4114 catalogum
856 4032 1169 4095 scribere
1234 4032 1469 4111 velim,
1553 4032 1837 4094 modum
1905 4030 2361 4113 epistolarum
2433 4039 2511 4091 ut
2575 4030 2939 4107 excedam,

386 4149 701 4224 oportet;
776 4141 903 4202 sed
965 4141 1143 4202 haec
1202 4159 1333 4220 per
1403 4140 1639 4221 capita
1712 4140 2062 4202 duntaxat
2129 4138 2680 4220 perstringenda
2749 4136 2941 4215 duxi,

386 4269 526 4331 quo
576 4244 933 4310 Sanctitas
989 4246 1243 4309 Vestra
1292 4255 1707 4327 cognoscat,
1776 4245 2032 4327 quibus
2087 4245 2159 4306 in
2209 4244 2524 4307 terminis
2569 4264 2684 4306 res
2731 4242 2943 4325 potis·

388 4356 639 4419 simum
708 4353 1193 4417 ecclesiastica
1263 4364 1624 4432 versetur,
1697 4372 2100 4433 quanquam
2171 4350 2288 4432 qui
2351 4362 2726 4414 censentur
2787 4370 2944 4413 esse

388 4460 773 4527 saecularis
821 4470 1076 4539 statu5‚
1142 4471 1213 4523 et
1273 4460 1663 4542 praecipue
1722 4461 1995 4541 aliquot
2064 4458 2324 4540 insigni
2372 4460 2530 4521 loco
2581 4458 2726 4521 nati
2775 4458 2942 4520 mili-

388 4581 579 4634 tares
626 4568 760 4631 viri
808 4568 877 4631 in
929 4568 1261 4650 Hegovia
1326 4578 1396 4631 et
1452 4568 1609 4631 aliis
1669 4568 1844 4630 locis
1899 4560 2393 4630 factiosissime
2450 4564 2947 4629 ferocientissi·

388 4697 643 4760 meque
692 4675 1157 4739 multitudinis
1204 4676 1345 4737 sint
1402 4674 1683 4756 experti
1730 4675 1896 4753 vim,
1969 4694 2007 4737 e
2069 4674 2323 4755 quibus
2384 4672 2715 4737 trucidati
2763 4682 2943 4752 sunt,

392 4794 463 4847 et
509 4787 751 4867 plures
798 4783 1079 4846 arcibus
1128 4782 1272 4845 suis
1321 4782 1600 4864 expulsi
1651 4792 1721 4845 et
1769 4780 2073 4863 spoliati.
2171 4778 2332 4842 Non
2367 4787 2520 4841 erat
2551 4778 2621 4841 in
2659 4776 2943 4841 Svevici

391 4891 657 4958 federis
702 4890 993 4975 viribus,
1038 4898 1115 4952 ut
1143 4888 1212 4953 in
1248 4898 1353 4955 tot
1385 4889 1558 4957 locis
1592 4898 1664 4954 et
1693 4896 1835 4952 tam
1885 4886 2046 4953 latis
2085 4886 2525 4971 regionibus,
2567 4887 2636 4949 in
2687 4885 2941 4969 quibus
