3575 5775
1354 573 1651 628 0-<3447
1728 573 1846 630 &0

334 701 524 766 sione
570 701 875 766 hostium
923 701 1339 765 terminata:
1402 701 1463 764 si
1500 702 1671 765 nihil
1721 711 1826 766 est
1871 704 2096 766 maius
2144 718 2260 768 aut
2312 708 2643 790 amplius,
2692 711 2884 791 quod

334 808 706 872 moderatis
753 817 825 872 et
871 808 1340 891 prudentibus
1388 807 1637 872 animis
1667 809 1865 891 posci
1903 813 1996 874 ab
2025 811 2402 878 immortali
2435 814 2594 878 Deo
2635 818 2880 898 possit,

332 937 531 998 quam
584 924 917 998 quantum
967 915 1096 978 tibi
1144 915 1437 978 coelesti
1484 915 1671 979 illius
1718 915 2068 982 beneficio
2118 927 2226 982 est
2284 919 2656 1004 tributum,
2695 944 2878 990 ,ora-

330 1045 475 1087 mus
522 1043 1039 1107 precamurque
1089 1019 1317 1085 Sertem
1364 1031 1557 1086 tuam
1606 1034 1682 1086 ut
1728 1023 1799 1086 in
1857 1025 2380 1090 conditionibus
2447 1029 2644 1110 pacis
2705 1039 2881 1093 trac-

333 1131 563 1194 tandis
610 1132 737 1193 des
772 1139 841 1192 te
878 1132 966 1192 ad
1003 1150 1159 1192 eam
1208 1139 1505 1211 partem,
1555 1139 1633 1193 ut
1676 1131 1907 1212 magis
1954 1141 2252 1214 propter
2285 1134 2713 1200 desiderium
2762 1157 2882 1219 pa·

330 1237 445 1319 ciS,
493 1237 741 1301 faciles
792 1249 863 1300 et
910 1237 1262 1318 benignas
1311 1236 1755 1300 conditiones
1803 1237 2084 1319 tulisse,
2151 1260 2360 1322 quam
2409 1252 2708 1324 propter
2753 1244 2882 1306 dif-

326 1344 709 1410 ficultatem
756 1345 1240 1408 conditionum
1288 1343 1447 1426 paci
1495 1346 1727 1408 locum
1761 1365 1902 1408 non
1935 1346 2308 1428 reliquisse
2339 1348 2649 1414 videare.
2723 1351 2883 1415 Hoc

328 1453 649 1536 petimus,
698 1453 833 1516 hoc
882 1454 1279 1531 hortamur,
1328 1471 1560 1534 neque
1612 1451 1808 1514 dubii
1854 1473 2092 1516 sumus
2108 1502 2126 1534 ,
2173 1463 2244 1518 te
2293 1457 2384 1517 ad
2433 1458 2667 1521 omnia
2712 1459 2882 1523 libe·

327 1560 499 1624 ralia
548 1569 621 1624 et
664 1561 973 1623 humana
1019 1568 1423 1641 promptum
1474 1579 1651 1624 esse.
1746 1557 1892 1622 Sed
1950 1569 2027 1622 ut
2086 1569 2210 1625 tua
2267 1565 2640 1642 praeclara
2685 1586 2886 1628 mens

328 1668 393 1730 in
454 1688 584 1730 sua
645 1667 964 1731 bonitate
1029 1675 1103 1729 et
1162 1666 1516 1730 sententia
1575 1676 1994 1748 permaneat
2053 1669 2539 1750 deprecamur.
2655 1672 2882 1758 Nemo

330 1796 635 1860 unquam
696 1774 1034 1858 princeps
1080 1771 1235 1854 fuit,
1287 1773 1405 1854 qui
1452 1773 1721 1836 maiora
1768 1774 2072 1839 senserit
2119 1797 2294 1860 erga
2343 1797 2418 1840 se
2469 1778 2607 1842 Dei
2648 1778 2880 1844 Omni·

328 1883 637 1966 potentis
704 1881 1092 1963 promerita
1171 1901 1379 1963 quam
1445 1891 1749 1963 experta
1817 1890 1926 1944 est
1992 1880 2200 1946 Ser²²⁸
2259 1897 2414 1958 tua;
2487 1887 2611 1949 sed
2676 1907 2882 1950 nemo

332 1989 538 2054 etiam
591 1988 827 2053 extitit
873 2007 1183 2068 unquam
1233 1987 1351 2068 qui
1408 1987 1861 2051 illustriorem
1910 1989 2360 2055 occasionem
2405 1993 2735 2058 habuerit
2781 2016 2884 2057 re-

329 2096 669 2162 ferendae
718 2094 819 2158 illi
865 2094 1162 2177 gratiae.
1258 2091 1533 2156 Scimus
1580 2114 1712 2157 nos
1784 2106 1856 2158 et
1919 2103 2296 2177 testamur,
2377 2107 2448 2161 et
2517 2101 2740 2165 vades
2815 2110 2885 2164 et

331 2223 713 2287 sponsores
760 2201 945 2264 inter
1006 2211 1077 2264 te
1137 2209 1207 2263 et
1274 2201 1501 2264 Deum
1566 2221 1723 2264 esse
1793 2203 2137 2284 volumuS‚
2187 2205 2245 2266 si
2294 2213 2413 2268 tua
2462 2208 2884 2271 auctoritate

332 2321 399 2374 et
444 2308 825 2374 clementia
870 2308 981 2372 his
1028 2307 1369 2370 luctuosis
1416 2308 1860 2390 temporibus
1909 2310 2376 2375 constituetur
2403 2333 2569 2394 pax,
2618 2316 2886 2378 nullum

334 2439 639 2502 unquam
684 2415 1092 2498 Principem
1159 2425 1228 2478 et
1292 2415 1575 2496 Regem
1634 2418 1929 2497 nullum,
1999 2427 2119 2481 aut
2181 2419 2404 2482 maius
2471 2422 2886 2505 obsequium

330 2529 483 2592 Deo
544 2523 1014 2608 praestitisse,
1064 2531 1188 2587 aut
1235 2524 1379 2586 ullo
1429 2531 1751 2605 tempore
1814 2544 1970 2588 esse
2031 2535 2574 2606 praestaturum.
2647 2527 2861 2612 Carpi

332 2655 483 2698 mur
528 2632 905 2716 paulatim:
955 2630 1485 2694 concludimur:
1536 2630 1609 2692 in
1657 2631 2028 2714 angustias
2057 2632 2480 2716 redigimur:
2531 2645 2743 2716 atque
2795 2656 2888 2698 ex

335 2744 503 2805 orbe
552 2749 901 2802 terrarum
950 2737 1303 2818 universo,
1352 2737 1470 2818 qui
1517 2737 1671 2800 fere
1719 2747 1912 2801 totus
1954 2739 2336 2823 aliquando
2372 2741 2565 2824 Regi
2599 2743 2891 2824 Regum

334 2847 611 2913 Christo
660 2847 829 2928 Jesu
878 2843 1235 2909 Salvatori
1282 2852 1529 2907 nostro
1578 2845 1833 2927 paruit,
1885 2845 1954 2908 in
2005 2855 2150 2910 tres
2195 2849 2313 2911 vel
2361 2859 2664 2930 quatuor
2711 2849 2886 2913 chri-

336 2954 711 3020 stianitatis
759 2951 1165 3037 provincias
1226 2952 1496 3033 repulsi
1543 2964 1615 3015 et
1681 2953 2024 3017 coarctati
2095 2974 2367 3034 sumus,
2439 2976 2621 3037 quae
2691 2959 2888 3020 solae

331 3073 601 3127 restant
647 3061 1001 3143 integrae:
1050 3060 1233 3124 aliae
1282 3069 1405 3123 aut
1449 3060 1734 3142 penitus
1782 3062 1940 3124 Deo
1988 3064 2456 3144 rebellarunt,
2505 3074 2624 3126 aut
2656 3063 2898 3146 impiisv

334 3169 545 3234 sectis
592 3179 666 3234 et
710 3168 1083 3232 heresibus
1143 3169 1236 3230 ad
1296 3169 1785 3231 rebellandum
1853 3178 2016 3231 sunt
2069 3168 2554 3252 propinquae,
2625 3180 2745 3234 aut
2817 3170 2887 3234 in

332 3287 531 3342 tanto
577 3276 897 3360 periculo
946 3275 1374 3339 constitutae
1422 3286 1585 3337 sunt
1609 3323 1627 3356 ,
1676 3287 1751 3337 ut
1800 3276 2000 3357 quasi
2039 3296 2170 3358 pro
2206 3276 2602 3358 desperatis
2632 3287 2705 3342 et
2735 3297 2886 3360 per·

334 3385 500 3449 ditis
544 3386 963 3448 habeantur.
1059 3381 1425 3463 Quaenam
1497 3402 1923 3466 quaesumus
1993 3394 2193 3447 tanta
2263 3405 2393 3447 nos
2454 3384 2606 3466 agit
2665 3386 2886 3467 preci·
2941 3406 2949 3413 ·

331 3494 520 3576 pites
566 3492 702 3555 Dei
751 3491 889 3571 ira,
955 3500 1031 3553 ut
1092 3499 1365 3573 pestem
1417 3500 1486 3552 et
1533 3490 1893 3554 interitum
1942 3500 2258 3554 nostrum
2305 3490 2587 3573 ipsimet
2634 3512 2887 3576 appro-

332 3602 707 3681 peremus?
758 3608 1255 3661 convertamur
1303 3596 1391 3659 ad
1441 3597 1669 3679 ipsum
1718 3598 2136 3661 Dominum:
2210 3612 2282 3661 et
2350 3619 2508 3662 cum
2577 3599 2682 3662 illi
2748 3599 2892 3663 iras

333 3719 401 3771 et
448 3708 744 3772 iniurias
804 3716 1085 3769 nostras
1134 3704 1812 3785 condonaverimuS,
1862 3725 2227 3787 speremus
2276 3709 2366 3769 ab
2417 3726 2502 3770 eo
2553 3708 2890 3789 consequi

334 3814 929 3893 misericordiam,
978 3833 1159 3894 quae
1208 3823 1403 3875 certe
1451 3832 1589 3876 non
1644 3812 1894 3891 deerit,
1945 3812 2001 3874 si
2040 3812 2160 3894 pie
2191 3821 2262 3875 et
2291 3814 2648 3877 humiliter
2677 3813 2891 3878 fuerit

334 3924 573 4003 petita.
670 3922 763 3985 Et
794 3922 968 3985 haec
1004 3930 1237 3983 tamen
1274 3920 1510 3982 omnia
1554 3919 1624 3982 in
1675 3939 1880 3982 manu
1921 3930 2043 3981 tua
2075 3919 2516 4000 potissimum
2547 3918 2646 3983 fili
2679 3920 2888 3983 caris-

334 4030 503 4093 sime
552 4038 738 4092 sunt.
834 4027 972 4108 Qui
1019 4026 1077 4089 si
1127 4037 1196 4089 te
1247 4037 1323 4088 ut
1370 4026 1823 4106 confidimuS,
1886 4026 1978 4087 ad
2042 4035 2375 4089 constans
2423 4026 2620 4109 pacis
2668 4026 2888 4090 consi-

334 4136 497 4199 lium
546 4134 1019 4216 converteris,
1070 4143 1276 4196 erunt
1326 4142 1447 4196 tuo
1498 4135 1713 4195 ductu
1763 4142 1836 4195 et
1881 4132 2179 4214 imperio
2210 4154 2348 4196 non
2385 4135 2626 4196 salvae
2666 4134 2890 4197 solum

332 4242 867 4308 christianitatis
914 4262 1049 4321 reS,
1098 4261 1343 4303 verum
1393 4240 1602 4303 etiam
1649 4238 2018 4313 florentes;
2070 4259 2211 4303 non
2259 4239 2488 4303 minor
2523 4252 2632 4302 est
2661 4240 2893 4321 gloria

332 4371 625 4432 parcere
677 4349 1002 4413 hostibus
1052 4347 1369 4427 devictis,
1420 4367 1629 4429 quam
1679 4368 1805 4409 eos
1853 4346 2175 4411 vincere:
2232 4346 2464 4428 pietas
2524 4357 2754 4411 autem
2822 4357 2895 4411 et

332 4458 553 4523 virtus
600 4467 675 4523 et
724 4455 1071 4538 sapientia
1120 4456 1339 4517 multo
1388 4454 1612 4516 maior
1652 4473 1785 4536 pro
1841 4452 2086 4517 celesti
2123 4453 2420 4535 imperio
2468 4452 2658 4516 ferre
2687 4456 2895 4537 signa

332 4564 403 4627 in
452 4565 582 4629 Dei
632 4568 899 4643 hosteS,
950 4582 1159 4645 quam
1206 4582 1337 4644 pro
1386 4560 1689 4624 terrenis
1736 4562 1951 4623 rebus
1999 4562 2436 4642 depugnare.
2520 4560 2666 4624 Nos
2698 4570 2892 4623 certe

336 4673 667 4737 ardentes
714 4669 1203 4734 benivolentia
1252 4688 1427 4749 erga
1471 4676 1574 4748 te,
1638 4679 1708 4729 et
1755 4668 1990 4731 studio
2038 4667 2269 4731 laudis
2329 4678 2536 4749 tuae,
2601 4688 2686 4732 ea
2733 4689 2893 4732 con-

336 4779 625 4843 sulimus
672 4778 823 4857 tibi,
859 4798 1041 4859 quae
1071 4777 1495 4854 arbitramur
1524 4773 1830 4855 utilitati,
1867 4773 2216 4857 dignitati,
2250 4774 2696 4857 amplitudini
2729 4785 2894 4839 tuae

337 4888 889 4950 accommodata.
986 4883 1169 4964 Quid
1226 4882 1563 4945 Dominus
1612 4883 1806 4943 Deus
1854 4891 2185 4963 appetat,
2246 4882 2700 4965 perspicuum
2765 4892 2896 4965 est,
