3575 5775
1349 583 1808 638 0-4373&

320 752 492 794 casse
539 729 798 808 statim,
850 731 1270 794 altramente
1321 733 1624 794 sai-ebbe
1673 742 1921 794 tenuto
1971 751 2103 814 per
2146 731 2487 812 hereti00,
2555 740 2626 793 et
2672 741 2859 812 post·

320 859 500 919 quam
561 837 893 901 rediisset
953 837 1024 900 in
1077 837 1380 920 patriam
1429 859 1522 901 ex
1571 838 1783 901 Dieta
1831 839 2343 919 procederetur
2388 837 2459 900 in
2510 858 2669 900 eum
2718 847 2861 900 tan-

319 965 502 1025 quam
551 946 622 1007 in
672 943 1064 1008 hereticum
1113 946 1218 1008 sel
1265 944 1460 1008 fusse
1506 965 1750 1028 preso;
1802 957 1874 1008 et
1902 965 1947 1006 a
1978 955 2231 1026 questo
2265 945 2427 1006 tutti
2472 944 2520 1006 li
2552 944 2865 1025 Principi

317 1053 598 1114 voleano
661 1061 960 1114 mettere
1021 1052 1070 1114 li
1133 1052 1300 1114 beni
1365 1062 1436 1114 et
1495 1053 1543 1114 li
1611 1052 1812 1134 corpi
1862 1054 2051 1130 lor0,
2122 1073 2233 1116 ma
2280 1052 2467 1114 delle
2518 1071 2683 1114 cose
2732 1051 2863 1114 che

317 1169 590 1222 toccano
639 1159 754 1228 all’
793 1159 1127 1222 Autorita
1175 1160 1293 1222 del
1341 1159 1563 1240 Papa,
1631 1167 1704 1221 et
1742 1159 1901 1239 jura
1949 1158 2275 1239 positiva,
2346 1160 2478 1221 c‘he
2526 1158 2622 1220 lui
2670 1157 2865 1222 fusse

316 1265 536 1329 audito
553 1315 570 1346 ,
639 1275 712 1328 et
773 1268 904 1329 che
967 1287 1044 1330 se
1112 1268 1320 1330 desse
1377 1266 1598 1347 judici
1659 1267 1752 1328 da
1800 1265 2022 1329 Cesar
2076 1267 2166 1328 ad
2216 1265 2387 1328 udir¹
2422 1266 2535 1328 chi
2584 1267 2865 1329 volesse

319 1373 618 1454 disputar
669 1383 918 1436 contra
949 1373 1256 1437 Martino
1307 1371 1543 1456 (notisi
1591 1375 1660 1436 la
1709 1373 1900 1436 bella
1946 1373 2415 1436 deliberation
2449 1373 2521 1436 di
2554 1373 2866 1454 Principi

317 1479 378 1541 di
423 1481 850 1565 Alemagna)
899 1480 1018 1561 poi
1068 1501 1146 1543 se
1195 1481 1602 1561 publicasse
1648 1479 1698 1543 il
1747 1481 2105 1558 mandam,
2162 1480 2210 1542 il
2258 1481 2391 1542 che
2440 1482 2745 1542 sarebbe
2795 1479 2865 1542 in

317 1587 546 1650 diebus
612 1587 784 1660 iuis;
855 1597 928 1650 et
989 1590 1128 1650 ben
1195 1587 1250 1648 si
1314 1590 1499 1650 vede
1550 1589 1682 1650 che
1731 1607 1909 1650 sono
1959 1597 2183 1650 trame
2230 1588 2349 1650 del
2397 1589 2689 1650 Saxone
2736 1607 2867 1670 per

317 1693 540 1757 diferir
587 1697 656 1756 la
705 1713 896 1773 cosa,
945 1714 1162 1758 ancor
1211 1697 1344 1756 che
1391 1694 1582 1758 mille
1611 1697 1807 1758 volte
1841 1694 2039 1757 molti
2072 1695 2389 1776 Principi
2424 1697 2555 1758 che
2594 1715 2865 1776 pareno

315 1803 546 1880 buoni,
613 1810 685 1865 et
735 1813 930 1864 certo
981 1821 1302 1882 pensano
1349 1801 1462 1864 far
1509 1810 1975 1882 santamente,
2024 1803 2377 1884 tenghino
2428 1804 2558 1864 che
2608 1801 2689 1864 sii
2736 1821 2867 1882 per

317 1908 356 1969 il
420 1908 695 1990 meglio,
805 1908 1036 1988 Quum
1109 1918 1346 1972 tamen
1410 1908 1502 1972 sit
1564 1907 1949 1990 pessimum
2013 1909 2383 1973 consilium
2446 1920 2517 1972 et
2584 1931 2661 1972 se
2724 1929 2865 1971 non

317 2035 612 2096 peccano
661 2035 792 2097 per
841 2015 1229 2096 malignita,
1291 2035 1612 2097 peccano
1661 2035 1795 2097 per
1838 2016 2273 2097 ignorantia;
2340 2019 2721 2080 tuttavolta
2770 2016 2866 2079 di-

317 2143 522 2185 ceano
570 2125 702 2186 che
749 2133 1190 2186 remetteano
1238 2122 1410 2204 ogni
1458 2143 1626 2186 cosa
1673 2123 1742 2185 in
1797 2124 1864 2185 la
1902 2123 2181 2186 Maesta
2212 2123 2541 2203 Cesarea,
2590 2143 2866 2187 arecor-

319 2229 588 2291 dandoli
651 2229 829 2310 pero
891 2231 1026 2292 che
1090 2231 1230 2292 ben
1293 2231 1686 2311 guardasse
1752 2231 1845 2292 de
1894 2251 2036 2292 non
2084 2230 2197 2292 far
2243 2233 2545 2311 qualche
2593 2231 2868 2312 grande

317 2338 635 2400 scandalo
682 2337 754 2400 in
801 2345 1054 2417 questo
1083 2336 1409 2418 ImperiO,
1459 2337 1893 2418 publicando
1946 2339 2013 2401 el
2062 2340 2398 2400 mandato
2446 2340 2868 2402 altramente

319 2445 438 2506 che
481 2445 631 2507 loro
681 2442 1188 2508 consiliavanO.

481 2551 847 2614 Postremo
911 2551 1428 2632 supplicavano
1479 2549 1625 2614 Sua
1674 2551 1955 2615 Maesta
2010 2554 2142 2616 che
2192 2553 2239 2616 li
2287 2554 2629 2616 liberasse
2680 2555 2869 2616 dalla

319 2657 706 2738 Tyrannide
775 2658 848 2720 di
913 2658 1150 2720 Roma
1227 2669 1298 2720 et
1370 2657 1562 2740 quivi
1634 2657 2037 2722 effuderunt
2110 2659 2345 2723 omnia
2408 2681 2683 2724 venena
2744 2680 2869 2723 sua

320 2777 550 2827 contra
595 2785 725 2828 nos
773 2764 816 2826 a
865 2765 980 2828 chi
1027 2764 1300 2847 peggio
1347 2774 1564 2848 potea
1614 2766 1795 2840 dire;
1847 2776 1919 2829 et
1965 2787 2006 2828 a
2056 2776 2307 2848 questa
2355 2767 2869 2830 deliberatione

319 2871 488 2953 lot-0,
535 2874 604 2935 la
648 2874 817 2954 qual
868 2871 1087 2935 Cesar
1135 2894 1212 2937 se
1260 2871 1422 2937 fece
1471 2873 1718 2936 tradur
1764 2872 1835 2937 in
1886 2859 2243 2937 Francese
2293 2871 2393 2937 Su
2441 2873 2719 2938 Maesta
2763 2895 2869 2937 re·

321 2998 514 3059 spose
559 2981 984 3062 prudenter,
1051 2982 1184 3044 che
1233 2983 1301 3044 le
1349 2984 1640 3063 querele
1689 2982 1759 3043 di
1809 2983 2049 3045 Roma
2096 2980 2191 3043 lui
2240 3001 2381 3044 non
2429 2983 2688 3045 voleva
2736 2983 2868 3044 che

321 3104 388 3147 se
445 3090 962 3150 mescolasseno
1030 3106 1163 3151 con
1232 3090 1302 3151 la
1363 3108 1530 3151 cosa
1580 3089 1651 3150 di
1701 3088 1988 3167 Luther,
2039 3089 2167 3151 che
2216 3098 2515 3152 toccava
2564 3090 2631 3151 la
2680 3088 2867 3153 fede.

323 3190 430 3253 Ma
475 3194 600 3257 che
648 3192 798 3257 Sua
845 3193 1128 3257 Maesta
1177 3196 1638 3259 scriverebbe
1687 3217 1730 3257 a
1761 3196 2027 3259 Nostro
2058 3196 2365 3279 Signore
2414 3205 2487 3259 et
2534 3196 2666 3258 che
2716 3216 2867 3279 spe·

321 3318 478 3361 rava
539 3302 666 3364 che
717 3300 866 3364 Sua
913 3299 1194 3364 Santita
1243 3303 1564 3365 darebbe
1613 3304 1847 3365 ordini
1904 3304 2027 3367 alli
2074 3303 2276 3367 abusi
2320 3324 2396 3367 se
2444 3324 2620 3367 sono
2670 3324 2871 3367 come

321 3401 418 3467 lor
458 3405 728 3471 dicon0.

487 3516 552 3577 A
595 3518 836 3598 quello
887 3516 978 3577 de
1031 3516 1457 3581 auctoritate
1503 3536 1738 3599 papae
1787 3527 1858 3581 et
1908 3519 2213 3582 decretis
2262 3528 2335 3582 et
2394 3519 2871 3583 decretalibus

325 3618 458 3682 Sua
483 3622 752 3686 Maesta
799 3623 1010 3701 disse,
1060 3624 1192 3686 che
1241 3644 1373 3704 per
1419 3624 1660 3687 niente
1709 3646 1786 3687 se
1830 3629 2063 3688 havea
2096 3647 2137 3688 a
2179 3627 2521 3708 disputar,
2568 3648 2683 3689 ma
2716 3628 2870 3708 che,

327 3746 394 3787 se
415 3728 709 3793 Martino
741 3732 974 3795 havea
1021 3732 1112 3792 ad
1165 3730 1428 3810 venire,
1479 3733 1706 3794 solum
1755 3753 1832 3795 se
1880 3731 2330 3815 interogasse
2378 3754 2454 3795 se
2504 3733 2601 3795 lui
2638 3734 2871 3795 havea

329 3847 668 3917 composto
733 3837 948 3918 quelli
1010 3838 1193 3917 libri,
1263 3846 1334 3900 et
1384 3858 1550 3899 casu
1601 3860 1740 3920 quo
1791 3838 2287 3921 confiteretur,
2351 3844 2455 3903 sel
2504 3842 2713 3903 volea
2761 3860 2866 3903 su-

329 3950 572 4007 stenter
635 3956 708 4007 et
773 3943 1120 4008 defendet
1183 3946 1422 4026 quello
1485 3946 1616 4008 che
1665 3946 1710 4009 1'
1737 3948 1832 4009 ha
1878 3947 2124 4011 scritto
2174 3958 2423 4011 contra
2468 3950 2539 4010 la
2585 3947 2751 4010 fede
2801 3956 2872 4009 et

330 4066 472 4110 eum
515 4052 830 4115 ordinem
879 4060 952 4115 et
999 4053 1230 4134 ritum,
1280 4072 1490 4134 quem
1540 4056 2107 4118 observaverunt
2152 4056 2224 4117 in
2274 4055 2599 4119 omnibus
2628 4064 2872 4135 patres

331 4156 530 4218 nostri
571 4178 794 4240 usque
843 4161 933 4221 ad
985 4160 1354 4223 odiernum
1403 4160 1624 4234 diem;
1692 4163 1883 4242 quod
1933 4163 1992 4225 si
2038 4174 2448 4249 revocaret,
2498 4171 2665 4224 tunc
2714 4182 2869 4242 pro-

333 4275 586 4327 curaret
631 4264 856 4329 Cesar
915 4276 994 4329 ut
1043 4266 1504 4331 Santissimus
1551 4268 1899 4332 Dominus
1957 4279 2201 4333 noster
2247 4290 2403 4332 eum
2463 4271 2871 4332 absolveret

333 4378 396 4428 et
439 4371 801 4453 reciperet:
871 4373 978 4436 sin
1026 4386 1262 4437 autem
1313 4375 1669 4438 obstinate
1718 4386 2219 4457 perseveraret
2266 4376 2336 4439 in
2395 4396 2522 4439 sua
2568 4375 2867 4457 haeresi,

335 4487 674 4558 postquam
727 4480 1052 4543 rediisset
1101 4484 1232 4544 sub
1283 4484 1864 4564 salvoconductO,
1916 4486 2103 4547 unde
2138 4485 2275 4547 huc
2312 4484 2743 4563 advenisset,
2794 4506 2870 4546 se

337 4580 506 4645 fusse
561 4606 805 4667 preSO,
875 4587 1068 4651 fusse
1135 4590 1384 4670 punito
1451 4610 1651 4653 come
1710 4590 2065 4669 hereticO,
2140 4598 2209 4653 et
2272 4610 2487 4673 sopra
2553 4591 2663 4653 cio
2711 4591 2869 4653 fece

337 4690 578 4755 adunat
618 4695 666 4757 li
717 4696 1006 4758 conselii
1059 4695 1129 4757 di
1178 4715 1303 4759 sue
1353 4696 1626 4759 nationi
1677 4699 1861 4759 dove
1910 4696 1985 4759 fu
2032 4696 2177 4760 fino
2226 4699 2317 4760 ad
2365 4700 2540 4760 hore
2586 4707 2869 4779 quattro

340 4793 402 4854 di
445 4808 640 4883 notte,
691 4814 764 4865 et
805 4801 922 4865 noi
955 4804 1468 4885 expettassimo
1501 4823 1780 4886 sempre
1816 4824 1947 4885 per
1973 4803 2305 4867 intendet
2338 4805 2407 4867 la
2436 4805 2867 4885 conclusion,

340 4901 400 4961 la
443 4912 586 4985 qual
629 4930 774 4973 non
823 4910 899 4973 fu
946 4910 1128 4972 fatta
1175 4930 1306 4992 per
1355 4910 1400 4973 li
1451 4910 1596 4973 voti
1647 4910 2107 4995 discordanti,
2154 4910 2419 4993 perche
2470 4912 2538 4974 in
2590 4914 2657 4975 el
2708 4932 2867 4974 con-
