3575 5775
1623 581 2116 644 0-{3474z:>—0

585 735 999 804 Sanctitatis
1075 757 1282 802 aures
1356 735 1711 817 attingere
1778 735 2003 818 digna
2063 743 2410 797 censetur.
2521 727 2846 815 Accepto
2913 725 3156 812 itaque

586 848 843 910 nuncio
901 849 991 909 de
1040 845 1385 908 Anthonii
1448 842 2048 924 Lothoringorum
2097 840 2317 904 Ducis
2363 841 2506 903 ill¹¹³¹
2563 861 2720 903 cum
2789 839 3012 922 copiis
3079 839 3154 899 in

586 954 963 1018 seditiosos
1010 964 1080 1016 et
1126 951 1482 1015 hereticos
1533 962 1603 1012 et
1650 950 2096 1014 heresiarcas
2144 948 2599 1032 properantis
2647 957 2874 1026 motu,
2936 946 3154 1026 impu-

586 1061 841 1124 rissimi
889 1061 1174 1123 tandem
1222 1059 1323 1121 illi
1374 1058 1493 1140 qui
1541 1059 1805 1140 passim
1853 1077 2068 1140 agros
2119 1057 2437 1119 Alsatios
2471 1055 2696 1118 invasi
2731 1053 3152 1117 ecclesiasti·

586 1170 687 1232 cis
734 1168 941 1232 bonis
990 1167 1438 1249 diripiendiS,
1488 1177 1894 1230 sanctorum
1943 1164 2464 1229 comminuendi
2511 1161 2772 1245 effigiis
2819 1159 3154 1223 basilicis·

592 1297 729 1358 que
796 1277 885 1338 de
952 1275 1124 1356 ipsis
1188 1273 1397 1336 etiam
1450 1273 1980 1337 fundaminibus
2037 1271 2448 1335 evertendis
2495 1268 2867 1352 religionis
2915 1277 2987 1331 et
3017 1266 3158 1330 Dei

586 1393 1111 1464 contemptores
1124 1431 1141 1464 ,
1194 1381 1345 1444 dies
1394 1390 1784 1462 noctesque
1834 1383 2264 1442 tenebantur
2297 1399 2493 1441 arma
2522 1379 2593 1439 in
2626 1377 2801 1440 illud
2836 1387 3158 1438 sanctum

583 1490 750 1552 fidei
824 1493 1155 1571 clypeum
1222 1489 1663 1550 Anthonium
1727 1508 2012 1550 sumere
2072 1507 2206 1570 per
2264 1498 2676 1566 turmasque
2737 1485 2878 1547 alio
2944 1495 3161 1565 atque

583 1597 725 1660 alio
774 1597 981 1660 nobis
1032 1595 1367 1658 insidiari.
1464 1596 1540 1657 In
1596 1615 1772 1676 quos
1821 1595 1944 1656 ubi
1993 1597 2221 1658 classe
2273 1594 2619 1676 Princeps
2667 1601 3010 1675 pergeret
3056 1591 3157 1652 in·

586 1716 855 1768 structa
903 1703 1319 1782 Savernam,
1349 1702 1559 1764 fossis
1609 1701 2094 1783 menibusque,
2147 1702 2336 1764 omni
2387 1701 2600 1764 etiam
2648 1710 3158 1763 tormentorum

586 1812 1000 1874 bellicorum
1084 1831 1351 1893 genere
1423 1806 1888 1889 munitissimi,
1955 1809 2298 1891 oppidum
2369 1829 2508 1871 non
2557 1811 2806 1889 procul
2869 1809 2961 1870 ab
3025 1808 3158 1868 Ar—

586 1917 916 2002 gentiniS,
964 1918 1425 1982 suadentibus
1474 1916 1856 1998 oppidanis
1896 1916 1986 1978 ad
2020 1915 2380 1978 sexdecim
2412 1914 2636 1978 ferme
2671 1914 2888 1978 millia
2916 1913 3160 1977 confu—

588 2037 899 2089 ratorum
950 2026 1230 2088 illorum
1278 2025 1528 2088 armati
1577 2045 1735 2087 sese
1782 2024 2170 2106 recipiunt,
2234 2023 2641 2105 Principem
2704 2025 2822 2085 vel
2869 2022 2975 2101 vi,
3041 2024 3160 2084 vel

588 2134 791 2213 dolo,
842 2135 957 2194 vel
1007 2131 1461 2194 cunctatione
1519 2132 1924 2215 opprimere
1987 2132 2494 2213 necquicquam
2556 2132 2714 2193 rati.
2809 2131 2984 2192 Mox
3043 2149 3160 2190 au-

588 2251 731 2304 tem
779 2243 1077 2304 obsessa
1123 2239 1360 2301 idibus
1407 2239 1617 2302 Maiis
1666 2239 1964 2303 viriliter
2011 2243 2188 2302 urbe
2238 2239 2651 2322 paratisque
2712 2239 2782 2301 in
2855 2235 3160 2300 eversio-

592 2369 747 2410 nem
822 2347 1281 2427 necessariiS,
1367 2348 1457 2409 de
1528 2345 1894 2409 deditione
1966 2365 2359 2409 sermonem
2430 2344 2788 2427 fingentes
2859 2345 3158 2407 aliorum

591 2454 1122 2516 confutatorum
1171 2452 1290 2535 qui
1348 2455 1443 2516 ad
1508 2475 1637 2517 sex
1706 2465 1774 2514 et
1845 2453 2318 2534 quadraginta
2381 2452 2598 2515 millia
2653 2453 2844 2514 haud
2909 2452 3162 2533 procul

589 2563 923 2640 aberant,
973 2563 1154 2623 clam
1204 2560 1472 2622 auxilia
1519 2563 1914 2623 vocabant:
1965 2569 2060 2641 ut,
2110 2581 2324 2642 quum
2372 2559 2545 2623 nihil
2593 2562 2844 2623 horum
2890 2559 3163 2622 veritus

591 2669 927 2751 princeps
976 2677 1129 2730 tuta
1175 2667 1361 2730 inter
1408 2669 1944 2748 componendas
1993 2688 2120 2749 spe
2169 2668 2551 2732 deditionis
2600 2689 2716 2731 res
2785 2667 3160 2730 arbitrare-

588 2787 701 2839 tur
750 2776 1027 2858 omnia,
1094 2775 1393 2838 undevis
1457 2775 2002 2857 opprimeretur.
2107 2773 2455 2857 Sequenti
2522 2786 2760 2840 autem
2823 2775 2939 2839 die
2998 2795 3160 2837 cum

598 2885 907 2949 nondum
958 2884 1131 2948 satis
1178 2883 1526 2948 illuxisset
1572 2884 1749 2946 hora
1797 2883 1920 2946 vix
1968 2905 2010 2947 a
2058 2885 2291 2948 media
2338 2894 2548 2948 nocte
2597 2885 2942 2964 secunda,
2999 2904 3158 2967 pro-

587 2993 752 3056 ditis
800 2994 1245 3076 proditorum
1274 2994 1525 3055 horum
1560 2990 1837 3054 insidiis
1887 2991 2007 3073 qui
2048 2994 2297 3055 urbem
2345 2994 2742 3055 clanculum
2791 2993 2884 3055 ad
2942 2990 3164 3073 impia

594 3100 955 3164 molimina
1003 3102 1393 3181 cedebant,
1460 3099 1809 3162 instructa
1855 3107 1927 3163 et
1971 3099 2065 3161 ad
2113 3118 2428 3181 pugnam
2476 3111 2624 3163 tum
2673 3119 2958 3182 quoque
3003 3119 3160 3161 nos-

588 3217 699 3269 tra
743 3217 997 3289 parata
1043 3206 1234 3271 acies
1281 3228 1449 3270 mox
1496 3206 1800 3287 irruenS,
1841 3207 2184 3269 truncatis
2231 3227 2418 3288 pene
2467 3217 2744 3290 septem
2792 3216 2866 3271 et
2912 3209 3162 3270 decem

588 3314 897 3378 millibus
944 3318 1121 3377 urbe
1188 3314 1478 3398 potitur.
1586 3312 2291 3396 Appropinquabant
2354 3314 2628 3378 interea
2690 3317 2783 3379 ad
2848 3314 3162 3397 quinque

588 3422 804 3485 millia
863 3420 1459 3484 ferocissimorum
1554 3421 1914 3483 hominum
1963 3418 2436 3495 ‚Savernanis
2497 3422 2867 3506 suppetias
2929 3421 3161 3499 laturi,

589 3528 710 3610 qui
758 3537 829 3591 et
876 3549 1017 3591 non
1066 3530 1316 3610 procul
1366 3528 1530 3591 hinc
1580 3528 1651 3591 in
1700 3526 1870 3590 villa
1920 3530 2227 3609 quadam
2275 3530 2586 3611 obsessi,
2656 3551 2812 3593 cum
2861 3550 2991 3592 nec
3044 3530 3162 3591 de-

593 3638 764 3699 dere
814 3656 971 3699 sese
1020 3656 1151 3699 nec
1200 3636 1607 3717 supplicare
1656 3638 2007 3717 placeret,
2058 3645 2204 3698 tum
2253 3637 2552 3719 gladiis,
2623 3647 2771 3701 tum
2832 3637 3002 3719 igne
3067 3636 3164 3699 ad

593 3764 807 3807 unum
857 3742 1253 3823 consumpti
1301 3743 1687 3823 perierunt.
1783 3743 2011 3805 Porro
2059 3752 2480 3826 maturante,
2529 3748 2744 3808 rebus
2786 3745 2886 3808 ita
2916 3744 3162 3827 gestis,

591 3871 993 3933 regressum
1044 3850 1409 3912 Anthonio
1460 3850 1550 3912 ad
1600 3850 1785 3913 XIII
1819 3851 1960 3913 kal.
1993 3848 2242 3929 Junias
2291 3872 2460 3915 ecce
2508 3852 2763 3934 viginti
2809 3872 2994 3934 pene
3040 3852 3162 3914 ho-

590 3958 851 4023 minum
918 3958 1224 4021 millibus
1302 3958 1391 4019 ad
1474 3971 1834 4021 certamen
1899 3958 2168 4041 paratis
2223 3956 2304 4020 fit
2359 3958 2632 4021 obviuS.
2745 3958 3165 4039 Accingitur

594 4076 892 4149 utraque
942 4065 1132 4128 acies
1182 4066 1272 4127 ad
1312 4064 1579 4127 bellum
1613 4064 1774 4127 hinc
1808 4064 1972 4127 inde
2008 4075 2076 4127 et
2110 4076 2464 4129 tormenta
2495 4066 2754 4129 bellica
2799 4064 2929 4152 (illi
2977 4066 3162 4129 enirn

594 4193 736 4236 non
783 4174 1120 4253 vulgares
1169 4185 1238 4234 et
1287 4170 1548 4234 abiecti
1588 4172 1715 4235 sed
1763 4173 1955 4233 bello
2005 4172 2516 4253 assuetissimi);
2568 4172 2646 4235 fit
2695 4182 2973 4255 strages
3019 4194 3164 4236 non

600 4278 993 4343 mediocriS.
1088 4278 1179 4341 Et
1226 4277 1555 4361 profecto
1604 4298 1872 4359 anceps
1922 4278 2041 4340 diu
2073 4279 2390 4360 victoria,
2443 4281 2622 4341 duce
2668 4280 2957 4343 tandem
3003 4280 3164 4343 Deo

602 4386 867 4467 optimo
917 4386 1225 4449 maximo
1262 4387 1459 4449 cuius
1490 4408 1604 4449 res
1636 4389 2009 4467 agebatur,
2059 4386 2516 4469 Lotharingis
2547 4386 2744 4468 favit,
2795 4387 3165 4468 caesisque

600 4495 690 4555 ad
741 4514 996 4556 novem
1047 4514 1232 4576 pene
1280 4494 1558 4557 illorum
1608 4492 2374 4575 impudentissimorum
2423 4494 2750 4571 millibus,
2789 4496 3044 4577 reliqui
3091 4495 3162 4557 in

595 4602 901 4683 abrupta
946 4600 1287 4665 montium
1336 4599 2018 4681 angustissimosque
2065 4603 2293 4681 lucOS,
2359 4602 2497 4665 loci
2543 4622 2626 4665 ac
2675 4601 2904 4666 noctis
2950 4607 3163 4666 bene—

599 4705 761 4769 ficio
812 4728 969 4771 sese
1026 4718 1472 4788 receperunt.
1582 4706 1868 4787 Quanta
1926 4717 2162 4771 autem
2219 4709 2301 4771 B.
2365 4709 2444 4773 P.
2503 4708 2640 4773 Dei
2709 4709 3166 4792 providentia

594 4812 665 4875 id
711 4812 979 4896 negotii
1013 4814 1463 4895 processerit,
1512 4812 1725 4875 fuerit
1756 4812 2165 4877 coniectura
2195 4815 2448 4897 facilis,
2479 4816 2589 4881 his
2621 4816 2742 4899 qui
2768 4827 2916 4881 tres
2947 4816 3164 4880 victo-

594 4921 735 4985 rias
786 4921 1097 5007 quinque
1147 4920 1497 4983 continuis
1546 4918 1798 4981 diebus
1844 4920 2154 5004 principi
2206 4924 2330 4985 vix
2378 4926 2624 4988 decem
2687 4937 3166 5009 pugnatorum
