3575 5775
1759 545 1877 598 ΗΒ
1955 543 2062 597 260
2139 542 2256 596 G>-0

1946 940 2092 1006 102.

1286 1067 1787 1147 Aloander
1842 1066 2727 1148 Vioecanoellario.

1582 1205 1870 1276 (Nuntiat.
1909 1204 2161 1263 German.
2199 1203 2261 1262 1..
2297 1203 2434 1274 1³4.)

1758 1315 1864 1378 (27.
1907 1315 2058 1381 Junii
2103 1315 2276 1382 1521.)

904 1451 1173 1514 Mando
1222 1471 1264 1512 a
1313 1449 1400 1512 V.
1453 1447 1524 1513 S.
1576 1448 1769 1511 Rma
1818 1447 1860 1510 1’
1914 1449 2146 1510 edicto
2217 1449 2288 1511 di
2347 1447 2610 1511 Caesar
2677 1462 2748 1511 et
2809 1451 2925 1512 del
2987 1449 3286 1533 Imperio

726 1569 975 1623 contra
1024 1557 1335 1620 Martino
1384 1556 1685 1636 Luther,
1749 1555 1913 1618 libri
1981 1566 2051 1618 et
2115 1555 2402 1637 sequaci
2452 1556 2626 1636 suoi,
2679 1552 2748 1618 et
2795 1577 2924 1640 per
2972 1557 3290 1638 prohibir

729 1666 960 1750 questi
1010 1663 1176 1728 mali
1222 1663 1271 1726 li
1303 1663 1495 1745 quali
1525 1665 1936 1744 procedeno
1981 1663 2050 1725 in
2103 1683 2282 1744 gran
2316 1673 2522 1745 parte
2555 1684 2685 1744 per
2734 1665 2800 1726 le
2847 1663 3292 1746 impressioni

725 1793 945 1841 ancor
992 1773 1029 1835 e
1087 1773 1339 1835 dentro
1388 1770 1431 1832 1’
1467 1769 1690 1832 editto
1742 1779 1991 1832 contra
2054 1770 2100 1832 li
2149 1770 2589 1852 impressori;
2653 1770 2722 1832 io
2770 1771 3007 1833 harrei
3061 1773 3288 1834 volen-

728 1881 885 1943 tieri
933 1879 1124 1942 facto
1176 1879 1372 1940 detto
1424 1877 1646 1940 editto
1698 1879 1788 1939 de
1835 1877 2246 1958 impressori
2296 1886 2652 1958 separato,
2704 1898 2817 1939 ma
2854 1877 3108 1939 invero
3159 1897 3289 1939 non

723 1990 1135 2052 haressemo
1161 1986 1341 2048 fatto
1387 1985 1471 2047 ne
1504 1994 1828 2047 ottenuto
1866 1987 1937 2047 lo
1972 1983 2266 2064 intentO,
2305 1985 2570 2066 perche
2593 1985 2894 2048 essendo
2923 1993 3114 2046 stata
3140 2005 3292 2046 con·

727 2097 923 2158 clusa
967 2097 1037 2157 la
1086 2114 1254 2156 cosa
1304 2092 1391 2154 de
1440 2091 1751 2154 Martino
1800 2093 1917 2154 nel
1965 2090 2104 2153 fine
2154 2093 2245 2154 de
2294 2093 2363 2154 la
2411 2091 2645 2168 Dieta,
2695 2113 2773 2154 se
2823 2091 2943 2174 poi
2991 2093 3294 2154 havesse

726 2209 1068 2284 proposta
1094 2203 1162 2263 la
1197 2220 1364 2262 cosa
1406 2199 1476 2261 di
1502 2199 1913 2282 impressori
1952 2198 2023 2260 in
2050 2208 2157 2260 tre
2194 2197 2366 2260 mesi
2395 2219 2532 2260 non
2583 2198 2641 2261 si
2667 2201 2935 2276 hai-ebe
2972 2202 3194 2261 hauto
3233 2199 3293 2260 el

726 2309 901 2390 fine,
962 2309 1137 2390 pero
1195 2307 1263 2368 io
1325 2309 1419 2369 ho
1480 2306 1828 2389 aggiunto
1889 2307 2094 2376 ⁴detto
2161 2308 2452 2368 decreto
2511 2307 2580 2368 al
2639 2305 2780 2368 fine
2845 2307 2913 2368 di
2962 2308 3036 2368 la
3084 2327 3297 2368 causa

726 2418 1099 2480 lutherana
1140 2424 1210 2476 et
1262 2411 1445 2476 cossi
1490 2413 1820 2476 ambedoi
1860 2413 2152 2475 insieme
2196 2413 2405 2475 furno
2459 2411 2652 2474 udite
2693 2413 2762 2474 in
2807 2411 3176 2494 presentia
3209 2413 3296 2474 de

725 2524 767 2587 1’
804 2521 1102 2604 imperio
1150 2529 1222 2583 et
1252 2522 1603 2584 concluse.
1690 2520 1989 2582 Haveva
2023 2520 2232 2583 etiam
2280 2519 2473 2582 facto
2507 2518 2551 2581 1'
2580 2521 2803 2582 editto
2839 2521 2929 2581 de
2965 2520 3146 2582 detti
3181 2521 3296 2582 im-

726 2629 1039 2712 pressori
1088 2627 1382 2690 fondato
1432 2648 1646 2709 sopra
1675 2629 1746 2689 la
1780 2628 1989 2690 Bulla
2021 2627 2135 2690 del
2171 2627 2488 2690 Concilio
2525 2627 2882 2689 Laterano
2922 2628 2990 2689 in
3029 2630 3129 2690 tal
3163 2648 3295 2690 ma-

728 2737 933 2817 teria,
1006 2757 1120 2798 ma
1180 2735 1229 2797 il
1302 2736 1617 2798 conselio
1695 2736 1765 2796 di
1840 2733 2060 2797 Cesar
2129 2736 2375 2796 reseco
2449 2736 2830 2816 dovunque
2901 2735 2968 2796 io
3041 2735 3302 2798 faceva

725 2843 1041 2909 mention
1092 2841 1164 2905 di
1230 2863 1390 2907 essa
1440 2842 1648 2906 Bulla
1716 2852 1786 2906 et
1856 2842 2112 2905 dicono
2179 2843 2310 2904 che
2370 2840 2578 2905 melio
2643 2863 2719 2905 se
2777 2841 3078 2905 obedira
3145 2844 3300 2905 solo

726 2956 765 3016 l'
802 2952 1130 3035 Imperio,
1182 2951 1487 3015 maxime
1537 2950 1606 3012 in
1659 2950 1891 3032 questi
1925 2948 2276 3031 principii,
2328 2958 2525 3011 tanto
2562 2951 2692 3011 che
2728 2950 2904 3010 dura
2939 2950 2986 3011 il
3019 2950 3300 3031 sdegno

644 3060 648 3063 “
727 3060 797 3122 di
846 3069 1180 3141 questoro
1240 3067 1489 3121 contro
1539 3060 1609 3120 la
1658 3056 1850 3119 Sede
1903 3056 2359 3137 Apostolica;
2410 3058 3076 3137 quomodocumque
3123 3056 3302 3118 nihil

724 3166 945 3231 refert
1002 3166 1267 3248 perche
1314 3166 1383 3228 io
1434 3165 1603 3245 ogni
1652 3165 1863 3227 modo
1913 3165 2005 3224 ho
2056 3162 2236 3225 fatto
2285 3162 2645 3244 imprimer
2706 3164 2903 3226 detta
2959 3164 3158 3225 bulla
3205 3165 3302 3225 la-

725 3286 1052 3338 teranese
1102 3284 1173 3336 et
1222 3272 1552 3353 divulgar
1601 3275 1715 3353 qul
1764 3270 1839 3333 in
1890 3268 2276 3335 Germania
2325 3279 2397 3331 et
2443 3268 2776 3332 Fiandra.

904 3380 1117 3443 Homi
1167 3379 1475 3442 sforzato
1527 3380 1645 3461 piu
1697 3380 1830 3440 che
1881 3378 1915 3440 ὲ
1967 3387 2156 3439 stato
2203 3375 2548 3457 possibile
2597 3376 2947 3439 mantenir
2993 3377 3036 3440 1'
3068 3378 3306 3440 honor

728 3497 798 3551 et
846 3486 1203 3550 authorita
1252 3486 1325 3548 di
1372 3486 1457 3549 N.
1508 3484 1582 3548 S.
1634 3494 1705 3547 et
1755 3485 1826 3545 di
1877 3486 1946 3546 la
1980 3482 2172 3546 Sede
2207 3483 2604 3564 apostolica
2651 3484 2721 3546 in
2770 3493 3021 3564 questo
3071 3485 3305 3546 editto

727 3594 1033 3657 maxime
1105 3593 1435 3657 acciochc
1508 3592 1578 3654 in
1649 3591 1889 3654 futuro
1962 3612 2100 3652 non
2175 3611 2251 3652 se
2324 3590 2576 3653 tirasse
2637 3590 2704 3653 in
2786 3592 3308 3672 consequentia

727 3703 857 3765 che
923 3698 1140 3782 dopoi
1202 3703 1272 3762 la
1340 3699 1693 3762 sententia
1755 3700 1826 3760 di
1876 3696 2023 3759 Sua
2073 3696 2355 3761 Santita
2414 3694 2608 3759 fusse
2674 3707 2857 3759 stato
2906 3698 3104 3761 udito
3156 3719 3306 3761 uno

726 3808 1045 3872 heretico
1108 3811 1199 3870 ab
1276 3806 1574 3888 imperio
1641 3818 1712 3868 et
1769 3805 2211 3886 principibus
2277 3805 2511 3878 laicis;
2580 3806 2754 3886 pero
2819 3807 3308 3868 occurendum

729 3926 882 3979 erat
933 3918 1180 3977 morbo
1246 3913 1603 3994 venienti,
1666 3913 1714 3975 il
1784 3914 1915 3975 che
1963 3912 2052 3974 V.
2118 3910 2189 3973 S.
2257 3912 2448 3973 Rma
2505 3910 2766 3974 vedera
2832 3932 3026 3974 esser
3090 3912 3306 3976 fatto.

727 4024 857 4086 Piu
910 4042 1175 4085 ancora
1224 4020 1412 4083 eraci
1448 4041 1699 4099 mess0,
1751 4041 1866 4082 ma
1897 4020 1941 4081 il
1980 4018 2296 4081 conselio
2331 4022 2422 4080 ha
2455 4028 2777 4081 resecato
2809 4039 2942 4100 pur
2991 4022 3310 4099 qualche

728 4139 1037 4209 cosetta,
1103 4147 1245 4190 non
1313 4130 1489 4209 pero
1542 4127 1606 4187 d'
1648 4127 2090 4208 importanza
2153 4147 2267 4188 ma
2317 4126 2404 4189 de
2455 4126 2616 4188 stilo
2669 4136 2738 4187 et
2787 4126 2879 4188 mi
2927 4127 3308 4189 maravilio

727 4238 858 4299 che
907 4256 1128 4298 ancor
1176 4234 1239 4297 ci
1288 4232 1481 4297 habii
1529 4235 1795 4297 lassato
1846 4244 2067 4313 tant0‚
2117 4233 2166 4295 il
2217 4235 2349 4295 che
2398 4232 2469 4294 in
2516 4254 2688 4294 vero
2741 4254 2882 4297 non
2931 4234 2968 4295 ὲ
3017 4254 3206 4315 poco
3263 4256 3310 4295 a

728 4342 841 4404 chi
889 4345 1030 4404 ben
1080 4341 1489 4421 considera,
1557 4341 1823 4423 perche
1882 4342 2128 4403 soleno
2195 4340 2242 4401 li
2299 4340 2461 4402 laici
2529 4360 2808 4421 sempre
2860 4352 3124 4421 quanto
3173 4339 3306 4423 pisi

726 4459 992 4531 poteno
1056 4451 1367 4530 derogar
1429 4452 1496 4511 al
1565 4450 1756 4511 clero
1810 4457 1881 4511 et
1929 4447 2318 4509 attribuirsi
2366 4468 2408 4508 a
2457 4467 2554 4529 se,
2604 4446 2651 4509 il
2703 4449 2833 4509 che
2883 4449 3108 4528 perho
3157 4448 3310 4509 mai

726 4556 818 4619 ho
869 4555 1053 4618 visto
1100 4556 1171 4617 in
1222 4566 1473 4637 questo
1525 4556 1771 4619 ottirno
1824 4554 2084 4619 Cesare
2132 4554 2554 4636 praesertim
2621 4556 2906 4635 quando
2976 4556 3041 4616 el
3104 4554 3178 4616 fa
3233 4557 3310 4617 le

727 4684 895 4726 cose
943 4662 1033 4725 de
1096 4684 1222 4725 suo
1295 4684 1477 4745 capo
1548 4665 1736 4738 solo;
1809 4663 2085 4726 benche
2158 4663 2386 4724 anche
2453 4663 2570 4724 nel
2620 4660 2948 4724 Conselio
3021 4663 3112 4723 ha
3180 4662 3308 4724 de'

728 4768 946 4832 buoni
994 4790 1126 4850 per
1174 4771 1289 4832 noi
1339 4781 1569 4851 certo,
1617 4792 1732 4833 ma
1778 4791 1918 4833 non
1969 4768 2200 4848 molti,
2267 4777 2338 4830 et
2398 4767 2446 4830 li
2507 4768 2675 4830 boni
2744 4770 2834 4829 da
2883 4788 2991 4848 se,
3054 4770 3310 4831 hanno

726 4878 848 4959 poi
894 4876 1193 4959 rispetto
1244 4876 1331 4938 ad
1385 4877 1547 4940 altri
1592 4899 1737 4941 non
1787 4877 2025 4939 buoni.
