<?xml version="1.0" encoding="UTF-8"?>
<!DOCTYPE html PUBLIC "-//W3C//DTD XHTML 1.0 Transitional//EN"
    "http://www.w3.org/TR/xhtml1/DTD/xhtml1-transitional.dtd">
<html xmlns="http://www.w3.org/1999/xhtml" xml:lang="en" lang="en">
 <head>
  <title>
</title>
<meta http-equiv="Content-Type" content="text/html;charset=utf-8" />
  <meta name='ocr-system' content='tesseract 3.04.00' />
  <meta name='ocr-capabilities' content='ocr_page ocr_carea ocr_par ocr_line ocrx_word'/>
</head>
<body>
  <div class='ocr_page' id='page_1' title='image "./monumentareform02vatigoog_0651.png"; bbox 0 0 3575 5775; ppageno 0'>
   <div class='ocr_carea' id='block_1_1' title="bbox 1372 598 1866 657">
    <p class='ocr_par' dir='ltr' id='par_1_1' title="bbox 1372 598 1866 657">
     <span class='ocr_line' id='line_1_1' title="bbox 1372 598 1866 657; baseline -0.008 1"><span class='ocrx_word' id='word_1_1' title='bbox 1372 598 1866 657; x_wconf 44' lang='lat' dir='ltr'>«ahmam</span> 
     </span>
    </p>
   </div>
   <div class='ocr_carea' id='block_1_2' title="bbox 322 745 2964 4572">
    <p class='ocr_par' dir='ltr' id='par_1_2' title="bbox 322 745 2964 4572">
     <span class='ocr_line' id='line_1_2' title="bbox 345 745 2898 830; baseline -0.002 -17"><span class='ocrx_word' id='word_1_2' title='bbox 345 750 459 813; x_wconf 89' lang='lat' dir='ltr'>ille</span> <span class='ocrx_word' id='word_1_3' title='bbox 506 747 733 813; x_wconf 83' lang='lat' dir='ltr'>videri</span> <span class='ocrx_word' id='word_1_4' title='bbox 779 746 1004 830; x_wconf 84' lang='lat' dir='ltr'>possit</span> <span class='ocrx_word' id='word_1_5' title='bbox 1054 750 1145 811; x_wconf 90' lang='lat' dir='ltr'>ab</span> <span class='ocrx_word' id='word_1_6' title='bbox 1177 750 1325 811; x_wconf 59' lang='lat' dir='ltr'>‘hac</span> <span class='ocrx_word' id='word_1_7' title='bbox 1374 748 1686 811; x_wconf 83' lang='lat' dir='ltr'><strong>factione</strong></span> <span class='ocrx_word' id='word_1_8' title='bbox 1742 748 1964 811; x_wconf 86' lang='lat' dir='ltr'>fuisse</span> <span class='ocrx_word' id='word_1_9' title='bbox 2032 748 2148 809; x_wconf 88' lang='lat' dir='ltr'>vel</span> <span class='ocrx_word' id='word_1_10' title='bbox 2213 767 2373 810; x_wconf 88' lang='lat' dir='ltr'>esse</span> <span class='ocrx_word' id='word_1_11' title='bbox 2433 764 2726 828; x_wconf 87' lang='lat' dir='ltr'>prorsus</span> <span class='ocrx_word' id='word_1_12' title='bbox 2778 745 2898 809; x_wconf 86' lang='lat' dir='ltr'>im·</span> 
     </span>
     <span class='ocr_line' id='line_1_3' title="bbox 348 854 2902 938; baseline -0.001 -18"><span class='ocrx_word' id='word_1_13' title='bbox 348 856 592 921; x_wconf 79' lang='lat' dir='ltr'>muniS.</span> <span class='ocrx_word' id='word_1_14' title='bbox 688 856 915 937; x_wconf 80' lang='lat' dir='ltr'>Quam</span> <span class='ocrx_word' id='word_1_15' title='bbox 965 860 1058 919; x_wconf 92' lang='lat' dir='ltr'>ob</span> <span class='ocrx_word' id='word_1_16' title='bbox 1106 876 1253 919; x_wconf 87' lang='lat' dir='ltr'>rem</span> <span class='ocrx_word' id='word_1_17' title='bbox 1290 858 1529 919; x_wconf 88' lang='lat' dir='ltr'>multis</span> <span class='ocrx_word' id='word_1_18' title='bbox 1558 866 1863 938; x_wconf 89' lang='lat' dir='ltr'>apparet</span> <span class='ocrx_word' id='word_1_19' title='bbox 1911 876 2051 918; x_wconf 89' lang='lat' dir='ltr'>non</span> <span class='ocrx_word' id='word_1_20' title='bbox 2089 876 2243 917; x_wconf 89' lang='lat' dir='ltr'>esse</span> <span class='ocrx_word' id='word_1_21' title='bbox 2275 854 2479 917; x_wconf 84' lang='lat' dir='ltr'>nimis</span> <span class='ocrx_word' id='word_1_22' title='bbox 2509 858 2902 918; x_wconf 86' lang='lat' dir='ltr'>consultum</span> 
     </span>
     <span class='ocr_line' id='line_1_4' title="bbox 346 960 2896 1043; baseline 0 -18"><span class='ocrx_word' id='word_1_23' title='bbox 346 962 519 1025; x_wconf 73' lang='lat' dir='ltr'>Sm¹¹¹¹²</span> <span class='ocrx_word' id='word_1_24' title='bbox 566 964 653 1028; x_wconf 92' lang='lat' dir='ltr'>D.</span> <span class='ocrx_word' id='word_1_25' title='bbox 704 964 787 1027; x_wconf 89' lang='lat' dir='ltr'>N.</span> <span class='ocrx_word' id='word_1_26' title='bbox 838 966 953 1026; x_wconf 90' lang='lat' dir='ltr'>vel</span> <span class='ocrx_word' id='word_1_27' title='bbox 1000 962 1338 1027; x_wconf 88' lang='lat' dir='ltr'>brevibus</span> <span class='ocrx_word' id='word_1_28' title='bbox 1386 965 1477 1025; x_wconf 89' lang='lat' dir='ltr'>ad</span> <span class='ocrx_word' id='word_1_29' title='bbox 1526 963 1881 1025; x_wconf 87' lang='lat' dir='ltr'>hominem</span> <span class='ocrx_word' id='word_1_30' title='bbox 1932 961 2234 1043; x_wconf 85' lang='lat' dir='ltr'>scriptis,</span> <span class='ocrx_word' id='word_1_31' title='bbox 2283 964 2398 1023; x_wconf 87' lang='lat' dir='ltr'>vel</span> <span class='ocrx_word' id='word_1_32' title='bbox 2429 960 2640 1024; x_wconf 89' lang='lat' dir='ltr'>factis</span> <span class='ocrx_word' id='word_1_33' title='bbox 2671 972 2896 1025; x_wconf 88' lang='lat' dir='ltr'>osten·</span> 
     </span>
     <span class='ocr_line' id='line_1_5' title="bbox 344 1067 2902 1151; baseline 0 -19"><span class='ocrx_word' id='word_1_34' title='bbox 344 1072 511 1133; x_wconf 88' lang='lat' dir='ltr'>dere</span> <span class='ocrx_word' id='word_1_35' title='bbox 562 1090 641 1133; x_wconf 92' lang='lat' dir='ltr'>se</span> <span class='ocrx_word' id='word_1_36' title='bbox 688 1071 1067 1134; x_wconf 83' lang='lat' dir='ltr'>admodum</span> <span class='ocrx_word' id='word_1_37' title='bbox 1116 1072 1233 1132; x_wconf 89' lang='lat' dir='ltr'>vel</span> <span class='ocrx_word' id='word_1_38' title='bbox 1280 1068 1739 1151; x_wconf 89' lang='lat' dir='ltr'>magnificare</span> <span class='ocrx_word' id='word_1_39' title='bbox 1788 1072 1906 1131; x_wconf 87' lang='lat' dir='ltr'>vel</span> <span class='ocrx_word' id='word_1_40' title='bbox 1953 1068 2168 1132; x_wconf 88' lang='lat' dir='ltr'>etiam</span> <span class='ocrx_word' id='word_1_41' title='bbox 2215 1068 2462 1131; x_wconf 86' lang='lat' dir='ltr'>timere</span> <span class='ocrx_word' id='word_1_42' title='bbox 2511 1067 2731 1149; x_wconf 84' lang='lat' dir='ltr'>illum,</span> <span class='ocrx_word' id='word_1_43' title='bbox 2779 1079 2902 1132; x_wconf 86' lang='lat' dir='ltr'>aut</span> 
     </span>
     <span class='ocr_line' id='line_1_6' title="bbox 340 1175 2902 1260; baseline 0 -21"><span class='ocrx_word' id='word_1_44' title='bbox 340 1188 635 1260; x_wconf 85' lang='lat' dir='ltr'>propter</span> <span class='ocrx_word' id='word_1_45' title='bbox 702 1197 859 1240; x_wconf 90' lang='lat' dir='ltr'>eum</span> <span class='ocrx_word' id='word_1_46' title='bbox 931 1178 1299 1259; x_wconf 84' lang='lat' dir='ltr'><strong>imponere</strong></span> <span class='ocrx_word' id='word_1_47' title='bbox 1360 1176 1716 1239; x_wconf 89' lang='lat' dir='ltr'>silentium</span> <span class='ocrx_word' id='word_1_48' title='bbox 1778 1175 1988 1239; x_wconf 88' lang='lat' dir='ltr'>bonis</span> <span class='ocrx_word' id='word_1_49' title='bbox 2059 1185 2131 1237; x_wconf 91' lang='lat' dir='ltr'>et</span> <span class='ocrx_word' id='word_1_50' title='bbox 2189 1175 2442 1237; x_wconf 85' lang='lat' dir='ltr'>zelosis</span> <span class='ocrx_word' id='word_1_51' title='bbox 2500 1175 2902 1239; x_wconf 89' lang='lat' dir='ltr'>hominibus</span> 
     </span>
     <span class='ocr_line' id='line_1_7' title="bbox 342 1282 2897 1367; baseline -0.001 -20"><span class='ocrx_word' id='word_1_52' title='bbox 342 1284 611 1367; x_wconf 76' lang='lat' dir='ltr'>scripta</span> <span class='ocrx_word' id='word_1_53' title='bbox 658 1284 809 1347; x_wconf 90' lang='lat' dir='ltr'>eius</span> <span class='ocrx_word' id='word_1_54' title='bbox 856 1284 1107 1347; x_wconf 88' lang='lat' dir='ltr'>merito</span> <span class='ocrx_word' id='word_1_55' title='bbox 1156 1293 1227 1345; x_wconf 93' lang='lat' dir='ltr'>et</span> <span class='ocrx_word' id='word_1_56' title='bbox 1275 1284 1679 1347; x_wconf 81' lang='lat' dir='ltr'>necessario</span> <span class='ocrx_word' id='word_1_57' title='bbox 1744 1282 2150 1347; x_wconf 88' lang='lat' dir='ltr'>hominibus</span> <span class='ocrx_word' id='word_1_58' title='bbox 2205 1290 2538 1364; x_wconf 86' lang='lat' dir='ltr'>suspecta</span> <span class='ocrx_word' id='word_1_59' title='bbox 2602 1284 2897 1345; x_wconf 87' lang='lat' dir='ltr'>red-den-</span> 
     </span>
     <span class='ocr_line' id='line_1_8' title="bbox 338 1389 2902 1472; baseline 0 -19"><span class='ocrx_word' id='word_1_60' title='bbox 338 1392 525 1455; x_wconf 85' lang='lat' dir='ltr'>tibus</span> <span class='ocrx_word' id='word_1_61' title='bbox 561 1400 633 1453; x_wconf 91' lang='lat' dir='ltr'>et</span> <span class='ocrx_word' id='word_1_62' title='bbox 662 1392 731 1452; x_wconf 87' lang='lat' dir='ltr'>in</span> <span class='ocrx_word' id='word_1_63' title='bbox 764 1390 1020 1472; x_wconf 90' lang='lat' dir='ltr'>quibus</span> <span class='ocrx_word' id='word_1_64' title='bbox 1045 1410 1212 1452; x_wconf 88' lang='lat' dir='ltr'>vere</span> <span class='ocrx_word' id='word_1_65' title='bbox 1244 1389 1838 1471; x_wconf 82' lang='lat' dir='ltr'>reprehensibilia</span> <span class='ocrx_word' id='word_1_66' title='bbox 1873 1400 2030 1452; x_wconf 87' lang='lat' dir='ltr'>sunt</span> <span class='ocrx_word' id='word_1_67' title='bbox 2066 1410 2152 1451; x_wconf 89' lang='lat' dir='ltr'>ea</span> <span class='ocrx_word' id='word_1_68' title='bbox 2179 1390 2902 1469; x_wconf 85' lang='lat' dir='ltr'>reprehendentibus;</span> 
     </span>
     <span class='ocr_line' id='line_1_9' title="bbox 322 1486 2901 1579; baseline 0 -18"><span class='ocrx_word' id='word_1_69' title='bbox 322 1496 429 1561; x_wconf 72' lang='lat' dir='ltr'>&#39;ne</span> <span class='ocrx_word' id='word_1_70' title='bbox 495 1497 835 1561; x_wconf 86' lang='lat' dir='ltr'>videlicet</span> <span class='ocrx_word' id='word_1_71' title='bbox 890 1497 1009 1559; x_wconf 91' lang='lat' dir='ltr'>alii</span> <span class='ocrx_word' id='word_1_72' title='bbox 1072 1498 1422 1577; x_wconf 86' lang='lat' dir='ltr'>Theologi</span> <span class='ocrx_word' id='word_1_73' title='bbox 1504 1507 1574 1559; x_wconf 86' lang='lat' dir='ltr'>et</span> <span class='ocrx_word' id='word_1_74' title='bbox 1636 1496 2168 1578; x_wconf 85' lang='lat' dir='ltr'>praedicatores</span> <span class='ocrx_word' id='word_1_75' title='bbox 2227 1514 2368 1559; x_wconf 89' lang='lat' dir='ltr'>non</span> <span class='ocrx_word' id='word_1_76' title='bbox 2417 1486 2648 1579; x_wconf 71' lang='lat' dir='ltr'>⁵usque</span> <span class='ocrx_word' id='word_1_77' title='bbox 2717 1500 2901 1561; x_wconf 84' lang='lat' dir='ltr'>adeo</span> 
     </span>
     <span class='ocr_line' id='line_1_10' title="bbox 338 1603 2902 1686; baseline 0.001 -20"><span class='ocrx_word' id='word_1_78' title='bbox 338 1604 619 1685; x_wconf 86' lang='lat' dir='ltr'>fervidi,</span> <span class='ocrx_word' id='word_1_79' title='bbox 670 1606 803 1667; x_wconf 92' lang='lat' dir='ltr'>hoc</span> <span class='ocrx_word' id='word_1_80' title='bbox 864 1614 1240 1667; x_wconf 85' lang='lat' dir='ltr'>cernentes</span> <span class='ocrx_word' id='word_1_81' title='bbox 1288 1604 1676 1686; x_wconf 89' lang='lat' dir='ltr'>tepidiores</span> <span class='ocrx_word' id='word_1_82' title='bbox 1722 1604 2116 1667; x_wconf 86' lang='lat' dir='ltr'>reddantur</span> <span class='ocrx_word' id='word_1_83' title='bbox 2161 1604 2252 1665; x_wconf 90' lang='lat' dir='ltr'>ad</span> <span class='ocrx_word' id='word_1_84' title='bbox 2301 1603 2775 1667; x_wconf 83' lang='lat' dir='ltr'>obiiciendum</span> <span class='ocrx_word' id='word_1_85' title='bbox 2823 1626 2902 1669; x_wconf 90' lang='lat' dir='ltr'>se</span> 
     </span>
     <span class='ocr_line' id='line_1_11' title="bbox 336 1710 2964 1793; baseline 0.001 -20"><span class='ocrx_word' id='word_1_86' title='bbox 336 1711 561 1775; x_wconf 90' lang='lat' dir='ltr'>rabiei</span> <span class='ocrx_word' id='word_1_87' title='bbox 612 1712 1177 1775; x_wconf 89' lang='lat' dir='ltr'>Lutheranorum</span> <span class='ocrx_word' id='word_1_88' title='bbox 1228 1728 1298 1774; x_wconf 91' lang='lat' dir='ltr'>et</span> <span class='ocrx_word' id='word_1_89' title='bbox 1347 1712 1535 1773; x_wconf 89' lang='lat' dir='ltr'>mille</span> <span class='ocrx_word' id='word_1_90' title='bbox 1584 1710 1940 1792; x_wconf 76' lang='lat' dir='ltr'>periculis„</span> <span class='ocrx_word' id='word_1_91' title='bbox 2033 1710 2118 1773; x_wconf 88' lang='lat' dir='ltr'>Id</span> <span class='ocrx_word' id='word_1_92' title='bbox 2166 1710 2354 1792; x_wconf 90' lang='lat' dir='ltr'>quod</span> <span class='ocrx_word' id='word_1_93' title='bbox 2396 1711 2532 1772; x_wconf 91' lang='lat' dir='ltr'>hoc</span> <span class='ocrx_word' id='word_1_94' title='bbox 2579 1722 2901 1793; x_wconf 85' lang='lat' dir='ltr'>tempore</span> <span class='ocrx_word' id='word_1_95' title='bbox 2957 1738 2964 1743; x_wconf 94' lang='lat'>·</span> 
     </span>
     <span class='ocr_line' id='line_1_12' title="bbox 335 1817 2904 1899; baseline 0.001 -18"><span class='ocrx_word' id='word_1_96' title='bbox 335 1818 643 1881; x_wconf 82' lang='lat' dir='ltr'>maxime</span> <span class='ocrx_word' id='word_1_97' title='bbox 688 1820 1081 1881; x_wconf 86' lang='lat' dir='ltr'>cavendum</span> <span class='ocrx_word' id='word_1_98' title='bbox 1132 1828 1259 1896; x_wconf 86' lang='lat' dir='ltr'>est,</span> <span class='ocrx_word' id='word_1_99' title='bbox 1308 1838 1467 1881; x_wconf 88' lang='lat' dir='ltr'>cum</span> <span class='ocrx_word' id='word_1_100' title='bbox 1514 1818 1680 1880; x_wconf 90' lang='lat' dir='ltr'>inde</span> <span class='ocrx_word' id='word_1_101' title='bbox 1728 1820 2020 1881; x_wconf 87' lang='lat' dir='ltr'>multum</span> <span class='ocrx_word' id='word_1_102' title='bbox 2068 1818 2228 1897; x_wconf 90' lang='lat' dir='ltr'>plus</span> <span class='ocrx_word' id='word_1_103' title='bbox 2273 1817 2442 1879; x_wconf 90' lang='lat' dir='ltr'>mali</span> <span class='ocrx_word' id='word_1_104' title='bbox 2487 1830 2904 1899; x_wconf 80' lang='lat' dir='ltr'>sequeretur</span> 
     </span>
     <span class='ocr_line' id='line_1_13' title="bbox 342 1922 2895 2006; baseline 0 -18"><span class='ocrx_word' id='word_1_105' title='bbox 342 1946 555 2006; x_wconf 89' lang='lat' dir='ltr'>quam</span> <span class='ocrx_word' id='word_1_106' title='bbox 604 1926 663 1987; x_wconf 81' lang='lat' dir='ltr'>si</span> <span class='ocrx_word' id='word_1_107' title='bbox 712 1926 1045 1988; x_wconf 87' lang='lat' dir='ltr'>Erasmus</span> <span class='ocrx_word' id='word_1_108' title='bbox 1094 1946 1135 1986; x_wconf 89' lang='lat' dir='ltr'>a</span> <span class='ocrx_word' id='word_1_109' title='bbox 1184 1922 1371 1987; x_wconf 81' lang='lat' dir='ltr'><strong>SS¹²¹⁰</strong></span> <span class='ocrx_word' id='word_1_110' title='bbox 1420 1926 1551 1987; x_wconf 86' lang='lat' dir='ltr'>D¹¹⁰</span> <span class='ocrx_word' id='word_1_111' title='bbox 1593 1925 1677 1987; x_wconf 85' lang='lat' dir='ltr'>N.</span> <span class='ocrx_word' id='word_1_112' title='bbox 1716 1933 2175 2005; x_wconf 73' lang='lat' dir='ltr'>contemptus</span> <span class='ocrx_word' id='word_1_113' title='bbox 2224 1926 2312 1986; x_wconf 92' lang='lat' dir='ltr'>de</span> <span class='ocrx_word' id='word_1_114' title='bbox 2345 1924 2690 1988; x_wconf 86' lang='lat' dir='ltr'>industria</span> <span class='ocrx_word' id='word_1_115' title='bbox 2737 1928 2895 1991; x_wconf 85' lang='lat' dir='ltr'>scri-</span> 
     </span>
     <span class='ocr_line' id='line_1_14' title="bbox 337 2030 2900 2117; baseline 0.002 -24"><span class='ocrx_word' id='word_1_116' title='bbox 337 2036 545 2095; x_wconf 88' lang='lat' dir='ltr'>beret</span> <span class='ocrx_word' id='word_1_117' title='bbox 626 2032 697 2095; x_wconf 90' lang='lat' dir='ltr'>in</span> <span class='ocrx_word' id='word_1_118' title='bbox 769 2032 920 2094; x_wconf 90' lang='lat' dir='ltr'>eius</span> <span class='ocrx_word' id='word_1_119' title='bbox 982 2030 1447 2095; x_wconf 86' lang='lat' dir='ltr'>Sanctitatem</span> <span class='ocrx_word' id='word_1_120' title='bbox 1514 2041 1584 2094; x_wconf 92' lang='lat' dir='ltr'>et</span> <span class='ocrx_word' id='word_1_121' title='bbox 1655 2031 2058 2095; x_wconf 84' lang='lat' dir='ltr'>universam</span> <span class='ocrx_word' id='word_1_122' title='bbox 2122 2030 2382 2095; x_wconf 83' lang='lat' dir='ltr'>Sedem</span> <span class='ocrx_word' id='word_1_123' title='bbox 2405 2081 2424 2111; x_wconf 93' lang='lat'><em>‚</em></span> <span class='ocrx_word' id='word_1_124' title='bbox 2484 2044 2732 2115; x_wconf 89' lang='lat' dir='ltr'>utpote</span> <span class='ocrx_word' id='word_1_125' title='bbox 2783 2036 2900 2117; x_wconf 88' lang='lat' dir='ltr'>qui</span> 
     </span>
     <span class='ocr_line' id='line_1_15' title="bbox 338 2137 2901 2220; baseline 0.002 -20"><span class='ocrx_word' id='word_1_126' title='bbox 338 2140 549 2201; x_wconf 87' lang='lat' dir='ltr'>etiam</span> <span class='ocrx_word' id='word_1_127' title='bbox 600 2138 658 2200; x_wconf 91' lang='lat' dir='ltr'>si</span> <span class='ocrx_word' id='word_1_128' title='bbox 706 2138 1015 2220; x_wconf 87' lang='lat' dir='ltr'>pessime</span> <span class='ocrx_word' id='word_1_129' title='bbox 1062 2138 1374 2201; x_wconf 89' lang='lat' dir='ltr'>scribere</span> <span class='ocrx_word' id='word_1_130' title='bbox 1422 2147 1822 2217; x_wconf 85' lang='lat' dir='ltr'>conaretur,</span> <span class='ocrx_word' id='word_1_131' title='bbox 1873 2137 2120 2220; x_wconf 87' lang='lat' dir='ltr'>peiora</span> <span class='ocrx_word' id='word_1_132' title='bbox 2166 2138 2252 2201; x_wconf 87' lang='lat' dir='ltr'>iis</span> <span class='ocrx_word' id='word_1_133' title='bbox 2315 2158 2498 2220; x_wconf 87' lang='lat' dir='ltr'>quae</span> <span class='ocrx_word' id='word_1_134' title='bbox 2549 2141 2901 2205; x_wconf 88' lang='lat' dir='ltr'>Lutherus</span> 
     </span>
     <span class='ocr_line' id='line_1_16' title="bbox 338 2245 2896 2328; baseline 0.002 -21"><span class='ocrx_word' id='word_1_135' title='bbox 338 2246 623 2328; x_wconf 84' lang='lat' dir='ltr'>scripsit</span> <span class='ocrx_word' id='word_1_136' title='bbox 673 2246 985 2309; x_wconf 88' lang='lat' dir='ltr'>scribere</span> <span class='ocrx_word' id='word_1_137' title='bbox 1038 2266 1175 2309; x_wconf 89' lang='lat' dir='ltr'>non</span> <span class='ocrx_word' id='word_1_138' title='bbox 1226 2260 1491 2327; x_wconf 88' lang='lat' dir='ltr'>posset.</span> <span class='ocrx_word' id='word_1_139' title='bbox 1604 2245 1854 2308; x_wconf 76' lang='lat' dir='ltr'>Sciunt</span> <span class='ocrx_word' id='word_1_140' title='bbox 1911 2256 2286 2328; x_wconf 88' lang='lat' dir='ltr'>praeterea</span> <span class='ocrx_word' id='word_1_141' title='bbox 2349 2266 2594 2309; x_wconf 90' lang='lat' dir='ltr'>omnes</span> <span class='ocrx_word' id='word_1_142' title='bbox 2643 2249 2896 2311; x_wconf 83' lang='lat' dir='ltr'>eruditi</span> 
     </span>
     <span class='ocr_line' id='line_1_17' title="bbox 337 2352 2903 2434; baseline 0.001 -19"><span class='ocrx_word' id='word_1_143' title='bbox 337 2363 405 2415; x_wconf 89' lang='lat' dir='ltr'>et</span> <span class='ocrx_word' id='word_1_144' title='bbox 452 2353 673 2416; x_wconf 90' lang='lat' dir='ltr'>etiam</span> <span class='ocrx_word' id='word_1_145' title='bbox 722 2364 917 2433; x_wconf 68' lang='lat' dir='ltr'>maga</span> <span class='ocrx_word' id='word_1_146' title='bbox 962 2352 1473 2415; x_wconf 88' lang='lat' dir='ltr'>hieruditorum</span> <span class='ocrx_word' id='word_1_147' title='bbox 1536 2373 1579 2413; x_wconf 89' lang='lat' dir='ltr'>a</span> <span class='ocrx_word' id='word_1_148' title='bbox 1637 2354 1846 2417; x_wconf 87' lang='lat' dir='ltr'>bonis</span> <span class='ocrx_word' id='word_1_149' title='bbox 1905 2353 2520 2434; x_wconf 86' lang='lat' dir='ltr'>praedicatoribus</span> <span class='ocrx_word' id='word_1_150' title='bbox 2581 2353 2903 2418; x_wconf 79' lang='lat' dir='ltr'>instructi</span> 
     </span>
     <span class='ocr_line' id='line_1_18' title="bbox 335 2458 2902 2544; baseline 0.002 -23"><span class='ocrx_word' id='word_1_151' title='bbox 335 2480 545 2541; x_wconf 88' lang='lat' dir='ltr'>quam</span> <span class='ocrx_word' id='word_1_152' title='bbox 597 2478 849 2540; x_wconf 89' lang='lat' dir='ltr'>parum</span> <span class='ocrx_word' id='word_1_153' title='bbox 896 2458 1065 2521; x_wconf 90' lang='lat' dir='ltr'>fidei</span> <span class='ocrx_word' id='word_1_154' title='bbox 1113 2460 1567 2521; x_wconf 88' lang='lat' dir='ltr'>tribuendum</span> <span class='ocrx_word' id='word_1_155' title='bbox 1617 2459 1707 2521; x_wconf 88' lang='lat' dir='ltr'>sit</span> <span class='ocrx_word' id='word_1_156' title='bbox 1738 2460 2031 2522; x_wconf 86' lang='lat' dir='ltr'>Erasmo</span> <span class='ocrx_word' id='word_1_157' title='bbox 2077 2459 2148 2522; x_wconf 87' lang='lat' dir='ltr'>in</span> <span class='ocrx_word' id='word_1_158' title='bbox 2197 2463 2412 2523; x_wconf 87' lang='lat' dir='ltr'>rebus</span> <span class='ocrx_word' id='word_1_159' title='bbox 2459 2462 2902 2544; x_wconf 77' lang='lat' dir='ltr'>theologiciS&#39;,</span> 
     </span>
     <span class='ocr_line' id='line_1_19' title="bbox 336 2565 2904 2648; baseline 0.002 -21"><span class='ocrx_word' id='word_1_160' title='bbox 336 2586 489 2629; x_wconf 91' lang='lat' dir='ltr'>cum</span> <span class='ocrx_word' id='word_1_161' title='bbox 524 2566 601 2629; x_wconf 86' lang='lat' dir='ltr'>in</span> <span class='ocrx_word' id='word_1_162' title='bbox 632 2566 868 2646; x_wconf 88' lang='lat' dir='ltr'>patria</span> <span class='ocrx_word' id='word_1_163' title='bbox 898 2566 1259 2647; x_wconf 87' lang='lat' dir='ltr'>utriusque</span> <span class='ocrx_word' id='word_1_164' title='bbox 1296 2565 1585 2648; x_wconf 85' lang='lat' dir='ltr'>linguae</span> <span class='ocrx_word' id='word_1_165' title='bbox 1616 2575 1687 2627; x_wconf 90' lang='lat' dir='ltr'>et</span> <span class='ocrx_word' id='word_1_166' title='bbox 1722 2565 2230 2648; x_wconf 83' lang='lat' dir='ltr'>grammaticae</span> <span class='ocrx_word' id='word_1_167' title='bbox 2259 2576 2471 2647; x_wconf 90' lang='lat' dir='ltr'>atque</span> <span class='ocrx_word' id='word_1_168' title='bbox 2505 2568 2904 2631; x_wconf 85' lang='lat' dir='ltr'>rhetoricae</span> 
     </span>
     <span class='ocr_line' id='line_1_20' title="bbox 334 2673 2902 2755; baseline 0.001 -20"><span class='ocrx_word' id='word_1_169' title='bbox 334 2676 627 2735; x_wconf 88' lang='lat' dir='ltr'>multum</span> <span class='ocrx_word' id='word_1_170' title='bbox 674 2673 962 2736; x_wconf 87' lang='lat' dir='ltr'>omnino</span> <span class='ocrx_word' id='word_1_171' title='bbox 1010 2674 1101 2735; x_wconf 88' lang='lat' dir='ltr'>sit</span> <span class='ocrx_word' id='word_1_172' title='bbox 1155 2673 1625 2755; x_wconf 88' lang='lat' dir='ltr'>tribuendum,</span> <span class='ocrx_word' id='word_1_173' title='bbox 1674 2673 1862 2735; x_wconf 89' lang='lat' dir='ltr'>intra</span> <span class='ocrx_word' id='word_1_174' title='bbox 1915 2694 2214 2755; x_wconf 88' lang='lat' dir='ltr'>quarum</span> <span class='ocrx_word' id='word_1_175' title='bbox 2273 2673 2676 2755; x_wconf 85' lang='lat' dir='ltr'>linguarum</span> <span class='ocrx_word' id='word_1_176' title='bbox 2735 2677 2902 2738; x_wconf 89' lang='lat' dir='ltr'>arti-</span> 
     </span>
     <span class='ocr_line' id='line_1_21' title="bbox 336 2760 2902 2863; baseline 0.002 -22"><span class='ocrx_word' id='word_1_177' title='bbox 336 2760 598 2861; x_wconf 87' lang='lat' dir='ltr'>umque</span> <span class='ocrx_word' id='word_1_178' title='bbox 646 2779 903 2841; x_wconf 90' lang='lat' dir='ltr'>limites</span> <span class='ocrx_word' id='word_1_179' title='bbox 950 2777 1008 2841; x_wconf 88' lang='lat' dir='ltr'>si</span> <span class='ocrx_word' id='word_1_180' title='bbox 1040 2800 1199 2842; x_wconf 86' lang='lat' dir='ltr'>sese</span> <span class='ocrx_word' id='word_1_181' title='bbox 1231 2779 1713 2860; x_wconf 86' lang='lat' dir='ltr'>continuisset,</span> <span class='ocrx_word' id='word_1_182' title='bbox 1749 2799 1888 2842; x_wconf 89' lang='lat' dir='ltr'>non</span> <span class='ocrx_word' id='word_1_183' title='bbox 1925 2780 2106 2841; x_wconf 90' lang='lat' dir='ltr'>adeo</span> <span class='ocrx_word' id='word_1_184' title='bbox 2141 2778 2520 2842; x_wconf 83' lang='lat' dir='ltr'>infeliciter</span> <span class='ocrx_word' id='word_1_185' title='bbox 2567 2793 2902 2863; x_wconf 87' lang='lat' dir='ltr'>tanquam</span> 
     </span>
     <span class='ocr_line' id='line_1_22' title="bbox 335 2884 2902 2968; baseline 0.001 -18"><span class='ocrx_word' id='word_1_186' title='bbox 335 2909 565 2968; x_wconf 85' lang='lat' dir='ltr'>parvo</span> <span class='ocrx_word' id='word_1_187' title='bbox 616 2887 851 2949; x_wconf 79' lang='lat' dir='ltr'>fructu</span> <span class='ocrx_word' id='word_1_188' title='bbox 898 2907 1057 2949; x_wconf 90' lang='lat' dir='ltr'>sese</span> <span class='ocrx_word' id='word_1_189' title='bbox 1105 2890 1319 2950; x_wconf 85' lang='lat' dir='ltr'>rebus</span> <span class='ocrx_word' id='word_1_190' title='bbox 1367 2885 1791 2968; x_wconf 86' lang='lat' dir='ltr'>theologicis</span> <span class='ocrx_word' id='word_1_191' title='bbox 1837 2885 2273 2966; x_wconf 85' lang='lat' dir='ltr'>ingessisset.</span> <span class='ocrx_word' id='word_1_192' title='bbox 2369 2884 2620 2968; x_wconf 90' lang='lat' dir='ltr'>Neque</span> <span class='ocrx_word' id='word_1_193' title='bbox 2667 2899 2902 2952; x_wconf 88' lang='lat' dir='ltr'>tamen</span> 
     </span>
     <span class='ocr_line' id='line_1_23' title="bbox 336 2992 2906 3076; baseline 0.002 -22"><span class='ocrx_word' id='word_1_194' title='bbox 336 2993 755 3076; x_wconf 83' lang='lat' dir='ltr'>negaverim</span> <span class='ocrx_word' id='word_1_195' title='bbox 805 3013 961 3056; x_wconf 90' lang='lat' dir='ltr'>eum</span> <span class='ocrx_word' id='word_1_196' title='bbox 1012 2997 1229 3056; x_wconf 90' lang='lat' dir='ltr'>multa</span> <span class='ocrx_word' id='word_1_197' title='bbox 1295 2993 1663 3076; x_wconf 89' lang='lat' dir='ltr'>scripsisse</span> <span class='ocrx_word' id='word_1_198' title='bbox 1724 2996 1916 3056; x_wconf 90' lang='lat' dir='ltr'>bona</span> <span class='ocrx_word' id='word_1_199' title='bbox 1978 3001 2191 3074; x_wconf 88' lang='lat' dir='ltr'>atque</span> <span class='ocrx_word' id='word_1_200' title='bbox 2259 2992 2456 3056; x_wconf 91' lang='lat' dir='ltr'>utilia</span> <span class='ocrx_word' id='word_1_201' title='bbox 2517 3007 2588 3055; x_wconf 90' lang='lat' dir='ltr'>et</span> <span class='ocrx_word' id='word_1_202' title='bbox 2649 2995 2906 3076; x_wconf 87' lang='lat' dir='ltr'>quibus</span> 
     </span>
     <span class='ocr_line' id='line_1_24' title="bbox 336 3097 2904 3181; baseline 0.001 -19"><span class='ocrx_word' id='word_1_203' title='bbox 336 3100 637 3164; x_wconf 88' lang='lat' dir='ltr'>studiosi</span> <span class='ocrx_word' id='word_1_204' title='bbox 685 3099 893 3162; x_wconf 87' lang='lat' dir='ltr'>etiam</span> <span class='ocrx_word' id='word_1_205' title='bbox 943 3099 1353 3181; x_wconf 85' lang='lat' dir='ltr'>theologiae</span> <span class='ocrx_word' id='word_1_206' title='bbox 1401 3121 1541 3162; x_wconf 90' lang='lat' dir='ltr'>non</span> <span class='ocrx_word' id='word_1_207' title='bbox 1588 3120 1840 3181; x_wconf 89' lang='lat' dir='ltr'>parum</span> <span class='ocrx_word' id='word_1_208' title='bbox 1888 3097 2208 3162; x_wconf 88' lang='lat' dir='ltr'>adiuvari</span> <span class='ocrx_word' id='word_1_209' title='bbox 2256 3100 2531 3179; x_wconf 89' lang='lat' dir='ltr'>possint</span> <span class='ocrx_word' id='word_1_210' title='bbox 2589 3100 2648 3161; x_wconf 87' lang='lat' dir='ltr'>si</span> <span class='ocrx_word' id='word_1_211' title='bbox 2697 3113 2904 3164; x_wconf 90' lang='lat' dir='ltr'>caute</span> 
     </span>
     <span class='ocr_line' id='line_1_25' title="bbox 338 3206 2898 3288; baseline 0.001 -19"><span class='ocrx_word' id='word_1_212' title='bbox 338 3217 406 3269; x_wconf 89' lang='lat' dir='ltr'>et</span> <span class='ocrx_word' id='word_1_213' title='bbox 462 3228 623 3270; x_wconf 88' lang='lat' dir='ltr'>cum</span> <span class='ocrx_word' id='word_1_214' title='bbox 671 3207 932 3268; x_wconf 90' lang='lat' dir='ltr'>iudicio</span> <span class='ocrx_word' id='word_1_215' title='bbox 984 3227 1069 3270; x_wconf 91' lang='lat' dir='ltr'>ea</span> <span class='ocrx_word' id='word_1_216' title='bbox 1117 3210 1399 3288; x_wconf 85' lang='lat' dir='ltr'>legant;</span> <span class='ocrx_word' id='word_1_217' title='bbox 1469 3208 1596 3269; x_wconf 91' lang='lat' dir='ltr'>sed</span> <span class='ocrx_word' id='word_1_218' title='bbox 1658 3217 1956 3287; x_wconf 91' lang='lat' dir='ltr'>propter</span> <span class='ocrx_word' id='word_1_219' title='bbox 2015 3206 2225 3268; x_wconf 86' lang='lat' dir='ltr'>valde</span> <span class='ocrx_word' id='word_1_220' title='bbox 2295 3207 2510 3268; x_wconf 89' lang='lat' dir='ltr'>multa</span> <span class='ocrx_word' id='word_1_221' title='bbox 2583 3227 2764 3288; x_wconf 90' lang='lat' dir='ltr'>quae</span> <span class='ocrx_word' id='word_1_222' title='bbox 2829 3209 2898 3271; x_wconf 88' lang='lat' dir='ltr'>in</span> 
     </span>
     <span class='ocr_line' id='line_1_26' title="bbox 336 3312 2899 3394; baseline 0.001 -18"><span class='ocrx_word' id='word_1_223' title='bbox 336 3315 435 3376; x_wconf 92' lang='lat' dir='ltr'>eis</span> <span class='ocrx_word' id='word_1_224' title='bbox 484 3313 727 3376; x_wconf 90' lang='lat' dir='ltr'>insunt</span> <span class='ocrx_word' id='word_1_225' title='bbox 755 3315 873 3376; x_wconf 88' lang='lat' dir='ltr'>vel</span> <span class='ocrx_word' id='word_1_226' title='bbox 920 3321 1220 3376; x_wconf 89' lang='lat' dir='ltr'>erronea</span> <span class='ocrx_word' id='word_1_227' title='bbox 1267 3315 1383 3376; x_wconf 90' lang='lat' dir='ltr'>vel</span> <span class='ocrx_word' id='word_1_228' title='bbox 1431 3314 1856 3376; x_wconf 87' lang='lat' dir='ltr'>scandalosa</span> <span class='ocrx_word' id='word_1_229' title='bbox 1903 3315 2020 3376; x_wconf 86' lang='lat' dir='ltr'>vel</span> <span class='ocrx_word' id='word_1_230' title='bbox 2067 3312 2340 3394; x_wconf 89' lang='lat' dir='ltr'>piarum</span> <span class='ocrx_word' id='word_1_231' title='bbox 2381 3313 2654 3375; x_wconf 89' lang='lat' dir='ltr'>aurium</span> <span class='ocrx_word' id='word_1_232' title='bbox 2685 3313 2899 3378; x_wconf 84' lang='lat' dir='ltr'>offen-</span> 
     </span>
     <span class='ocr_line' id='line_1_27' title="bbox 336 3419 2900 3503; baseline 0.001 -20"><span class='ocrx_word' id='word_1_233' title='bbox 336 3421 508 3502; x_wconf 86' lang='lat' dir='ltr'>siva‚</span> <span class='ocrx_word' id='word_1_234' title='bbox 562 3420 929 3484; x_wconf 89' lang='lat' dir='ltr'>crederem</span> <span class='ocrx_word' id='word_1_235' title='bbox 980 3441 1118 3503; x_wconf 87' lang='lat' dir='ltr'>ego</span> <span class='ocrx_word' id='word_1_236' title='bbox 1184 3420 1411 3503; x_wconf 87' lang='lat' dir='ltr'>magis</span> <span class='ocrx_word' id='word_1_237' title='bbox 1460 3421 1944 3503; x_wconf 87' lang='lat' dir='ltr'>profecturum</span> <span class='ocrx_word' id='word_1_238' title='bbox 2003 3420 2224 3483; x_wconf 86' lang='lat' dir='ltr'>fuisse</span> <span class='ocrx_word' id='word_1_239' title='bbox 2273 3419 2715 3484; x_wconf 87' lang='lat' dir='ltr'>Christianae</span> <span class='ocrx_word' id='word_1_240' title='bbox 2775 3422 2900 3485; x_wconf 88' lang='lat' dir='ltr'>rei-</span> 
     </span>
     <span class='ocr_line' id='line_1_28' title="bbox 336 3526 2898 3611; baseline -0.001 -19"><span class='ocrx_word' id='word_1_241' title='bbox 336 3529 671 3611; x_wconf 88' lang='lat' dir='ltr'>publicae</span> <span class='ocrx_word' id='word_1_242' title='bbox 729 3529 789 3590; x_wconf 90' lang='lat' dir='ltr'>si</span> <span class='ocrx_word' id='word_1_243' title='bbox 836 3527 1169 3591; x_wconf 87' lang='lat' dir='ltr'>Erasmus</span> <span class='ocrx_word' id='word_1_244' title='bbox 1238 3527 1413 3592; x_wconf 87' lang='lat' dir='ltr'>nihil</span> <span class='ocrx_word' id='word_1_245' title='bbox 1484 3529 1771 3592; x_wconf 88' lang='lat' dir='ltr'>omnino</span> <span class='ocrx_word' id='word_1_246' title='bbox 1838 3529 1928 3590; x_wconf 89' lang='lat' dir='ltr'>de</span> <span class='ocrx_word' id='word_1_247' title='bbox 1994 3530 2208 3590; x_wconf 89' lang='lat' dir='ltr'>rebus</span> <span class='ocrx_word' id='word_1_248' title='bbox 2268 3526 2692 3609; x_wconf 87' lang='lat' dir='ltr'>theologicis</span> <span class='ocrx_word' id='word_1_249' title='bbox 2748 3528 2898 3590; x_wconf 88' lang='lat' dir='ltr'>atti-</span> 
     </span>
     <span class='ocr_line' id='line_1_29' title="bbox 336 3634 2906 3717; baseline 0 -19"><span class='ocrx_word' id='word_1_250' title='bbox 336 3636 562 3717; x_wconf 86' lang='lat' dir='ltr'>gisset</span> <span class='ocrx_word' id='word_1_251' title='bbox 628 3635 745 3696; x_wconf 90' lang='lat' dir='ltr'>vel</span> <span class='ocrx_word' id='word_1_252' title='bbox 813 3635 1235 3716; x_wconf 87' lang='lat' dir='ltr'>scripsisset.</span> <span class='ocrx_word' id='word_1_253' title='bbox 1361 3636 1581 3699; x_wconf 89' lang='lat' dir='ltr'>Immo</span> <span class='ocrx_word' id='word_1_254' title='bbox 1645 3656 1786 3698; x_wconf 90' lang='lat' dir='ltr'>non</span> <span class='ocrx_word' id='word_1_255' title='bbox 1867 3635 2124 3697; x_wconf 89' lang='lat' dir='ltr'>desunt</span> <span class='ocrx_word' id='word_1_256' title='bbox 2186 3634 2304 3715; x_wconf 89' lang='lat' dir='ltr'>qui</span> <span class='ocrx_word' id='word_1_257' title='bbox 2364 3644 2618 3716; x_wconf 89' lang='lat' dir='ltr'>putent</span> <span class='ocrx_word' id='word_1_258' title='bbox 2677 3636 2906 3698; x_wconf 89' lang='lat' dir='ltr'>minus</span> 
     </span>
     <span class='ocr_line' id='line_1_30' title="bbox 338 3741 2902 3824; baseline 0 -19"><span class='ocrx_word' id='word_1_259' title='bbox 338 3743 739 3805; x_wconf 88' lang='lat' dir='ltr'>nociturum</span> <span class='ocrx_word' id='word_1_260' title='bbox 788 3742 1005 3804; x_wconf 88' lang='lat' dir='ltr'>fuisse</span> <span class='ocrx_word' id='word_1_261' title='bbox 1052 3743 1113 3804; x_wconf 87' lang='lat' dir='ltr'>si</span> <span class='ocrx_word' id='word_1_262' title='bbox 1161 3752 1409 3824; x_wconf 91' lang='lat' dir='ltr'>aperte</span> <span class='ocrx_word' id='word_1_263' title='bbox 1457 3763 1587 3824; x_wconf 92' lang='lat' dir='ltr'>pro</span> <span class='ocrx_word' id='word_1_264' title='bbox 1622 3743 1936 3805; x_wconf 91' lang='lat' dir='ltr'>Luthero</span> <span class='ocrx_word' id='word_1_265' title='bbox 1985 3741 2299 3804; x_wconf 88' lang='lat' dir='ltr'>stetisset</span> <span class='ocrx_word' id='word_1_266' title='bbox 2345 3762 2554 3823; x_wconf 89' lang='lat' dir='ltr'>quam</span> <span class='ocrx_word' id='word_1_267' title='bbox 2605 3751 2902 3824; x_wconf 89' lang='lat' dir='ltr'>utroque</span> 
     </span>
     <span class='ocr_line' id='line_1_31' title="bbox 340 3847 2900 3931; baseline -0.001 -19"><span class='ocrx_word' id='word_1_268' title='bbox 340 3851 527 3930; x_wconf 90' lang='lat' dir='ltr'>pede</span> <span class='ocrx_word' id='word_1_269' title='bbox 578 3849 1049 3911; x_wconf 89' lang='lat' dir='ltr'>claudicando</span> <span class='ocrx_word' id='word_1_270' title='bbox 1100 3861 1170 3911; x_wconf 88' lang='lat' dir='ltr'>et</span> <span class='ocrx_word' id='word_1_271' title='bbox 1220 3850 1397 3912; x_wconf 90' lang='lat' dir='ltr'>duos</span> <span class='ocrx_word' id='word_1_272' title='bbox 1448 3851 1549 3930; x_wconf 91' lang='lat' dir='ltr'>(ut</span> <span class='ocrx_word' id='word_1_273' title='bbox 1592 3849 1665 3912; x_wconf 87' lang='lat' dir='ltr'>in</span> <span class='ocrx_word' id='word_1_274' title='bbox 1715 3847 1991 3929; x_wconf 86' lang='lat' dir='ltr'>adagiis</span> <span class='ocrx_word' id='word_1_275' title='bbox 2041 3849 2190 3911; x_wconf 89' lang='lat' dir='ltr'>eius</span> <span class='ocrx_word' id='word_1_276' title='bbox 2240 3851 2369 3929; x_wconf 90' lang='lat' dir='ltr'>est)</span> <span class='ocrx_word' id='word_1_277' title='bbox 2437 3849 2750 3931; x_wconf 89' lang='lat' dir='ltr'>parietes</span> <span class='ocrx_word' id='word_1_278' title='bbox 2811 3871 2900 3911; x_wconf 87' lang='lat' dir='ltr'>ex</span> 
     </span>
     <span class='ocr_line' id='line_1_32' title="bbox 337 3955 2888 4037; baseline 0.001 -21"><span class='ocrx_word' id='word_1_279' title='bbox 337 3975 477 4020; x_wconf 89' lang='lat' dir='ltr'>una</span> <span class='ocrx_word' id='word_1_280' title='bbox 516 3955 767 4018; x_wconf 87' lang='lat' dir='ltr'>fidelia</span> <span class='ocrx_word' id='word_1_281' title='bbox 812 3957 1237 4036; x_wconf 87' lang='lat' dir='ltr'>dealband0‚</span> <span class='ocrx_word' id='word_1_282' title='bbox 1286 3977 1467 4018; x_wconf 87' lang='lat' dir='ltr'>nunc</span> <span class='ocrx_word' id='word_1_283' title='bbox 1500 3957 1619 4019; x_wconf 89' lang='lat' dir='ltr'>uni</span> <span class='ocrx_word' id='word_1_284' title='bbox 1651 3976 1838 4018; x_wconf 88' lang='lat' dir='ltr'>nunc</span> <span class='ocrx_word' id='word_1_285' title='bbox 1873 3956 2077 4018; x_wconf 88' lang='lat' dir='ltr'>alteri</span> <span class='ocrx_word' id='word_1_286' title='bbox 2124 3957 2311 4037; x_wconf 83' lang='lat' dir='ltr'>parti</span> <span class='ocrx_word' id='word_1_287' title='bbox 2357 3956 2586 4018; x_wconf 85' lang='lat' dir='ltr'>videri</span> <span class='ocrx_word' id='word_1_288' title='bbox 2635 3957 2888 4018; x_wconf 87' lang='lat' dir='ltr'>adhae-</span> 
     </span>
     <span class='ocr_line' id='line_1_33' title="bbox 337 4062 2900 4144; baseline 0.001 -20"><span class='ocrx_word' id='word_1_289' title='bbox 337 4084 495 4126; x_wconf 91' lang='lat' dir='ltr'>rere</span> <span class='ocrx_word' id='word_1_290' title='bbox 545 4065 763 4136; x_wconf 90' lang='lat' dir='ltr'>velle;</span> <span class='ocrx_word' id='word_1_291' title='bbox 828 4063 1210 4144; x_wconf 89' lang='lat' dir='ltr'>dicuntque</span> <span class='ocrx_word' id='word_1_292' title='bbox 1269 4065 1599 4126; x_wconf 91' lang='lat' dir='ltr'>doctores</span> <span class='ocrx_word' id='word_1_293' title='bbox 1663 4065 1826 4144; x_wconf 89' lang='lat' dir='ltr'>plus</span> <span class='ocrx_word' id='word_1_294' title='bbox 1885 4083 2144 4126; x_wconf 81' lang='lat' dir='ltr'>nocere</span> <span class='ocrx_word' id='word_1_295' title='bbox 2205 4083 2328 4125; x_wconf 91' lang='lat' dir='ltr'>eos</span> <span class='ocrx_word' id='word_1_296' title='bbox 2393 4062 2514 4144; x_wconf 89' lang='lat' dir='ltr'>qui</span> <span class='ocrx_word' id='word_1_297' title='bbox 2579 4072 2900 4144; x_wconf 88' lang='lat' dir='ltr'>tempore</span> 
     </span>
     <span class='ocr_line' id='line_1_34' title="bbox 340 4169 2892 4252; baseline 0 -20"><span class='ocrx_word' id='word_1_298' title='bbox 340 4169 797 4232; x_wconf 89' lang='lat' dir='ltr'>schismatum</span> <span class='ocrx_word' id='word_1_299' title='bbox 867 4172 1101 4250; x_wconf 88' lang='lat' dir='ltr'>(quale</span> <span class='ocrx_word' id='word_1_300' title='bbox 1182 4189 1367 4232; x_wconf 88' lang='lat' dir='ltr'>nunc</span> <span class='ocrx_word' id='word_1_301' title='bbox 1426 4180 1534 4232; x_wconf 89' lang='lat' dir='ltr'>est</span> <span class='ocrx_word' id='word_1_302' title='bbox 1602 4170 1673 4232; x_wconf 89' lang='lat' dir='ltr'>in</span> <span class='ocrx_word' id='word_1_303' title='bbox 1740 4169 2062 4233; x_wconf 87' lang='lat' dir='ltr'>Ecclesia</span> <span class='ocrx_word' id='word_1_304' title='bbox 2123 4172 2260 4231; x_wconf 90' lang='lat' dir='ltr'>ehu</span> <span class='ocrx_word' id='word_1_305' title='bbox 2308 4169 2594 4231; x_wconf 87' lang='lat' dir='ltr'>nimium</span> <span class='ocrx_word' id='word_1_306' title='bbox 2643 4173 2892 4252; x_wconf 85' lang='lat' dir='ltr'>grave)</span> 
     </span>
     <span class='ocr_line' id='line_1_35' title="bbox 342 4275 2900 4358; baseline 0.001 -22"><span class='ocrx_word' id='word_1_307' title='bbox 342 4276 710 4356; x_wconf 89' lang='lat' dir='ltr'>utriusque</span> <span class='ocrx_word' id='word_1_308' title='bbox 755 4275 1025 4356; x_wconf 89' lang='lat' dir='ltr'>pariter</span> <span class='ocrx_word' id='word_1_309' title='bbox 1072 4287 1143 4338; x_wconf 92' lang='lat' dir='ltr'>et</span> <span class='ocrx_word' id='word_1_310' title='bbox 1190 4276 1505 4339; x_wconf 90' lang='lat' dir='ltr'>neutrius</span> <span class='ocrx_word' id='word_1_311' title='bbox 1553 4275 1778 4358; x_wconf 90' lang='lat' dir='ltr'>partis</span> <span class='ocrx_word' id='word_1_312' title='bbox 1828 4297 1986 4339; x_wconf 89' lang='lat' dir='ltr'>esse</span> <span class='ocrx_word' id='word_1_313' title='bbox 2033 4276 2304 4354; x_wconf 83' lang='lat' dir='ltr'>volunt,</span> <span class='ocrx_word' id='word_1_314' title='bbox 2351 4296 2560 4358; x_wconf 91' lang='lat' dir='ltr'>quam</span> <span class='ocrx_word' id='word_1_315' title='bbox 2611 4295 2734 4339; x_wconf 89' lang='lat' dir='ltr'>eos</span> <span class='ocrx_word' id='word_1_316' title='bbox 2781 4277 2900 4358; x_wconf 90' lang='lat' dir='ltr'>qui</span> 
     </span>
     <span class='ocr_line' id='line_1_36' title="bbox 344 4381 2898 4463; baseline 0.001 -20"><span class='ocrx_word' id='word_1_317' title='bbox 344 4385 559 4463; x_wconf 90' lang='lat' dir='ltr'>plane</span> <span class='ocrx_word' id='word_1_318' title='bbox 608 4402 819 4444; x_wconf 89' lang='lat' dir='ltr'>unam</span> <span class='ocrx_word' id='word_1_319' title='bbox 866 4395 1142 4463; x_wconf 80' lang='lat' dir='ltr'>partem</span> <span class='ocrx_word' id='word_1_320' title='bbox 1191 4383 1402 4446; x_wconf 88' lang='lat' dir='ltr'>etiam</span> <span class='ocrx_word' id='word_1_321' title='bbox 1450 4384 1878 4446; x_wconf 89' lang='lat' dir='ltr'>deteriorem</span> <span class='ocrx_word' id='word_1_322' title='bbox 1927 4383 2466 4463; x_wconf 87' lang='lat' dir='ltr'>amplectuntur.</span> <span class='ocrx_word' id='word_1_323' title='bbox 2579 4381 2710 4446; x_wconf 88' lang='lat' dir='ltr'>His</span> <span class='ocrx_word' id='word_1_324' title='bbox 2773 4384 2898 4446; x_wconf 89' lang='lat' dir='ltr'>ita-</span> 
     </span>
     <span class='ocr_line' id='line_1_37' title="bbox 353 4485 2898 4572; baseline 0.002 -22"><span class='ocrx_word' id='word_1_325' title='bbox 353 4509 488 4570; x_wconf 93' lang='lat' dir='ltr'>que</span> <span class='ocrx_word' id='word_1_326' title='bbox 540 4499 615 4552; x_wconf 90' lang='lat' dir='ltr'>et</span> <span class='ocrx_word' id='word_1_327' title='bbox 660 4489 1004 4552; x_wconf 89' lang='lat' dir='ltr'>similibus</span> <span class='ocrx_word' id='word_1_328' title='bbox 1053 4489 1447 4554; x_wconf 85' lang='lat' dir='ltr'>rationibus</span> <span class='ocrx_word' id='word_1_329' title='bbox 1492 4490 1775 4554; x_wconf 88' lang='lat' dir='ltr'>videtur</span> <span class='ocrx_word' id='word_1_330' title='bbox 1823 4489 2015 4572; x_wconf 89' lang='lat' dir='ltr'>qnod</span> <span class='ocrx_word' id='word_1_331' title='bbox 2066 4485 2284 4551; x_wconf 77' lang='lat' dir='ltr'>SS¹¹²¹¹⁸</span> <span class='ocrx_word' id='word_1_332' title='bbox 2319 4490 2404 4554; x_wconf 93' lang='lat' dir='ltr'>D.</span> <span class='ocrx_word' id='word_1_333' title='bbox 2435 4489 2521 4552; x_wconf 90' lang='lat' dir='ltr'>N.</span> <span class='ocrx_word' id='word_1_334' title='bbox 2555 4499 2628 4552; x_wconf 91' lang='lat' dir='ltr'>et</span> <span class='ocrx_word' id='word_1_335' title='bbox 2663 4503 2898 4554; x_wconf 65' lang='lat' dir='ltr'>‘revmffl’</span> 
     </span>
    </p>
   </div>
   <div class='ocr_carea' id='block_1_3' title="bbox 346 4704 2906 5010">
    <p class='ocr_par' dir='ltr' id='par_1_3' title="bbox 346 4704 2906 5010">
     <span class='ocr_line' id='line_1_38' title="bbox 346 4704 2904 4772; baseline 0.002 -21"><span class='ocrx_word' id='word_1_336' title='bbox 346 4704 597 4766; x_wconf 85' lang='lat' dir='ltr'>Lugduni</span> <span class='ocrx_word' id='word_1_337' title='bbox 622 4705 805 4754; x_wconf 63' lang='lat' dir='ltr'>BataV.</span> <span class='ocrx_word' id='word_1_338' title='bbox 850 4704 1019 4767; x_wconf 82' lang='lat'>1705).</span> <span class='ocrx_word' id='word_1_339' title='bbox 1084 4705 1163 4753; x_wconf 81' lang='lat' dir='ltr'>At</span> <span class='ocrx_word' id='word_1_340' title='bbox 1186 4706 1303 4768; x_wconf 88' lang='lat' dir='ltr'>ipsa</span> <span class='ocrx_word' id='word_1_341' title='bbox 1341 4705 1408 4753; x_wconf 85' lang='lat' dir='ltr'>ad</span> <span class='ocrx_word' id='word_1_342' title='bbox 1436 4705 1866 4754; x_wconf 85' lang='lat' dir='ltr'>Melanchtonem</span> <span class='ocrx_word' id='word_1_343' title='bbox 1905 4705 2062 4753; x_wconf 82' lang='lat' dir='ltr'>missa</span> <span class='ocrx_word' id='word_1_344' title='bbox 2100 4705 2328 4768; x_wconf 84' lang='lat' dir='ltr'>epistola</span> <span class='ocrx_word' id='word_1_345' title='bbox 2365 4707 2453 4756; x_wconf 87' lang='lat' dir='ltr'>die</span> <span class='ocrx_word' id='word_1_346' title='bbox 2491 4707 2539 4759; x_wconf 90' lang='lat'>6.</span> <span class='ocrx_word' id='word_1_347' title='bbox 2578 4709 2723 4772; x_wconf 85' lang='lat' dir='ltr'>Sept.</span> <span class='ocrx_word' id='word_1_348' title='bbox 2771 4718 2904 4772; x_wconf 84' lang='lat'>1524</span> 
     </span>
     <span class='ocr_line' id='line_1_39' title="bbox 346 4785 2904 4851; baseline 0.002 -20"><span class='ocrx_word' id='word_1_349' title='bbox 346 4798 449 4832; x_wconf 88' lang='lat' dir='ltr'>non</span> <span class='ocrx_word' id='word_1_350' title='bbox 488 4785 651 4833; x_wconf 87' lang='lat' dir='ltr'>dubie</span> <span class='ocrx_word' id='word_1_351' title='bbox 690 4785 922 4832; x_wconf 88' lang='lat' dir='ltr'>ostendit</span> <span class='ocrx_word' id='word_1_352' title='bbox 960 4785 1191 4833; x_wconf 85' lang='lat' dir='ltr'>savorem</span> <span class='ocrx_word' id='word_1_353' title='bbox 1232 4799 1338 4848; x_wconf 90' lang='lat' dir='ltr'>quo</span> <span class='ocrx_word' id='word_1_354' title='bbox 1378 4787 1624 4836; x_wconf 50' lang='lat' dir='ltr'>Erasmus</span> <span class='ocrx_word' id='word_1_355' title='bbox 1646 4823 1659 4846; x_wconf 87' lang='lat'>,</span> <span class='ocrx_word' id='word_1_356' title='bbox 1694 4786 1794 4836; x_wconf 87' lang='lat' dir='ltr'>nisi</span> <span class='ocrx_word' id='word_1_357' title='bbox 1843 4786 2050 4844; x_wconf 86' lang='lat' dir='ltr'>omnia,</span> <span class='ocrx_word' id='word_1_358' title='bbox 2103 4793 2243 4834; x_wconf 86' lang='lat' dir='ltr'>certe</span> <span class='ocrx_word' id='word_1_359' title='bbox 2281 4786 2448 4836; x_wconf 83' lang='lat' dir='ltr'>multa</span> <span class='ocrx_word' id='word_1_360' title='bbox 2487 4787 2704 4836; x_wconf 87' lang='lat' dir='ltr'>Lutheri</span> <span class='ocrx_word' id='word_1_361' title='bbox 2743 4803 2904 4851; x_wconf 86' lang='lat' dir='ltr'>opera</span> 
     </span>
     <span class='ocr_line' id='line_1_40' title="bbox 346 4865 2906 4940; baseline 0.003 -29"><span class='ocrx_word' id='word_1_362' title='bbox 346 4871 399 4911; x_wconf 88' lang='lat' dir='ltr'>et</span> <span class='ocrx_word' id='word_1_363' title='bbox 432 4865 633 4928; x_wconf 82' lang='lat' dir='ltr'>scripta</span> <span class='ocrx_word' id='word_1_364' title='bbox 668 4865 1101 4928; x_wconf 84' lang='lat' dir='ltr'>prosequebatur.</span> <span class='ocrx_word' id='word_1_365' title='bbox 1178 4866 1427 4914; x_wconf 84' lang='lat' dir='ltr'>Nondum</span> <span class='ocrx_word' id='word_1_366' title='bbox 1466 4865 1605 4914; x_wconf 88' lang='lat' dir='ltr'>enim</span> <span class='ocrx_word' id='word_1_367' title='bbox 1642 4866 1697 4915; x_wconf 88' lang='lat' dir='ltr'>in</span> <span class='ocrx_word' id='word_1_368' title='bbox 1746 4881 1864 4914; x_wconf 84' lang='lat' dir='ltr'>eum</span> <span class='ocrx_word' id='word_1_369' title='bbox 1917 4872 2098 4929; x_wconf 86' lang='lat' dir='ltr'>aperta</span> <span class='ocrx_word' id='word_1_370' title='bbox 2147 4868 2392 4916; x_wconf 83' lang='lat' dir='ltr'>convicia</span> <span class='ocrx_word' id='word_1_371' title='bbox 2446 4867 2762 4927; x_wconf 77' lang='lat' dir='ltr'>Lutherani,</span> <span class='ocrx_word' id='word_1_372' title='bbox 2811 4883 2906 4940; x_wconf 84' lang='lat' dir='ltr'>spe</span> 
     </span>
     <span class='ocr_line' id='line_1_41' title="bbox 350 4944 2228 5010; baseline 0.002 -18"><span class='ocrx_word' id='word_1_373' title='bbox 350 4957 525 4994; x_wconf 85' lang='lat' dir='ltr'>secum</span> <span class='ocrx_word' id='word_1_374' title='bbox 564 4944 716 4993; x_wconf 88' lang='lat' dir='ltr'>illum</span> <span class='ocrx_word' id='word_1_375' title='bbox 756 4945 987 4994; x_wconf 80' lang='lat' dir='ltr'>habendi</span> <span class='ocrx_word' id='word_1_376' title='bbox 1026 4945 1249 5010; x_wconf 86' lang='lat' dir='ltr'>perdita,</span> <span class='ocrx_word' id='word_1_377' title='bbox 1287 4947 1592 5008; x_wconf 84' lang='lat' dir='ltr'>iniecerant,</span> <span class='ocrx_word' id='word_1_378' title='bbox 1631 4948 1767 4995; x_wconf 86' lang='lat' dir='ltr'>sicut</span> <span class='ocrx_word' id='word_1_379' title='bbox 1805 4946 1968 4995; x_wconf 83' lang='lat' dir='ltr'>serius</span> <span class='ocrx_word' id='word_1_380' title='bbox 2007 4946 2228 5001; x_wconf 74' lang='lat' dir='ltr'>fect-unt.</span> 
     </span>
    </p>
   </div>
  </div>
 </body>
</html>
