3575 5775
1697 568 2192 629 ‹HD-522&

664 710 999 784 thollicum
1048 732 1221 778 vero
1269 713 1405 789 Dei
1456 716 1721 782 cultum
1770 716 1942 783 nihil
1989 740 2132 783 non
2181 720 2613 790 immutando
2661 724 2777 787 vel
2837 723 3046 789 etiam
3103 729 3228 789 ab·

660 819 985 901 rogando
1050 821 1335 886 audere.
1448 822 1938 889 Exturbantur
2001 846 2086 889 ac
2145 828 2558 902 desolantur
2605 832 3058 914 monasteria,
3107 836 3227 897 de-

660 925 1442 1013 moliuntur-sacrilega
1490 950 1699 997 manu
1748 952 1996 997 sacrae
2041 936 2293 1015 aedes,
2357 956 2610 999 census
2665 937 2726 999 si
2774 939 2894 1021 qui
2943 950 3108 1005 sunt
3151 952 3228 1004 et

662 1036 880 1103 annui
926 1034 1244 1100 redditus
1290 1046 1505 1119 atque
1568 1038 1725 1121 ipsa
1789 1040 2100 1123 denique
2149 1054 2554 1110 sanctorum
2599 1065 2688 1109 ac
2737 1044 2996 1113 Christi
3049 1068 3226 1130 pau·

660 1160 911 1221 perum
971 1143 1373 1209 substantia
1432 1166 1474 1209 a
1530 1147 1842 1227 prelatls-
1887 1148 2202 1231 ipsisque
2265 1152 2727 1219 ecclesiarum
2775 1156 3226 1237 praepositis

658 1247 1005 1336 violentia
1056 1248 1478 1335 ¹Principum
1525 1254 1615 1317 ad
1665 1254 1906 1321 nescio
1956 1276 2164 1339 quem
2213 1278 2412 1321 usum
2461 1259 2880 1343 preripitur,
2946 1262 3226 1327 exulari

660 1364 1013 1440 coguntur
1059 1368 1351 1439 sanctae
1400 1359 1868 1442 professionis
1915 1364 2298 1446 promiscui
2345 1387 2562 1431 sexus
2606 1368 2949 1449 homineS,
3008 1372 3220 1436 abne·

658 1482 835 1545 gare
884 1465 1451 1547 commendatum
1514 1468 1651 1531 sibi
1719 1479 2099 1551 tantopere
2162 1475 2273 1535 vel
2323 1473 2562 1555 prisca.
2607 1474 2763 1557 ipsa
2813 1486 3220 1542 sanctorum

658 1570 951 1651 Battum
970 1570 1365 1651 humilitate
1386 1577 1852 1642 monasticum
1867 1578 2208 1661 habitum,
2225 1575 2542 1645 maritari
2567 1601 2830 1651 uxores
2849 1584 3220 1663 ducuntur,

659 1678 1155 1761 &nihilvm
1208 1679 1519 1748 civilium
1566 1703 1648 1747 ac
1696 1686 2123 1751 secularium
2171 1684 2504 1751 fluctuum
2553 1688 2790 1754 subire
2852 1694 2968 1755 vel
3015 1692 3220 1758 inviti

657 1786 726 1847 in
778 1806 1048 1866 summa
1095 1807 1267 1850 vero
1317 1789 1507 1853 circa
1554 1791 1928 1874 Principes
1977 1814 2058 1857 ac
2119 1794 2574 1875 magistratus
2621 1796 2815 1877 ipsos
2863 1799 3096 1863 omnia
3143 1799 3218 1862 in

657 1891 1213 1992 isthacpieta‘qis·
1238 1916 1482 1993 causa,
1514 1918 1639 1961 seu
1670 1918 1802 1981 per
1833 1901 2284 1983 tyrannidem
2314 1923 2580 1965 meram
2628 1902 2779 1967 sive
2827 1909 3218 1971 secundum

656 2002 1063 2063 teterrimae
1117 1986 1459 2071 avaritiae
1490 2005 1716 2089 pestis
1748 2007 2100 2071 dictamen
2133 2011 2368 2091 palam
2418 2010 2696 2072 actitari
2744 2012 2994 2075 solent.
3067 2014 3216 2077 Iam

656 2128 829 2173 vero
878 2112 1004 2174 tali
1050 2117 1215 2180 huic
1263 2135 1347 2177 ac
1394 2122 1593 2177 tanto
1642 2116 1829 2177 malo
1877 2136 2086 2178 nemo
2135 2116 2289 2179 fere
2339 2128 2464 2197 est,
2515 2117 2634 2199 qui
2669 2120 2783 2181 vel
2826 2121 3216 2203 medeatur,

656 2220 772 2281 vel
820 2241 961 2302 quo
992 2225 1243 2287 saltem
1274 2231 1488 2305 pacto
1536 2222 1984 2303 aliquatenus
2014 2225 2438 2288 medendum
2487 2226 2596 2305 sit,
2646 2235 2965 2307 querant.
3039 2227 3216 2291 Cum

656 2328 1093 2396 eruditorum
1142 2336 1333 2395 bona
1379 2350 1549 2412 pars
1596 2330 2056 2412 improbitate
2107 2330 2429 2394 nimirum
2478 2332 2667 2395 vitae
2716 2354 2887 2396 suae
2936 2333 3220 2398 deflexa

656 2432 729 2496 in
780 2456 989 2501 omne
1038 2439 1109 2502 id
1158 2459 1387 2521 genus
1434 2436 1766 2519 stupendi
1816 2448 2031 2519 atque
2080 2438 2471 2502 execrandi
2517 2439 2756 2520 potius
2804 2440 2970 2503 novi
3021 2440 3219 2504 Chri-

656 2542 997 2607 stianismi
1054 2544 1519 2628 conspirarit,
1582 2543 1683 2616 ita
1744 2554 1822 2607 ut
1883 2543 2158 2627 perrari
2221 2547 2434 2629 plane
2502 2546 2676 2625 sint,
2749 2546 2870 2626 qui
2945 2546 3218 2629 pietate

658 2651 999 2731 magistra
1046 2653 1117 2716 in
1140 2634 1147 2647 ⁶
1168 2650 1715 2736 periclitantium
1755 2661 1862 2713 tot
1896 2650 2282 2715 animarum
2318 2654 2616 2715 salutem
2651 2652 2841 2715 dicto
2875 2655 2992 2716 vel
3023 2654 3220 2717 facto

658 2779 695 2820 e
744 2761 1104 2824 contrario
1153 2758 1520 2843 quippiam
1569 2758 1925 2821 excudere
1973 2761 2088 2821 vel
2135 2759 2433 2841 possint,
2481 2761 2596 2822 vel
2627 2760 2959 2825 audeant.
3036 2762 3218 2825 Nam

656 2866 938 2949 scriptis
987 2868 1457 2953 nequicquam
1506 2867 1576 2930 in
1628 2887 1713 2930 eo
1754 2866 1922 2930 mali
1965 2866 2374 2930 consulitur.
2469 2867 2704 2931 Recte
2753 2867 2940 2932 enim
2987 2868 3220 2933 indies

657 2975 884 3058 magis
915 2975 1633 3058 'ammagisinvento
1682 2995 1814 3037 suo
1861 2974 2162 3056 disperit
2206 2975 2459 3040 infelix
2507 2987 2852 3057 germana
2899 2976 3216 3057 solertia,

640 3092 857 3150 tanta
901 3083 1344 3168 inprimendi·
1379 3091 1533 3152 arte
1596 3081 2210 3164 spurcissimorum
2271 3081 2462 3146 illius
2523 3083 2748 3163 partis
2812 3084 3216 3150 libellorum

655 3191 1113 3260 tumultuaria
1168 3193 1443 3258 obruta
1502 3189 1974 3256 multitudine.
2099 3191 2220 3254 Ad
2285 3200 2676 3256 extremum
2741 3212 2914 3256 vero
2983 3193 3058 3256 in
3125 3213 3216 3256 eo

656 3319 931 3364 causae·
964 3302 1077 3365 vel
1130 3300 1615 3381 ipsaquoque
1664 3297 2044 3380 pastoralis
2075 3297 2590 3381 Episcoporum
2635 3299 2882 3380 virgae
2917 3320 3218 3364 censura

652 3416 735 3471 ct·
776 3405 989 3472 nimis
1028 3407 1351 3488 segniter
1416 3423 1633 3488 agere
1692 3417 1761 3470 et
1825 3426 2074 3488 parum
2137 3405 2460 3470 officiose
2505 3405 2805 3472 videtur.
2901 3406 3217 3472 Proinde

666 3510 742 3577 in
788 3513 1159 3580 communi
1189 3513 1416 3579 isthoc
1468 3533 1808 3595 coporum
1871 3531 2096 3594 aeque
2159 3523 2372 3594 atque
2431 3513 2826 3578 animarum
2892 3523 3217 3578 extremo

655 3639 833 3686 sane
879 3619 1261 3707 dispendio
1308 3622 1401 3688 de
1432 3619 1908 3686 Beatitudinis
1942 3629 2246 3701 vestrae,
2293 3621 2422 3684 sed
2455 3629 2530 3682 et
2561 3619 2984 3687 Sanctorum
3017 3621 3216 3686 Petri

660 3746 751 3792 asc·
790 3726 1001 3792 Pauli
1050 3728 1285 3808 magis.
1324 3727 1751 3794 auctoritate
1796 3725 2124 3806 confisuS,
2174 3747 2318 3792 non
2356 3727 2785 3809 pigritabor,
2835 3729 3218 3792 dummodo

659 3831 1020 3909 Sanctitas
1073 3835 1332 3900 Vestra
1378 3835 1647 3913 iubeat,
1697 3854 1838 3916 ego
1901 3835 2068 3899 licet
2133 3844 2476 3899 uxoratus
2523 3832 2726 3898 Sacri
2795 3835 3220 3900 diaconatus

656 3940 1254 4024 officiumsubire,
1273 3963 1407 4010 nec
1434 3942 1709 4023 pigebit
1730 3941 2103 4024 professae
2134 3941 2204 4004 in
2234 3941 2588 4006 Christum
2613 3941 3006 4005 catholicae
3025 3941 3218 4018 fidei,

656 4047 1077 4130 iamiamque
1098 4049 1591 4118 intercidentis
1604 4051 2120 4132 propemodum
2135 4048 2510 4131 religionis
2527 4069 2768 4114 amore
2793 4070 2952 4114 cum
2973 4050 3216 4132 vulpe-

651 4154 829 4220 culis
877 4155 1343 4231 unanimam
1392 4157 1818 4223 dominicam
1865 4165 2242 4237 tantopere
2291 4155 2836 4220 demolientibus
2868 4157 2938 4221 in
2973 4177 3218 4220 earum

651 4265 1040 4344 capheram
1075 4281 1335 4330 manus
1384 4285 1806 4334 conserere;
1856 4284 1988 4328 nec
2035 4263 2316 4326 demum
2363 4271 2702 4344 quantum
2747 4262 2906 4344 ipse
2937 4263 3220 4326 dederit

656 4369 1003 4434 Dominus
1048 4372 1275 4437 sancti
1334 4392 1419 4436 ae
1486 4371 1708 4436 divini
1767 4371 1974 4434 verbi
2037 4369 2144 4432 sui
2205 4371 2362 4451 (nec
2427 4369 2636 4433 aliter
2695 4379 2934 4433 tamen
3003 4390 3218 4450 quam

614 4477 1039 4544 secundum
1086 4480 1429 4544 hactenus
1474 4489 1675 4542 tanto
1723 4497 1906 4542 aevo
1963 4479 2433 4560 approbatam
2481 4477 3034 4558 theophororum
3083 4478 3216 4540 Pa·

654 4593 839 4650 trum
881 4586 1305 4651 catholicam
1356 4587 1547 4650 illam
1596 4598 1810 4666 atque
1867 4585 2440 4666 irrefragabilem
2493 4583 2856 4648 Ecclesiae
2915 4585 3218 4648 auctori-

655 4693 895 4772 tatem)
942 4712 1076 4773 per·
1120 4713 1230 4758 me
1278 4693 1532 4760 fiendis
1580 4692 2232 4775 praedicationibus
2261 4699 2334 4753 et
2361 4711 2454 4752 ex
2485 4692 2792 4754 adverso
2824 4690 3220 4754 ascendere

647 4809 727 4864 et
772 4819 903 4880 pro
952 4799 1109 4880 ipso
1154 4809 1405 4865 sancto
1454 4799 1741 4864 Domini
1788 4799 2058 4862 Israhel
2109 4817 2380 4862 murum
2429 4817 2829 4879 opponere,
2888 4796 3216 4879 diffugio,

652 4907 897 4988 Atque
940 4906 1045 4969 ita
1090 4908 1349 4970 demun
1396 4928 1555 4971 cum
1614 4927 1844 4972 meum
1893 4905 2311 4988 obsequium
2359 4916 2506 4968 tum
2551 4907 2938 4970 communis
2983 4903 3220 4985 magis
