3575 5775
1401 545 1894 608 0-43503854

362 716 491 761 eos
538 694 863 763 intactos,
958 696 1449 763 Decimanona
1498 698 1769 781 Aprilis
1819 699 2052 761 denuo
2090 696 2446 761 rebellant
2475 717 2632 761 curn
2685 692 2930 761 vicinis

363 807 669 869 subditis
752 807 1189 871 Marchionis
1265 805 1974 888 BrandeburgensiS,
2041 806 2386 889 oppidum
2445 804 2761 888 Otingen
2835 805 2932 867 in-

362 915 639 977 vadunt
704 924 774 977 et
854 914 1179 979 comitem
1246 911 1684 977 Ludovicum
1763 913 2112 976 iuniorem
2183 912 2538 976 incautum
2621 912 2934 994 capiunt,

361 1021 797 1085 monasteria
846 1021 1185 1103 diripiunt
1234 1033 1304 1083 et
1362 1020 1751 1084 incendunt
1801 1029 1872 1083 et
1934 1021 2098 1083 dum
2163 1030 2328 1083 sunt
2385 1020 2458 1083 in
2519 1020 2774 1083 itinere
2846 1020 2938 1081 ad

365 1127 815 1191 Heidenhern
846 1128 1351 1192 monasterium
1385 1127 1858 1210 diripiendum
1886 1129 2091 1190 adest
2117 1126 2552 1191 Marchionis
2583 1128 2940 1209 equitatus

362 1245 869 1299 sexcentorum
917 1236 1228 1317 equiturn
1279 1256 1437 1299 cum
1487 1233 1860 1299 comitibus
1910 1234 2066 1299 aliis
2114 1235 2204 1297 de
2271 1234 2587 1316 Otingen
2645 1244 2719 1297 et
2777 1254 2936 1297 cum

362 1363 595 1425 parvo
642 1343 921 1426 pedite;
971 1343 1245 1406 invadit
1291 1342 1593 1405 rusticos
1642 1343 1948 1424 primum
1995 1341 2364 1405 tormentis
2421 1362 2590 1405 mox
2651 1342 2938 1406 lanceis,

366 1450 659 1513 Rustici
708 1471 851 1513 non
898 1461 1231 1533 potentes
1278 1448 1431 1513 fere
1482 1449 1757 1531 equites
1806 1450 2174 1532 fugerunt:
2239 1469 2600 1512 ex011000
2661 1448 2940 1512 rusticis

366 1557 783 1621 ceciderunt
834 1578 1026 1640 2500,
1089 1557 1361 1639 aliquot
1425 1556 1651 1638 capti,
1700 1556 1974 1639 aliquot
2042 1556 2115 1619 in
2183 1578 2322 1619 una
2376 1556 2549 1619 villa
2605 1556 2937 1620 incendio

366 1665 757 1747 perierunt,
804 1667 1047 1748 plures
1092 1674 1347 1748 postea
1394 1664 1826 1746 deprehensi
1875 1664 2207 1727 decollati
2247 1674 2428 1727 sunt.
2504 1665 2692 1728 Data
2740 1684 2938 1727 occa-

366 1772 566 1835 sione
624 1772 743 1853 qui
792 1772 1219 1853 aufugerant
1267 1773 1500 1836 denuo
1548 1772 1787 1853 ignem
1839 1771 2157 1834 excitant
2215 1779 2286 1833 et
2345 1771 2646 1833 rusticos
2710 1770 2938 1834 subie-

368 1890 523 1941 ctos
566 1879 946 1962 Proposito
997 1890 1069 1941 et
1116 1878 1443 1961 Capitulo
1492 1878 1950 1960 Elwangensi
1979 1879 2073 1941 ad
2103 1879 2572 1941 rebellionem
2605 1878 2938 1959 excitant,

370 1986 606 2049 subito
656 1987 797 2049 duo
848 1997 1082 2050 eastra
1128 1994 1483 2068 occupant
1530 1994 1602 2048 et
1649 1984 1990 2068 oppidum
2037 1984 2342 2068 Elwang
2403 1995 2476 2048 et
2541 1986 2774 2049 omnia
2822 1987 2934 2048 de-

368 2095 827 2175 praedantur.
910 2093 1069 2157 Non
1103 2092 1395 2157 defuere
1442 2114 1532 2155 ex
1566 2091 1942 2155 Canonicis
1988 2091 2109 2174 qui
2137 2092 2481 2157 Rusticos
2529 2095 2619 2155 ad
2669 2102 2940 2156 tantum

372 2203 645 2283 nephas
677 2202 1024 2265 iuvarent.
1097 2200 1427 2280 Juniores
1460 2200 1755 2263 comites
1786 2200 2099 2264 Palatini
2123 2222 2214 2264 ex
2245 2202 2638 2283 Neuburgo
2665 2215 2938 2265 contra·

376 2309 507 2373 ctis
556 2309 782 2392 copiis
832 2308 1082 2371 vicinis
1129 2308 1469 2390 Episcopi
1516 2308 1996 2389 Augustensis
2044 2319 2115 2371 et
2145 2308 2542 2371 Willhelmi
2575 2310 2777 2372 ducis
2808 2310 2938 2371 Ba-

374 2417 614 2480 variae
678 2416 981 2480 rusticos
1040 2416 1389 2479 invadunt
1450 2415 1774 2479 incautos
1847 2425 2010 2479 ante
2090 2415 2432 2498 oppidum
2494 2416 2794 2499 Elwang
2869 2429 2941 2479 et

375 2528 502 2602 436
553 2523 805 2587 occisis
853 2524 1197 2605 plurimos
1246 2522 1535 2605 capiunt
1584 2534 1655 2585 et
1702 2542 1795 2586 ex
1853 2522 1953 2586 eis
1997 2522 2262 2585 XXIII
2305 2524 2644 2587 decollari
2693 2523 2940 2587 iubent

375 2652 455 2693 ac
504 2628 865 2693 civitatem
913 2642 986 2693 et
1034 2640 1267 2693 castra
1317 2630 1629 2713 capitulo
1678 2639 2129 2713 recuperant.
2226 2632 2487 2695 Actum
2546 2634 2620 2693 18
2671 2632 2865 2697 Maii.

552 2738 837 2801 Pacatis
884 2738 1163 2801 rusticis
1210 2736 1279 2799 in
1330 2736 1596 2818 Algoia
1644 2746 1716 2799 et
1764 2737 1956 2800 circa
2002 2740 2234 2800 lacum
2282 2735 2464 2821 Liga
2510 2738 2580 2801 in
2609 2738 2938 2802 Wirtem·

376 2848 673 2930 bergum
736 2856 1079 2928 properat
1160 2843 1539 2927 Tibingam
1601 2864 1870 2909 versus
1979 2844 2263 2910 Rustici
2327 2846 2464 2909 hoc
2529 2846 2938 2928 resciente5‚

376 2953 707 3018 meliores
798 2953 871 3017 in
940 2952 1280 3016 auxilium
1356 2952 1641 3015 mittunt
1726 2953 1960 3016 caetui
2025 2973 2253 3036 prope
2319 2953 2938 3037 Haerembergarn

382 3062 805 3136 constituto;
856 3062 1047 3144 quod
1096 3059 1437 3142 oppidum
1487 3059 1747 3122 insultu
1799 3060 2045 3141 quinto
2095 3060 2378 3124 tandem
2426 3060 2669 3124 rustici
2735 3081 2936 3143 cepe-

381 3182 559 3232 runt.
654 3168 876 3231 Erant
923 3167 1342 3231 rusticorum
1400 3187 1611 3244 13ooo
1659 3167 1970 3230 virorum
2003 3165 2290 3229 fortium
2319 3176 2396 3229 ut
2430 3167 2532 3230 eis
2561 3167 2938 3230 videbatur

380 3297 423 3338 a
484 3296 783 3357 quorum
846 3284 1235 3357 conspectu
1299 3273 1439 3336 iam
1496 3274 1815 3356 regimen
1879 3274 2246 3356 imperiale
2307 3278 2398 3338 ab
2463 3275 2802 3357 Eselinga
2869 3283 2940 3338 et

382 3383 697 3464 regimen
746 3381 1227 3444 Archiducale
1273 3401 1317 3442 a
1364 3379 1755 3463 Stugardia
1800 3381 2125 3463 fugerat:
2175 3382 2246 3445 in
2295 3383 2585 3464 reliquis
2620 3382 2940 3446 caetibus

382 3492 599 3553 multo
648 3492 888 3571 plures
940 3499 1175 3568 erant,
1238 3489 1365 3552 sed
1430 3488 1694 3569 passim
1745 3489 2131 3552 collectitia
2176 3492 2384 3571 plebs
2399 3539 2416 3570 ,
2474 3492 2665 3553 bello
2712 3489 2940 3552 minus

384 3608 567 3679 apta.
664 3595 836 3659 Cum
884 3595 1104 3678 igitur
1150 3614 1409 3676 magno
1458 3598 1767 3659 clamore
1816 3617 2100 3679 semper
2145 3597 2502 3678 petierant
2549 3597 2772 3678 Ligae
2821 3597 2940 3660 ad·

382 3716 669 3768 ventum
725 3712 801 3766 ut
864 3723 1113 3766 manus
1176 3713 1661 3782 consererent,
1726 3702 2048 3766 exercitu
2127 3704 2677 3786 approximante
2750 3705 2937 3766 inter

384 3830 673 3874 nemora
718 3812 1095 3882 recedunt;
1146 3810 1405 3891 quibus
1452 3830 1582 3888 400
1632 3809 1910 3891 equites
1957 3831 2089 3892 pro
2139 3812 2614 3876 remoratione
2651 3809 2940 3874 immissi

383 3929 571 3998 sunt,
621 3917 742 3999 qui
788 3921 1077 3980 tandem
1125 3917 1673 3999 approximante
1731 3916 2050 3980 exercitu
2114 3937 2257 3980 non
2325 3919 2720 4002 expectatis
2783 3917 2940 3981 aliis

382 4025 735 4088 irruerunt
780 4024 851 4086 in
902 4023 1201 4086 rusticos
1250 4036 1322 4086 et
1368 4024 1633 4107 passim
1682 4023 1826 4086 cesi
1876 4038 2039 4087 sunt
2081 4045 2163 4087 ac
2205 4024 2464 4087 deinde
2510 4025 2702 4089 iussu
2750 4025 2940 4107 ligae

384 4131 727 4197 numerati
761 4139 887 4209 040
897 4152 955 4208 5.
1007 4131 1192 4193 Acta
1226 4131 1437 4193 cedes
1467 4129 1615 4192 XII
1646 4129 1818 4192 Maii
1865 4131 2051 4194 inter
2091 4131 2494 4214 Beblingen
2545 4143 2616 4195 et
2649 4130 2938 4197 Scudel-

382 4238 551 4322 fing;
600 4238 925 4322 pluribus
973 4247 1225 4321 postea
1274 4258 1403 4320 per
1450 4237 1733 4318 singula
1795 4237 2063 4318 oppida
2119 4249 2190 4300 et
2251 4258 2481 4320 pagos
2547 4239 2940 4320 decollatiS,

386 4357 454 4410 et
496 4347 672 4429 ipsis
737 4345 1045 4430 pecunia
1114 4345 1469 4408 mulctatis
1484 4393 1503 4426 ,
1567 4345 1805 4408 omnia
1873 4346 2316 4408 devenerunt
2370 4346 2444 4408 in
2510 4355 2940 4428 potestatem

384 4452 569 4536 ligae
619 4453 925 4536 demptis
974 4452 1257 4534 oppidis
1305 4473 1487 4534 quae
1534 4451 1875 4533 contigua
1923 4462 2126 4515 erant
2173 4451 2622 4517 Palatinatui.

559 4560 743 4642 Liga
791 4559 1050 4623 deinde
1098 4559 1294 4622 ducit
1358 4559 1747 4622 exercitum
1809 4559 1880 4620 in
1948 4559 2230 4623 Vallem
2277 4559 2750 4644 Weinsperg‚
2815 4561 2936 4624 ubi

388 4677 623 4730 sontes
669 4666 823 4730 fere
874 4686 1119 4729 omnes
1164 4665 1301 4728 iam
1353 4665 1781 4746 aufugerant
1839 4667 1932 4728 ad
1991 4667 2293 4730 rusticos
2352 4667 2640 4732 francos
2685 4667 2940 4731 Wirtz-

388 4773 609 4855 burgi.
702 4774 953 4855 Itaque
1002 4771 1197 4834 XXI
1256 4771 1401 4834 Mai
1461 4772 1803 4855 oppidum
1851 4783 2174 4836 exustum
2241 4783 2350 4838 est
2412 4795 2570 4838 cum
2629 4775 2940 4856 quinque

388 4880 599 4956 villis;
652 4880 1149 4966 quadringenti
1203 4879 1429 4943 ferme
1476 4879 1719 4942 rustici
1746 4879 2019 4942 inventi
2066 4879 2282 4944 occisi
2331 4890 2513 4951 sunt.
