3575 5775
1688 585 1804 638 0-{3
1883 587 1990 640 460
2067 583 2182 635 ι]>-<>

665 724 795 784 sub
847 723 1027 786 idem
1080 725 1301 788 ferme
1335 736 1615 810 tompus
1648 740 1930 811 ceptum
1981 739 2088 792 est
2116 731 2546 810 tumultuari,
2593 731 2976 797 resisteret.
3047 733 3226 796 Cum

666 840 899 894 autem
976 833 1423 914 perspicuum
1500 834 1641 897 iam
1720 835 1846 913 sit,
1934 858 2072 918 quo
2151 840 2448 900 tendant
2526 837 2737 900 animi
2815 840 3223 920 populareS,

660 958 953 1020 nempe,
1005 950 1078 1001 ut
1128 941 1421 1004 deiectis
1470 941 1833 1007 Ecclesiae
1883 945 2340 1025 proceribuS,
2403 945 2804 1008 libertatem
2862 949 3218 1027 quandam

660 1043 791 1106 sibi
855 1046 923 1106 in
992 1047 1247 1108 ceteris
1314 1068 1596 1130 quoque
1678 1061 2058 1133 usurpent,
2132 1071 2314 1132 quae
2391 1072 2521 1133 per
2567 1051 2728 1114 illos
2790 1054 3082 1134 adepta,
3150 1054 3222 1116 in

660 1164 942 1214 exteras
979 1154 1296 1217 nationes
1330 1156 1418 1217 sit
1465 1175 1746 1239 quoque
1795 1169 2300 1242 pervagatura,
2350 1160 2538 1220 unde
2587 1170 2659 1222 et
2707 1155 3017 1223 Sanctae
3063 1161 3222 1223 reli·

661 1258 857 1341 gioni
894 1271 963 1322 et
995 1261 1197 1323 simul
1226 1263 1683 1345 Apostolicae
1724 1265 2056 1346 dignitati
2090 1287 2289 1329 suum
2325 1268 2587 1328 cultum
2620 1276 2691 1329 et
2725 1268 3070 1332 honorem
3101 1287 3217 1330 au·

664 1367 834 1429 ferri
903 1369 1309 1451 continget,
1380 1373 1569 1452 quod
1629 1373 1796 1434 mibi
1839 1373 2370 1436 acerbissimum
2421 1383 2636 1442 esset:
2711 1375 2988 1436 tametsi
3037 1375 3232 1438 vires

660 1485 947 1538 nostrae
986 1479 1326 1540 hactenus
1361 1479 1780 1542 coniunctae
1815 1481 1922 1542 his
1968 1479 2322 1543 intestinis
2372 1481 2571 1543 malis
2619 1501 2760 1542 non
2810 1483 2902 1542 ad
2948 1492 3222 1544 senten-

661 1583 829 1644 tiam
896 1594 1205 1646 nostram
1256 1605 1583 1666 nocuere,
1649 1588 1954 1650 maxime
2017 1587 2208 1668 quod
2273 1588 2553 1670 pedites
2604 1587 2825 1650 nostri
2893 1591 3084 1650 velut
3153 1589 3223 1650 in

664 1689 895 1770 patria
943 1701 1438 1774 cognataquae
1487 1695 1764 1756 viscera
1815 1695 2284 1758 abhorrentes
2342 1695 2531 1758 ferre
2581 1714 2777 1757 arma
2837 1715 3068 1776 neque
3135 1718 3221 1759 eo

659 1796 915 1876 animO,
965 1817 1193 1879 neque
1246 1819 1328 1860 ea
1362 1797 1503 1862 fide
1539 1800 1798 1881 quibus
1831 1801 1899 1863 in
1940 1813 2308 1864 externum
2338 1803 2616 1865 hostem
2651 1801 2823 1865 ferri
2871 1804 3223 1884 solebant,

663 1905 790 1966 sed
815 1904 1224 1986 frigidiores
1266 1927 1423 1970 esse
1450 1907 1581 1969 visi
1614 1917 1797 1986 sunt,
1842 1910 2022 1970 adeo
2050 1909 2239 1990 quod
2275 1909 2345 1970 in
2391 1909 2713 1992 gerenda
2750 1911 2881 1971 hac
2923 1928 3000 1972 re
3033 1911 3227 1972 haud

660 2032 863 2074 secus
890 2022 1101 2095 atque
1129 2012 1288 2094 ipsa
1316 2016 1653 2076 tumultus
1680 2015 2055 2078 multitudo
2089 2014 2514 2079 formidandi
2542 2025 2723 2079 sunt.
2761 2013 2906 2079 Sed
2933 2036 3090 2078 cum
3114 2037 3224 2080 ro-

659 2122 796 2182 bur
818 2119 1119 2183 militare
1146 2121 1473 2203 supersit,
1498 2122 1687 2203 quod
1718 2132 1824 2185 est
1847 2145 1885 2184 e
1908 2122 2301 2202 nobilitate,
2330 2143 2512 2204 quae
2539 2125 2775 2186 animo
2797 2123 3078 2204 integra
3117 2135 3230 2186 est

661 2227 913 2305 adhue,
958 2237 1029 2291 et
1064 2228 1175 2290 cui
1205 2229 1469 2310 optime
1496 2227 1756 2291 confidi
1782 2229 2011 2310 possit
2035 2231 2231 2292 velut
2271 2231 2508 2292 laesae
2553 2251 2596 2292 a
2632 2229 2895 2291 rustica
2927 2229 3227 2294 multitu-

664 2332 850 2412 dine,
877 2334 1299 2416 externique
1332 2337 1612 2418 pedites
1644 2337 2032 2418 praecipue
2063 2335 2362 2400 Bohemi
2388 2335 2580 2399 facili
2605 2336 2896 2420 negotio
2928 2334 3232 2399 conduci

660 2441 953 2522 possint,
971 2450 1048 2504 ut
1067 2442 1367 2506 militent
1389 2452 1638 2506 contra
1655 2443 1995 2507 factiosos
2015 2453 2086 2506 et
2107 2443 2498 2524 sacrilegos
2515 2443 2838 2524 rusticOS,
2865 2463 3043 2525 quos
3069 2444 3227 2506 hac·

662 2557 867 2610 tenus
933 2548 1207 2612 felicior
1272 2570 1640 2612 successus
1704 2551 1935 2613 erexit
2001 2550 2074 2612 in
2144 2571 2344 2632 spem
2413 2549 2646 2612 omnia
2705 2551 2798 2612 ad
2857 2549 3224 2613 arbitrium

663 2675 863 2718 suum
912 2657 1414 2739 consequendi,
1466 2658 1523 2720 si
1572 2659 1783 2721 modo
1835 2657 2137 2740 pecunia
2168 2666 2357 2721 esset
2395 2657 2622 2740 nobiS,
2673 2657 2924 2739 quibus
2957 2657 3228 2724 animus

667 2774 772 2825 est
822 2773 1211 2827 extremam
1262 2783 1531 2846 ponere
1601 2785 1885 2828 manum
1947 2775 2194 2829 contra
2262 2764 2548 2846 impiam
2615 2776 2682 2827 et
2748 2764 3228 2830 facinorosam

665 2872 847 2934 hanc
923 2872 1471 2952 multitudinem,
1554 2873 1781 2936 accito
1846 2872 1914 2936 in
1974 2894 2265 2955 operam
2333 2881 2632 2935 externo
2701 2871 2938 2936 milite.
3049 2871 3232 2935 Nam

667 2979 1072 3044 diuturnum
1126 2982 1261 3042 hoc
1304 2984 1561 3043 malum
1609 2991 1681 3043 et
1728 2982 2118 3062 derepente
2168 2990 2382 3061 atque
2430 2980 2814 3061 improviso
2863 3000 3230 3058 enascens,

666 3108 821 3150 sese
844 3088 1066 3150 instar
1086 3088 1358 3169 hydrae
1392 3089 1576 3151 illius
1610 3089 2004 3167 fabulosae,
2039 3088 2325 3168 saepius
2355 3088 2890 3168 conduplican5‚
2925 3097 2997 3151 et
3033 3107 3226 3149 meas

668 3194 853 3257 vires
904 3206 973 3256 et
1024 3196 1428 3276 Principum
1488 3206 1703 3276 atque
1766 3195 2117 3257 sociorum
2168 3214 2398 3256 rerum
2451 3193 2892 3277 publicarum
2943 3192 3232 3261 ,Svevici

664 3298 976 3361 foederis
1023 3320 1315 3382 prorsus
1363 3301 1725 3381 exhausit,
1795 3302 1975 3362 adeo
2045 3302 2231 3383 quod
2297 3300 2595 3383 quisque
2660 3302 2747 3363 ad
2799 3321 3010 3383 opem
3059 3302 3230 3363 alibi

666 3406 1183 3489 implorandam
1216 3408 1351 3470 iam
1385 3411 1679 3471 adactus
1712 3407 1991 3471 existat.
2077 3408 2326 3489 Itaque
2377 3427 2532 3469 cum
2575 3406 2932 3473 Sanctitas
2969 3408 3236 3472 Vestra

666 3514 805 3580 iam
854 3515 1261 3596 perspicere
1310 3516 1557 3597 possit,
1608 3528 1947 3598 quantum
1997 3516 2358 3577 immineat
2404 3516 2746 3578 malorum
2779 3514 3054 3597 reliquo
3103 3534 3233 3578 suo

670 3622 990 3702 corpori,
1062 3622 1121 3685 si
1168 3623 1345 3686 haec
1397 3624 1588 3687 natio
1640 3622 2068 3703 amplissima
2142 3622 2238 3683 sic
2311 3621 2815 3702 pessundetur,
2889 3624 3230 3703 cuiusque

670 3730 1037 3812 Principes
1085 3741 1249 3813 post
1296 3742 1591 3793 exactos
1642 3731 2057 3813 Episcop05,
2107 3726 2662 3811 innovatumqu'e
2711 3730 2993 3791 modum
3045 3728 3238 3791 circa

668 3857 909 3918 sacra,
977 3858 1182 3920 quem
1253 3840 1640 3922 praecipue
1707 3838 2088 3901 furibunda
2151 3838 2327 3899 haec
2395 3836 2769 3899 multitudo
2817 3836 3113 3919 requirit
3163 3848 3238 3899 et

673 3944 937 4027 exigit,
1006 3966 1162 4009 sese
1214 3946 1523 4009 deiicere
1586 3956 1968 4027 cogantur,
2019 3946 2205 4027 quod
2255 3955 2488 4005 tamen
2541 3964 2679 4024 ego
2731 3954 3066 4025 quantum
3117 3945 3236 4005 ad-

668 4052 809 4114 huc
859 4066 1185 4135 superest
1244 4054 1529 4133 virium,
1604 4074 1785 4137 quae
1837 4063 1997 4115 sunt
2046 4050 2528 4127 tenuissimae,
2579 4052 2864 4131 quando
2915 4050 3238 4131 praestiti

673 4158 1008 4241 quicquid
1054 4164 1399 4225 hactenus
1446 4162 1681 4245 potui,
1732 4165 1929 4224 velut
1977 4159 2420 4221 orthodoxae
2467 4155 2634 4219 fidei
2684 4156 3240 4220 studiosissimus

674 4276 745 4328 et
814 4268 1013 4330 istius
1077 4268 1491 4332 Pontificiae
1572 4268 1779 4331 Sedis
1850 4280 2063 4349 atque
2138 4265 2504 4349 dignitatis
2571 4264 3240 4327 observantissimus

672 4384 917 4455 presto
964 4396 1117 4439 sum
1164 4377 1543 4458 impedire;
1614 4396 1842 4459 neque
1893 4376 2192 4437 deerunt
2249 4370 2395 4434 scio
2444 4370 2813 4453 Principes
2861 4369 3240 4451 Bavariae‚

675 4480 827 4560 pari
876 4483 1108 4546 animo
1158 4485 1531 4565 studioque
1581 4484 1894 4565 amplexi
1943 4500 2222 4561 semper
2269 4478 2611 4561 pristinae
2675 4476 3044 4560 religionis
3093 4479 3234 4539 cul-

678 4568 865 4649 tum·
910 4598 979 4651 et
1041 4592 1609 4671 observantiam,
1682 4601 1896 4672 atque
1954 4590 2182 4670 ipsum
2252 4586 2557 4667 denique
2623 4605 2880 4667 corpus
2948 4582 3238 4646 Svevici

678 4693 989 4757 foederis
1036 4698 1157 4760 ubi
1208 4698 1562 4762 Sanctitas
1612 4698 1872 4761 Vestra
1921 4706 1990 4759 et
2040 4696 2386 4756 Proceres
2435 4703 2647 4774 atque
2689 4689 3058 4753 Ecclesiae
3093 4690 3214 4751 Ro

680 4822 931 4868 manae
988 4807 1357 4869 columnae
1406 4804 1938 4869 Revendissimi
1989 4802 2240 4864 Patres
2274 4799 2688 4863 Cardinales
2735 4798 2804 4862 in
2841 4796 3240 4861 huiusmodi

680 4912 1207 4993 expeditionem
1271 4914 1842 4997 prosequendam
1899 4907 2264 4995 suppetias
2335 4906 2405 4968 in
2463 4904 2784 4993 pecuniis
2851 4903 3240 4992 attulerint,
