3575 5775
1653 565 2146 626 Malos&

1845 879 1951 944 39.

1565 993 1699 1074 Leo
1739 995 1825 1076 X.
1866 993 2110 1076 carolo
2138 994 2217 1077 V.

1457 1123 1658 1186 (Aeta
1703 1123 2022 1184 wormac.
2058 1123 2171 1184 fol.
2220 1124 2329 1196 80.)

795 1228 1222 1294 Charissimo
1280 1233 1352 1296 in
1403 1234 1682 1298 Christo
1737 1235 1887 1298 filio
1944 1246 2189 1300 nostro
2238 1235 2496 1300 Carolo
2546 1237 3045 1299 Romanorum
3095 1256 3181 1296 ac

617 1335 1122 1418 Hispaniarum
1169 1339 1367 1422 Regi
1416 1341 1767 1412 catholico
1817 1343 1888 1407 in
1938 1343 2453 1424 Imperatorem
2504 1345 2733 1406 electo
2753 1343 2820 1424 ¹).

796 1444 1224 1510 Charissime
1272 1447 1341 1511 in
1379 1447 1660 1512 Christo
1710 1449 1809 1514 fili
1858 1460 2102 1514 noster
2149 1452 2479 1520 salutem:
2529 1450 2759 1513 Tanta
2808 1459 2917 1512 est
2962 1459 3183 1530 atque

614 1550 795 1613 adeo
867 1553 1178 1633 notoria,
1249 1565 1323 1618 et
1396 1555 1734 1620 universo
1808 1558 1961 1620 orbi
2020 1567 2367 1621 terrarum
2419 1557 2821 1637 manifesta,
2888 1555 3179 1618 Martini

619 1655 907 1719 Lutheri
939 1658 1462 1743 heresiarchae,
1511 1683 1654 1726 non
1688 1665 1913 1728 solum
1947 1664 2017 1726 in
2074 1685 2201 1727 nos
2250 1674 2321 1728 et
2348 1666 2533 1727 hanc
2559 1673 2879 1727 sanctam
2910 1665 3177 1743 sedem,

613 1763 738 1824 sed
789 1775 1038 1827 contra
1097 1766 1306 1830 etiam
1362 1769 1586 1851 ipsius
1639 1769 1809 1833 fidei
1856 1771 2252 1848 veritatem,
2303 1793 2387 1834 ac
2436 1783 2841 1834 sanctorum
2890 1780 3175 1852 patrum

614 1871 902 1933 decreta
931 1873 1266 1953 pertinax
1315 1885 1386 1938 et
1433 1877 1863 1942 detestanda
1903 1877 2289 1956 temeritas,
2337 1899 2547 1959 quam
2594 1877 2822 1942 fetido
2872 1898 2995 1940 ore
3044 1897 3175 1938 suo

611 1979 846 2056 palam
880 1979 1252 2060 predicare
1287 2003 1369 2046 ac
1420 1984 1823 2049 celsitudini
1873 1987 2083 2049 etiam
2134 1996 2298 2048 tuae
2345 2007 2476 2067 per
2526 1986 2867 2068 epistolas
2914 1993 2987 2046 et
3035 1983 3182 2048 alia

609 2084 875 2166 scripta
906 2107 1034 2151 sua
1067 2087 1340 2152 nefaria
1385 2091 1790 2173 significare
1842 2114 1981 2156 non
2032 2101 2339 2173 veretur,
2389 2092 2701 2174 quinimo
2736 2091 3055 2156 inaudito
3104 2100 3185 2154 et

609 2191 956 2257 effrenato
990 2197 1296 2277 quodam
1333 2196 1576 2262 furore
1609 2200 1895 2283 satagit,
1945 2210 2021 2262 ut
2054 2220 2283 2282 neque
2314 2211 2559 2264 nostro
2590 2210 2662 2262 et
2690 2200 2899 2263 huius
2926 2207 3181 2262 sancte

609 2299 800 2362 sedis
850 2303 1090 2365 decori
1141 2305 1521 2368 conveniat
1564 2327 1720 2370 eam
1769 2307 1996 2389 magis
2028 2328 2357 2390 arguere,
2406 2308 2673 2390 quippe
2721 2326 2905 2388 quae
2954 2327 2996 2368 a
3042 2327 3179 2368 suo

609 2405 830 2486 ipsius
861 2419 1154 2472 auctore
1189 2412 1360 2474 satis
1409 2413 1638 2476 indies
1687 2435 1831 2481 non
1866 2417 2091 2478 solum
2142 2414 2632 2497 impurissimis
2680 2423 2755 2478 et
2800 2413 3181 2494 sacrilegis

607 2513 886 2594 verbiS,
953 2518 1079 2580 sed
1151 2517 1382 2600 impiis
1449 2520 1664 2584 etiam
1721 2522 2061 2604 operibus
2108 2523 2469 2605 detegitur
2515 2544 2597 2584 ac
2646 2520 3176 2584 manifestatur:

609 2619 810 2700 Quae
880 2643 1036 2686 cum
1103 2623 1323 2706 ipsius
1391 2628 1602 2690 etiam
1649 2629 2046 2710 Maiestatis
2102 2631 2298 2694 Tuae
2364 2637 2625 2692 statum
2690 2638 2763 2692 et
2828 2631 3179 2691 honorem

608 2729 1050 2808 apertissime
1102 2741 1420 2816 tangant,
1471 2735 1899 2818 minimeque
1948 2737 2415 2801 dubitandum
2463 2736 2571 2818 sit,
2622 2736 2788 2816 quin
2822 2735 3179 2800 celsitudo

608 2842 728 2898 tua
791 2838 1104 2921 noverit,
1173 2861 1356 2923 quae
1416 2863 1588 2907 suae
1645 2843 1788 2909 sint
1849 2854 2091 2927 partes
2110 2894 2127 2925 ,
2186 2855 2261 2907 ut
2308 2844 2532 2927 pestis
2580 2843 2717 2907 ista
2762 2843 2833 2906 in
2880 2842 3177 2923 Imperii

605 2942 710 3005 sui
757 2943 1014 3009 finibus
1049 2958 1324 3031 exorta,
1366 2950 1778 3033 priusquam
1820 2954 2088 3016 maiora
2130 2952 2470 3035 suscipiat
2513 2953 2970 3030 incrementa,
3016 2950 3174 3031 plu-

606 3071 860 3133 resque
896 3052 1153 3119 Christi
1183 3056 1432 3121 fideles
1475 3060 1867 3140 pernitiosa
1898 3060 2047 3123 eius
2076 3064 2245 3123 tabe
2293 3059 2715 3138 inficiantur,
2762 3067 3177 3140 opportune

607 3160 934 3240 tollatur,
997 3184 1080 3226 ac
1145 3166 1432 3245 penitus
1479 3167 1973 3249 extinguatur:
2072 3168 2257 3249 Quia
2310 3187 2539 3249 nuper
2596 3177 2835 3229 tamen
2896 3166 2987 3228 ad
3035 3185 3176 3229 nos

603 3268 933 3347 pervenit
983 3271 1286 3352 epistola
1333 3275 1684 3354 quaedam
1733 3274 1800 3337 in
1833 3275 2195 3357 publicum
2246 3274 2439 3337 edita
2486 3284 2559 3336 et
2605 3273 2975 3354 impressa,
3024 3292 3175 3353 qua

607 3374 835 3436 dictus
883 3376 1229 3441 Martinus
1279 3382 1411 3443 sub
1461 3392 1831 3445 mansueta
1879 3403 2013 3446 ove
2064 3384 2306 3464 lupum
2339 3381 2874 3464 rapacissimum
2918 3400 3175 3461 agens,

606 3491 676 3542 et
703 3480 1012 3546 Luciferi
1061 3488 1468 3567 superbiam
1517 3489 1845 3553 simulata
1876 3493 2255 3553 verborum
2284 3489 2677 3552 humilitate
2710 3489 3170 3567 adumbrans,

603 3588 960 3670 Majestati
991 3592 1187 3656 Tuae
1235 3598 1534 3659 subdole
1585 3618 1664 3661 se
1710 3597 2067 3661 insinuare
2102 3608 2429 3671 conatur;
2480 3618 2562 3658 ac
2598 3597 2663 3658 ei
2704 3595 3167 3677 persuadere,

601 3698 788 3777 quod
841 3697 1102 3761 invitus
1151 3701 1220 3764 in
1269 3705 1632 3784 publicum
1678 3706 1896 3784 venit,
1962 3726 2043 3769 ac
2094 3706 2389 3769 aliorum
2440 3704 2510 3765 vi
2560 3716 2632 3767 et
2678 3702 2951 3765 insidiis
3006 3721 3165 3785 pro·

602 3803 788 3867 ditus
838 3806 1140 3888 scripsit,
1192 3810 1525 3891 quicquid
1577 3812 1881 3894 scripsit,
1930 3823 2002 3875 et
2031 3813 2311 3875 demum
2342 3819 2640 3892 propter
2674 3809 3166 3892 evangelicam

601 3911 1002 3993 veritatem,
1074 3937 1282 3998 quam
1361 3920 1706 3982 adversus
1767 3920 2299 4001 superstitiosas
2355 3921 2705 3981 humanae
2762 3916 3167 3980 traditionis

601 4019 974 4098 opiniones
1023 4026 1366 4106 evulgare
1416 4048 1490 4089 se
1539 4027 1790 4107 iactat,
1857 4028 2033 4109 iras,
2106 4026 2606 4104 contumeliaS,
2674 4024 3027 4107 pericula,
3092 4036 3169 4087 et

601 4126 940 4209 quicquid
989 4132 1153 4195 mali
1203 4134 1596 4215 excogitari
1647 4144 1921 4215 potest,
1982 4136 2134 4199 sine
2196 4134 2337 4197 fine
2396 4134 2695 4215 patitur,
2754 4154 2835 4195 ac
2898 4133 3168 4195 frustra

600 4233 879 4297 veniam
930 4238 1130 4319 petit,
1177 4238 1440 4303 frustra
1478 4241 1831 4305 silentium
1884 4242 2115 4321 offert,
2165 4241 2429 4303 frustra
2469 4240 2667 4323 pacis
2718 4238 3166 4305 conditiones

603 4344 972 4423 proponit,
1020 4344 1283 4409 frustra
1333 4348 1596 4412 erudiri
1643 4349 1943 4411 meliora
1988 4351 2333 4430 postulat,
2385 4358 2456 4410 et
2504 4368 2661 4409 cum
2710 4346 2975 4409 frustra
3023 4365 3165 4409 om·

600 4446 716 4509 nia
765 4450 1088 4533 tentarit,
1156 4454 1225 4515 in
1297 4474 1454 4517 eum
1521 4472 1756 4518 tamen
1822 4456 1893 4518 id
1959 4465 2283 4537 paratur,
2354 4466 2429 4517 ut
2494 4454 2957 4535 extinguatur
3005 4474 3163 4516 cum

599 4554 929 4619 universo
981 4560 1396 4641 Evangelio,
1445 4584 1526 4627 ac
1577 4574 1985 4645 propterea,
2036 4574 2111 4626 ut
2159 4585 2235 4626 se
2270 4565 2497 4625 Beato
2530 4560 2927 4625 Athanasio
2978 4582 3159 4623 corn-

599 4673 838 4742 paret,
903 4666 1350 4747 Imperialem
1409 4670 1857 4751 Majestatem
1915 4670 2235 4735 invocat:
2342 4670 2525 4751 Quia
2581 4672 2761 4732 haec
2811 4680 2881 4732 et
2930 4669 3162 4731 huius-

639 4834 686 4900 ¹)
747 4842 893 4889 Haec
945 4846 1171 4907 epistola
1221 4864 1326 4896 non
1381 4850 1478 4897 fuit
1527 4850 1651 4898 data
1689 4852 1901 4899 Caesari
1952 4852 2045 4899 sed
2098 4860 2298 4899 tantum
2340 4851 2497 4897 missa
2538 4850 2748 4897 Nuncio
2788 4848 3065 4897 Alcandro
3105 4858 3165 4897 ut

737 4926 936 4973 eruitur
973 4942 1036 4975 ex
1073 4928 1224 4993 epist.
1269 4930 1623 4980 vicecancell.
1664 4932 1730 4979 ad
1770 4931 2103 4981 Aleandtum
2144 4932 2229 4980 die
2268 4940 2457 4979 octava
2496 4930 2673 4978 Martii
2715 4932 2939 4981 Ducum.
2980 4929 3061 4989 38.
