3575 5775
1685 550 1913 605 0-‘38
1992 546 2107 599 ΕΗ)

1866 804 1927 869 4.

970 928 1362 1009 Instructio
1418 950 1542 1029 pro
1599 928 1897 1008 Domino
1953 927 2385 1023 Hieronymo
2442 924 2817 1004 Aleandro.

1535 1067 1706 1136 (Aeta
1742 1066 2016 1125 woman.
2053 1063 2143 1122 fol.
2180 1062 2249 1131 ¹7.)

789 1186 1027 1249 Primo
1079 1185 1471 1248 advertatis
1506 1207 1594 1248 ne
1629 1185 1813 1248 inter
1847 1206 1977 1247 vos
2008 1195 2079 1247 et
2114 1183 2473 1247 dominum
2504 1182 2851 1263 Joannem
2883 1182 3177 1245 Echium

611 1292 976 1356 exoriatur
1025 1292 1265 1373 aliqua
1313 1292 1703 1373 discordia,
1768 1313 1908 1373 qua
1956 1294 2091 1354 hoc
2141 1301 2459 1352 sanctum
2510 1309 2687 1369 opus
2736 1288 2939 1351 vobis
2992 1310 3177 1351 com·

611 1401 895 1462 missum
945 1402 1434 1482 perturbetur,
1502 1408 1623 1461 aut
1672 1400 1911 1480 aliquo
1963 1400 2171 1460 modo
2228 1396 2695 1477 impediatur:
2764 1416 2922 1458 cum
2980 1418 3174 1459 sanc-

611 1506 879 1570 tissima
927 1507 1274 1569 charitate
1323 1526 1406 1568 ac
1454 1494 1957 1568 benevolentia
2006 1504 2242 1567 omnia
2292 1502 2817 1565 accuratissime
2866 1512 3173 1584 pertrac-

608 1614 877 1677 tabitis:
972 1614 1150 1676 Nam
1204 1611 1358 1675 Sum-‘¹
1415 1614 1500 1677 D.
1565 1611 1651 1675 N.
1715 1622 2089 1694 utrumque
2155 1610 2547 1691 aequaliter
2610 1610 2869 1691 diligit,
2940 1620 3011 1673 et
3070 1632 3170 1672 re-

609 1741 982 1784 munerare
1029 1728 1322 1802 paratus
1372 1728 1499 1783 est.

789 1842 1124 1907 Secundo
1174 1865 1466 1907 necesse
1517 1854 1644 1922 est,
1707 1854 1784 1906 ut
1830 1844 2156 1907 habeatis
2204 1844 2484 1907 Bullam
2532 1843 2606 1906 in
2654 1863 2793 1925 qua
2841 1844 3176 1905 creemini

611 1952 1201 2015 Prothonotarius
1249 1952 1552 2014 Nuntius
1621 1951 2055 2033 apostolicus
2124 1962 2194 2013 et
2259 1950 2589 2033 specialis
2646 1950 3017 2033 inquisitor
3082 1954 3175 2014 ad

609 2060 1135 2141 reprimendum
1165 2059 1549 2122 Martinum
1591 2080 1672 2121 ac
1715 2058 1863 2140 ejus
1897 2079 2239 2140 sequaces
2266 2078 2423 2121 cum
2458 2068 2813 2139 potestate
2846 2058 3178 2121 inventos

609 2166 1023 2247 culpabileS,
1074 2176 1197 2229 aut
1246 2188 1526 2228 errores
1574 2167 1644 2228 in
1695 2167 1892 2228 bulla
1939 2166 2314 2228 damnatos
2362 2167 2717 2248 quomodo
2752 2166 2925 2228 libet
2972 2188 3172 2247 prae-

610 2272 930 2335 dicantes
997 2283 1400 2336 asserentes
1464 2294 1587 2334 seu
1657 2271 2129 2335 defendentes
2192 2294 2315 2335 seu
2380 2274 2823 2355 disputantes
2889 2274 3176 2355 publice

609 2382 724 2443 vel
787 2383 1097 2453 occulte,
1179 2380 1627 2457 carcerandi,
1720 2379 2061 2461 puniendi
2128 2380 2339 2441 etiam
2401 2380 2647 2442 ultimo
2707 2378 3054 2462 supplicio
3108 2390 3178 2441 et

608 2486 938 2548 tradendi
970 2485 1227 2549 Curiae
1278 2487 1646 2568 saeculari,
1697 2507 1780 2549 ac
1828 2485 2210 2549 invocandi
2251 2487 2618 2549 brachium
2652 2487 2803 2549 sive
2836 2487 3175 2549 auxilium

608 2594 982 2676 cujuslibet
1030 2594 1382 2676 Principis
1446 2596 1559 2655 vel
1625 2593 1887 2656 domini
1954 2603 2097 2655 tarn
2161 2594 2626 2657 ecclesiastici
2676 2615 2886 2675 quam
2935 2616 3173 2657 saecu-

609 2701 804 2781 lariS,
868 2710 940 2763 et
997 2721 1156 2765 cum
1203 2700 1542 2764 facultate
1594 2698 2009 2763 declarandi
2058 2720 2181 2762 eos
2230 2700 2564 2764 incidisse
2612 2702 2682 2764 in
2734 2703 3042 2782 Bullam,
3107 2713 3178 2764 et

609 2810 786 2870 haec
834 2807 1070 2871 omnia
1118 2817 1282 2891 post
1329 2808 1886 2891 publicationem
1934 2808 2175 2870 bullae
2225 2816 2295 2870 et
2344 2810 2619 2891 lapsum
2666 2808 2947 2872 termini
2988 2809 3060 2871 in
3092 2832 3177 2871 ea

607 2913 944 2979 contenti.

786 3044 1049 3126 Terti0,
1099 3044 1263 3128 quia
1313 3043 1688 3125 negocium
1735 3045 2137 3126 hujusmodi
2170 3053 2278 3108 est
2309 3043 2586 3127 grande
2622 3053 2691 3104 et
2720 3043 3175 3122 laboriosum,

608 3162 678 3214 et
726 3153 945 3215 multa
989 3151 1408 3214 incumbunt
1438 3151 1506 3213 in
1544 3150 1845 3214 diversis
1880 3153 2055 3215 locis
2088 3151 2525 3234 peragenda,
2568 3171 2863 3213 necesse
2896 3150 3176 3213 videtur

607 3272 683 3321 ut
731 3258 1140 3340 partiamini
1187 3261 1278 3320 ad
1327 3259 1632 3321 invicem
1681 3260 1967 3321 labores
2016 3268 2327 3320 vestros:
2410 3258 2561 3320 Vos
2609 3257 2827 3340 igitur
2874 3257 3175 3319 Domine

607 3365 878 3428 Hieron
885 3385 1047 3446 yme
1093 3364 1286 3427 ibitis
1334 3365 1426 3427 ad
1477 3364 1757 3428 Curiam
1796 3363 2121 3427 Caesaris
2151 3376 2347 3427 recto
2380 3365 2681 3443 tramite,
2733 3375 2803 3426 et
2833 3363 2930 3426 ibi
2974 3385 3172 3446 prae-

608 3471 980 3535 sentabitis
1039 3473 1307 3534 bullam
1378 3473 1820 3553 plumbatam
1885 3473 2034 3552 ejus
2082 3473 2233 3552 Mti,
2284 3471 2817 3554 suadebitisque
2889 3485 2989 3534 ut·
3032 3483 3171 3536 tam

608 3577 1040 3660 pernitiosae
1101 3578 1288 3660 pesti
1346 3578 1641 3641 obviare
1689 3579 1864 3642 velit
1912 3579 2334 3660 praesertim
2381 3580 2449 3642 in
2496 3578 2698 3642 initio
2748 3601 2918 3642 suae
2963 3580 3173 3642 advo·

609 3685 907 3748 cationis
957 3695 1026 3747 et
1075 3697 1450 3766 susceptae
1500 3685 1936 3749 defensionis
1984 3707 2116 3768 pro
2179 3696 2424 3750 sancta
2471 3687 2807 3750 Romana
2854 3687 3175 3750 Ecclesia

607 3813 747 3875 quo
799 3790 970 3854 nihil
1020 3792 1400 3874 gloriosius
1447 3805 1692 3875 posset
1727 3793 1989 3872 facere,
2041 3795 2485 3857 ostendendo
2518 3793 2631 3856 Μῑἰ
2669 3815 2837 3856 suae
2870 3795 3175 3876 qualiter

608 3899 764 3962 S¹m²⁸
817 3901 901 3963 D.
953 3899 1037 3962 N.
1091 3910 1163 3962 et
1210 3901 1418 3962 sedes
1467 3901 1891 3981 Apostolica
1939 3922 2084 3964 non
2132 3902 2222 3963 ad
2272 3901 2625 3964 fovendas
2679 3902 3173 3966 contentiones

608 4029 738 4071 nec
795 4009 1026 4088 rian,
1095 4009 1222 4070 sed
1270 4008 1360 4069 ad
1411 4008 1767 4070 sedandas
1819 4019 1891 4070 et
1940 4009 2463 4088 extinguendas
2512 4011 2849 4070 haereses
2898 4019 3173 4073 mature

605 4108 989 4195 processit,
1062 4126 1131 4177 et
1195 4115 1726 4178 communicatis
1782 4116 2109 4178 omnibus
2159 4115 2519 4178 erroribus
2567 4136 2693 4178 seu
2742 4117 3054 4180 articulis
3101 4118 3173 4180 in

607 4223 802 4284 bulla
863 4222 1216 4284 contentis
1281 4243 1436 4284 cum
1487 4227 1576 4284 s²²e
1625 4222 1766 4284 Ro.
1818 4221 2009 4284 Eccl.
2060 4221 2556 4286 Cardinalibus
2602 4244 2685 4285 ac
2735 4224 2970 4286 multis
3018 4225 3174 4287 aliis

608 4328 1032 4391 doctissimis
1079 4330 1250 4392 viris
1297 4330 1440 4392 Ro.
1491 4328 1744 4392 Curiae
1790 4329 1952 4392 illos
2001 4330 2399 4412 damnavit,
2461 4342 2534 4394 et
2581 4341 2967 4412 propterea
3015 4353 3171 4395 cum

606 4434 860 4498 fecerit
908 4437 1100 4515 quod
1153 4437 1258 4498 sui
1318 4436 1534 4499 officii
1585 4446 1711 4515 est,
1761 4437 1941 4517 petit
1991 4438 2358 4500 brachium
2406 4438 2769 4519 potentiae
2816 4438 2953 4499 Mtis
3002 4460 3171 4502 suae

607 4543 803 4623 cujus
851 4541 1163 4604 officium
1213 4555 1319 4606 est
1364 4543 1768 4606 haereticos
1814 4553 1982 4606 ante
2033 4545 2265 4608 omnia
2314 4545 2699 4625 extirpare,
2750 4555 2964 4626 atque
3010 4545 3171 4608 ideo

600 4649 802 4731 juxta
851 4649 1322 4730 apostolicum
1371 4650 1688 4732 gladium
1736 4660 2010 4732 portat,
2078 4663 2155 4714 ut
2202 4653 2403 4715 malis
2451 4653 2855 4715 hominibus
2912 4665 3172 4735 purget

607 4755 1002 4818 Ecclesiam
1035 4755 1172 4817 Dei
1223 4767 1294 4818 et
1341 4757 1661 4820 nitamini
1707 4758 2093 4839 impetrare
2128 4759 2398 4821 litteras
2434 4762 2523 4822 ab
2568 4761 2716 4841 ejus
2745 4760 2869 4822 M‘0
2908 4761 2999 4822 ad
3030 4781 3169 4823 om—

609 4881 736 4924 nes
799 4861 1226 4925 Germaniae
1293 4863 1662 4945 Principes
1730 4877 1873 4928 tam
1921 4869 2323 4929 saeculares
2372 4887 2582 4948 quam
2632 4868 3173 4948 ecclesiasticos.
