3575 5775
1344 558 1803 617 0-<3278>-0

299 718 552 771 venuta
600 708 696 769 dil
749 728 878 771 suo
928 706 1343 769 Mahumeth
1394 715 1468 769 et
1515 706 1632 787 gia
1682 705 1945 789 passim
1996 706 2370 787 divulgant
2417 707 2548 769 che
2598 704 2694 768 lui
2740 725 2853 766 ve-

299 814 444 877 nira
491 824 566 878 et
612 816 745 878 che
793 812 950 876 fara
999 812 1438 896 meraviglie.
1516 814 1760 885 Rev¹¹.¹‚⁰
1810 813 2079 876 Patron
2126 813 2266 875 mio
2280 861 2297 893 ,
2348 830 2425 876 se
2476 831 2614 875 non
2663 810 2858 875 fusse

295 922 646 986 destinato
695 923 787 985 ad
839 922 937 983 tal
983 920 1294 1003 impresa
1343 922 1436 983 da
1483 920 1568 983 N.
1617 918 1698 983 S1·
1767 930 1839 982 et
1886 921 2019 983 che
2068 940 2210 983 non
2259 920 2318 982 si
2364 915 2641 983 facesse
2704 938 2857 1001 pre-

296 1028 540 1091 iuditio
591 1050 667 1091 se
717 1050 860 1091 non
909 1028 980 1090 al
1025 1048 1233 1091 nome
1283 1028 1446 1106 mi0,
1493 1048 1624 1109 per
1655 1027 1793 1091 Dio
1844 1047 1985 1089 non
2036 1026 2470 1089 desiderarei
2504 1027 2686 1089 altro
2726 1028 2857 1089 che

296 1136 802 1199 raccontrarmi
849 1156 984 1197 con
1035 1146 1286 1217 questo
1335 1132 1596 1207 Satan;
1659 1134 1707 1196 il
1765 1136 1898 1197 che
1962 1155 2038 1197 se
2088 1155 2228 1197 non
2275 1136 2483 1215 potro
2533 1132 2858 1196 obtenire

293 1264 552 1325 coram,
603 1244 890 1307 subbito
941 1242 1280 1323 expedito
1333 1244 1422 1305 de
1469 1242 1607 1305 mia
1673 1242 1984 1325 impresa
2029 1262 2241 1323 spero
2292 1243 2664 1305 mostrarlo
2723 1260 2856 1303 con

293 1350 538 1429 scritti,
592 1361 662 1413 et
697 1372 834 1413 non
878 1350 1200 1432 allegaro
1250 1350 1467 1431 quelli
1517 1350 1648 1412 che
1698 1349 1795 1411 lui
1842 1350 2095 1426 resuta,
2147 1352 2328 1413 adeo
2375 1350 2589 1413 video
2638 1349 2857 1411 multa

290 1457 356 1519 in
405 1467 666 1539 questa
713 1456 955 1520 ultima
986 1478 1208 1539 opera
1256 1459 1442 1520 dove
1489 1467 1562 1519 et
1610 1457 1707 1520 lui
1755 1466 1828 1519 et
1858 1456 2014 1521 suoi
2060 1456 2352 1539 seguaci
2392 1458 2629 1519 hanno
2676 1456 2854 1517 fatto

291 1566 456 1646 ogni
507 1586 640 1629 suo
689 1566 926 1627 studio
974 1565 1265 1647 podersi
1315 1584 1714 1629 convenzer
1741 1612 1756 1645 ‚
1822 1566 1951 1627 sed
2014 1574 2089 1626 ut
2138 1564 2285 1633 dixi
2348 1585 2488 1627 non
2536 1566 2859 1646 besogna

290 1682 547 1735 metter
595 1673 666 1735 in
719 1672 1210 1735 controversia
1257 1672 1644 1736 l'auttorita
1689 1673 1807 1735 del
1858 1670 1989 1745 8¹2⁰
2038 1681 2110 1735 et
2156 1680 2304 1735 star
2366 1691 2411 1733 a
2476 1669 2735 1733 iudicio
2785 1670 2857 1731 di

291 1777 470 1858 laici,
522 1780 616 1841 de
664 1780 855 1861 quali
903 1800 1080 1842 sono
1131 1778 1326 1842 molti
1374 1779 1495 1861 gia
1541 1778 1801 1843 infetti.
1897 1780 2287 1842 Praeterea
2347 1798 2548 1841 come
2606 1787 2683 1840 et
2744 1798 2854 1839 co-

287 1906 432 1949 ram
482 1887 748 1967 quibus
793 1885 1147 1949 indicibus
1193 1906 1271 1951 se
1303 1888 1625 1949 harebbe
1673 1908 1716 1949 a
1757 1886 2079 1968 disputar
2112 1889 2385 1967 absque
2431 1863 2855 1949 auctoritate

290 1992 706 2056 Pontificis?
769 2004 841 2055 et
902 1992 998 2056 lui
1045 1992 1114 2055 in
1184 2013 1313 2056 sua
1359 1993 1879 2075 protestatione
1926 2002 2211 2057 recusat
2265 1991 2539 2074 judices
2587 1993 2852 2056 theolo-

285 2120 440 2181 ξοδ,
491 2101 986 2182 philosophOS,
1035 2100 1206 2163 iuris
1255 2101 1617 2183 utriusque
1668 2103 2051 2181 consultos,
2102 2110 2437 2182 tanquam
2486 2100 2689 2162 nauci
2736 2102 2854 2169 ho-

289 2207 514 2271 mines
565 2218 637 2271 et
683 2207 1026 2289 precipue
1071 2217 1468 2290 suspectos,

465 2312 620 2376 Sed
667 2324 746 2376 ut
791 2317 1078 2378 redeam
1129 2317 1223 2378 ad
1269 2315 1526 2379 seriem
1573 2316 1676 2379 rei
1726 2318 1793 2379 el
1856 2314 2261 2379 cancellieri
2335 2315 2523 2378 disse
2590 2316 2722 2379 che
2780 2335 2856 2377 se

287 2420 592 2484 mettera
641 2423 786 2484 bon
833 2423 1104 2487 ordine.
1189 2423 1319 2486 Poi
1351 2423 1638 2506 pransai
1686 2444 1823 2486 con
1872 2444 2095 2487 mons„
2145 2425 2233 2485 de
2276 2421 2617 2486 Chievres
2664 2423 2855 2505 apud

288 2530 708 2611 episcopum
755 2528 1094 2593 Leodien.
1147 2531 1268 2593 ubi
1317 2531 1617 2594 aderant
1665 2530 1864 2593 multi
1908 2529 2288 2616 {principes
2355 2540 2425 2593 et
2481 2529 2854 2611 presertim

291 2635 772 2699 nobilissimus
821 2636 942 2700 ille
975 2638 1142 2700 Dux
1175 2636 1580 2702 Fridericus
1627 2637 1852 2701 frater
1901 2638 2191 2701 Comitis
2238 2636 2581 2715 Palatini,
2630 2648 2701 2700 et
2755 2638 2853 2699 in-

285 2754 392 2806 ter
439 2744 948 2825 prandendum
998 2755 1069 2807 et
1114 2754 1278 2825 post
1328 2744 1727 2827 depositam
1775 2765 2091 2808 mensam
2152 2745 2229 2807 fu
2294 2746 2512 2807 molto
2562 2754 2853 2807 trattato

287 2851 355 2914 di
401 2859 666 2933 questa
713 2870 902 2931 cosa,
953 2861 1024 2914 et
1072 2871 1284 2934 spero
1335 2854 1468 2915 che
1516 2860 1699 2916 tutto
1747 2851 1807 2916 si
1854 2851 2147 2935 portera
2195 2854 2370 2932 ben,
2421 2852 2535 2916 del
2586 2854 2717 2916 che
2766 2872 2853 2916 ne

287 2959 460 3022 dato
511 2958 764 3021 adviso
815 2979 857 3020 a
903 2959 993 3021 V.
1051 2957 1117 3022 S.
1167 2959 1412 3032 Rev¹¹.¹‚²
1457 2960 1771 3023 secundo
1824 2961 1889 3022 el
1938 2979 2269 3022 successo
2316 2961 2433 3022 del
2480 2969 2720 3042 tempo
2784 2971 2855 3021 et

287 3068 472 3129 delle
528 3085 716 3129 cose.
813 3065 914 3128 Le
963 3065 1077 3130 cui
1121 3087 1329 3131 sacre
1375 3067 1564 3131 mani
1612 3070 1810 3131 baso,

461 3188 916 3254 Wormatiae
963 3191 1080 3254 die
1134 3239 1150 3254 .
1199 3239 1216 3254 .
1267 3239 1282 3254 .

1527 3601 1626 3668 12.

1047 3708 1406 3789 Aloander
1461 3709 2087 3791 Vioeoanoenasio.

1005 3837 1350 3909 (Ructat.
1389 3839 1698 3898 German.
1734 3837 1799 3898 Ῑι.
1837 3839 1957 3898 iol.
1990 3839 2143 3912 20¹7.)

1145 3941 1388 4000 (Cireiter
1431 3953 1509 4004 14.
1551 3944 1767 4007 Januar.
1818 3943 1986 4005 1428.t

466 4047 546 4110 In
597 4048 640 4110 1’
669 4049 852 4110 altra
899 4047 1040 4112 mio
1091 4050 1181 4111 ho
1231 4047 1476 4112 scritto
1527 4050 1618 4111 de
1667 4051 1914 4130 rebuS,
1983 4050 2053 4113 in
2103 4061 2355 4132 questa
2401 4051 2715 4114 scrivere
2764 4053 2855 4112 de

291 4155 636 4235 personis,

468 4261 735 4325 Caesar
780 4264 875 4324 ha
921 4262 971 4324 il
1018 4263 1321 4344 meglior
1367 4263 1624 4342 anim0‚
1676 4264 1809 4325 che
1858 4265 2069 4327 homo
2116 4285 2449 4327 nascesse
2498 4263 2617 4347 gia
2666 4265 2855 4328 mille

293 4368 476 4449 anni,
523 4379 598 4431 et
638 4389 715 4431 se
763 4369 860 4432 lui
909 4389 1052 4432 non
1099 4368 1292 4432 fusse
1341 4371 1506 4448 tale,
1555 4378 1752 4432 certo
1802 4371 1869 4432 le
1918 4369 2084 4434 cose
2130 4381 2373 4434 nostre
2422 4391 2553 4454 per
2596 4370 2853 4454 privati

294 4475 516 4537 affetti
563 4478 954 4538 sarebbero
1003 4478 1222 4538 molto
1273 4476 1620 4540 intricate.

469 4582 549 4644 El
585 4581 972 4646 Confessor
1021 4603 1152 4665 per
1199 4585 1266 4646 le
1313 4584 1704 4666 gentilezze
1753 4586 1885 4648 che
1934 4586 1982 4648 li
2031 4586 2157 4650 uso
2190 4585 2274 4648 N.
2312 4587 2417 4647 δη
2470 4596 2581 4650 aet
2622 4586 2855 4650 factus

297 4690 508 4750 multo
557 4688 850 4770 aequior
896 4690 1036 4754 6116
1083 4709 1250 4753 cose
1301 4689 1373 4752 di
1417 4691 1656 4754 Roma
1704 4693 1837 4754 che
1886 4693 1933 4754 il
1982 4711 2391 4775 cognoscea
2431 4714 2560 4778 per
2592 4695 2853 4775 avanti,

297 4795 470 4875 pero
516 4794 590 4858 fa
638 4799 877 4859 buono
927 4795 1190 4876 offici0‚
1235 4807 1311 4859 et
1358 4799 1500 4860 ben
1550 4796 1608 4860 si
1655 4799 1841 4862 vede
1888 4801 2019 4862 che
2068 4799 2110 4862 e
2158 4803 2395 4864 buono
2430 4821 2712 4884 sempre
2742 4801 2856 4864 far

295 4903 432 4966 ben
479 4904 574 4964 ad
619 4902 807 4967 altri..
