3575 5775
1689 534 2187 602 &saue-<i

1870 838 2015 903 151.

703 944 1077 1031 Capitulum
1143 948 1484 1015 continens
1533 966 1642 1031 ea,
1707 969 1877 1036 quae
1925 970 2043 1037 per
2090 952 2400 1019 Senatum
2450 952 2721 1038 Imperii
2780 954 2849 1021 in
2896 954 3179 1021 materia

700 1070 1018 1120 novarum
1067 1055 1523 1124 Doctrinarum
1575 1062 1732 1125 sunt
1778 1058 2111 1141 conclusa,
2158 1063 2235 1127 ut
2281 1062 2356 1127 ut
2402 1059 2471 1127 in
2518 1078 2785 1129 recessu
2817 1062 3178 1129 vernacula

699 1158 929 1245 lingua
975 1166 1077 1229 est
1117 1161 1558 1245 inserendum,
1609 1168 1938 1249 quatenus
1968 1166 2226 1234 ratione
2258 1164 2657 1233 universalis
2690 1167 2981 1250 concilii,
3028 1187 3177 1237 cum

700 1266 1118 1335 sanctissimi
1181 1268 1436 1336 Domini
1497 1270 1848 1339 Clementis
1894 1271 2028 1339 VII.
2089 1272 2305 1357 Papae
2362 1274 2605 1358 Legato
2666 1274 2733 1341 in
2796 1276 2966 1343 hanc
3026 1293 3177 1343 sen-

1444 1380 1721 1447 tentiam
1773 1384 2166 1449 conventum
2213 1380 2438 1449 fuerit.

1343 1511 1544 1581 (Acta
1589 1510 2154 1570 wormatiensis
2207 1511 2327 1570 fol.
2378 1512 2537 1583 219.)

1599 1628 1813 1698 (Mense
1850 1632 2060 1697 Aprilis
2104 1632 2280 1695 1524.)

837 1808 853 1825 .
882 1809 897 1824 .
932 1811 945 1825 .
979 1810 994 1825 .
1028 1761 1255 1844 Quam
1290 1763 1580 1847 insuper
1608 1764 1894 1847 prefata
1926 1775 2171 1831 nostra
2196 1765 2568 1829 instructio
2601 1766 2861 1846 Joanni
2894 1766 3223 1831 Hannart

659 1867 946 1932 Oratori
993 1880 1234 1934 nostro
1283 1872 1375 1934 ad
1422 1874 1604 1935 hanc
1654 1873 2105 1955 Imperialem
2136 1872 2467 1937 Diaetam
2516 1873 2685 1936 data
2732 1873 2917 1936 inter
2964 1873 3106 1937 alia
3152 1874 3220 1938 in

656 1995 733 2037 se
783 1977 1300 2059 complectitur:
1353 1978 1501 2042 Nos
1549 1998 1678 2061 spe
1727 1983 1920 2043 bona
1970 1980 2225 2043 ductos
2271 1980 2392 2062 qui
2427 1977 2631 2043 Sacri
2663 1980 2949 2062 Imperii
2998 1990 3223 2043 status

657 2091 1016 2164 tamquam
1063 2095 1356 2149 sanctae
1403 2084 1572 2149 fidei
1622 2086 2065 2167 defensoreS,
2114 2095 2187 2149 et
2232 2095 2681 2169 protectores
2726 2088 3065 2151 mandato
3106 2109 3220 2151 no·

656 2197 804 2251 stro
836 2189 924 2252 de
956 2210 1306 2255 consensu
1336 2192 1762 2273 Electorum,
1817 2193 2241 2275 Principum,
2292 2194 2803 2277 Praelatorum,
2852 2194 3221 2277 Comitum,

658 2304 730 2357 et
775 2296 1072 2361 aliorum
1121 2308 1427 2363 statuum
1457 2299 1903 2365 Wormatiae
1952 2310 2279 2366 emanato
2330 2302 2753 2365 obedienter
2800 2302 3219 2386 paruissent,

659 2412 732 2466 et
775 2403 1306 2487 satisfecissent,
1357 2429 1442 2473 ac
1487 2408 1662 2473 illud
1711 2408 1901 2472 idem
1938 2408 2567 2491 manutenuissent,
2617 2409 2709 2472 Et
2754 2430 2847 2473 ex
2896 2430 2983 2473 eo
3032 2411 3221 2491 quod

657 2511 1007 2591 promissa
1066 2512 1458 2596 adimplere
1525 2517 2041 2597 neglexerunt,
2112 2536 2255 2579 non
2318 2516 2669 2595 modicam
2729 2516 3005 2581 ratione
3054 2516 3213 2580 Rei-

656 2616 987 2701 publicae
1035 2619 1479 2685 Christianae
1528 2633 1600 2686 et
1646 2623 1862 2686 totius
1912 2622 2383 2687 Germanicae
2432 2622 2759 2703 Nationis
2806 2622 3219 2704 molestiam,

657 2734 731 2787 et
777 2725 1294 2808 displicentiam
1345 2729 1797 2813 concepisse:
1852 2750 1938 2792 ea
1984 2740 2281 2811 propter
2328 2730 2777 2811 desiderium,
2828 2742 2899 2793 et
2946 2730 3219 2813 petitio-

656 2853 817 2896 nem
887 2842 1200 2899 nostram
1267 2836 1520 2900 iterum
1593 2857 1682 2902 eo
1747 2836 2285 2917 collocavimus,
2356 2846 2434 2900 ut
2498 2836 2729 2921 quivis
2794 2836 3222 2920 Electorum,

656 2938 1097 3024 Principum,
1151 2943 1675 3025 praelatorum,
1725 2943 2109 3026 Comitum,
2158 2954 2231 3007 et
2277 2941 2635 3026 Statuum,
2685 2963 2819 3026 per
2866 2966 2942 3007 se
2992 2944 3221 3028 ipsum

658 3057 730 3111 et
794 3050 986 3130 apud
1052 3049 1377 3116 subditos
1423 3072 1588 3115 suos
1635 3061 1953 3132 curaret,
2026 3061 2099 3114 et
2146 3049 2501 3132 efficeret,
2572 3053 2765 3133 quod
2828 3051 3221 3134 hujusmodi

656 3166 898 3220 nostro
968 3159 1304 3222 mandato
1353 3158 1866 3222 Wormatiensi
1926 3157 2269 3240 deinceps
2334 3160 2566 3222 adhuc
2615 3157 3037 3222 obedienter
3100 3162 3219 3223 ob-

657 3273 1204 3347 temperaretur,
1253 3266 1452 3330 cuius
1501 3265 1953 3329 occasionem
1998 3265 2090 3329 ad
2137 3264 2537 3347 hujusmodi
2584 3273 2897 3328 nostram
2944 3265 3221 3348 petitio·

658 3392 838 3451 nem,
889 3382 961 3435 et
1005 3372 1466 3454 desiderium,
1515 3371 1736 3437 nostri
1785 3381 1857 3436 et
1904 3371 2087 3435 sacri
2133 3372 2448 3435 Romani
2496 3371 2786 3455 Imperii
2833 3371 3221 3454 Electore5‚

657 3479 1051 3564 Principes,
1102 3480 1438 3561 Praelati‚
1487 3479 1820 3561 ComiteS,
1870 3489 1942 3542 et
1990 3499 2397 3544 communes
2444 3488 2669 3543 status
2717 3478 2903 3543 inter
2950 3501 3027 3544 se
3061 3499 3217 3551 con-

657 3587 1060 3667 cordarunt,
1109 3596 1183 3650 et
1229 3589 1729 3650 concluserunt
1776 3608 1855 3650 se
1903 3588 2089 3650 velle
2137 3586 2329 3649 dicto
2377 3595 2621 3649 nostro
2672 3587 3005 3649 mandato
3055 3587 3221 3648 obe-

658 3695 936 3760 dienter
1006 3695 1622 3778 (quemadmodum
1689 3703 1762 3758 et
1823 3696 1916 3756 ad
1962 3693 2035 3756 id
2100 3715 2178 3758 se
2228 3693 2585 3775 obligatos
2652 3713 2811 3757 esse
2876 3710 3221 3775 recogno-

655 3803 888 3886 scunt)
935 3823 1069 3886 pro
1116 3801 1301 3874 virili
1348 3823 1510 3882 sua,
1585 3812 1656 3865 et
1701 3802 1776 3864 in
1821 3810 2161 3882 quantum
2208 3799 2553 3882 possibile
2600 3800 2719 3878 sit,
2789 3818 3077 3881 parere,
3150 3807 3222 3861 et

652 3911 826 3973 illud
876 3910 1271 3993 adimplere
1320 3919 1391 3974 et
1439 3913 1847 3973 observare.
1948 3907 2059 3970 Ac
2108 3927 2247 3989 quo
2298 3907 2615 3989 quelibet
2661 3913 2983 3988 potestas
3028 3905 3222 3989 apud

653 4016 1217 4101 Typographos,
1267 4038 1396 4081 seu
1439 4017 1946 4097 impressorum
1990 4014 2306 4094 institaS,
2356 4023 2429 4077 et
2475 4013 2651 4078 alias
2699 4013 3015 4094 undique
3061 4032 3221 4094 pro·

654 4123 908 4207 spiciat
955 4125 1384 4206 necessariO,
1433 4133 1507 4188 et
1551 4123 1952 4207 provideat,
2002 4131 2079 4183 ut
2126 4120 2468 4203 deinceps
2514 4119 2770 4184 famosi
2801 4119 3047 4200 libelli,
3096 4137 3219 4182 seu

653 4231 1038 4295 iniuriosae
1101 4232 1534 4313 scripturae,
1607 4239 1680 4294 et
1738 4229 2061 4311 picturae
2121 4227 2193 4290 in
2241 4226 2553 4290 futurum
2615 4227 2687 4290 in
2748 4235 2975 4292 totum
3034 4245 3221 4289 amo·

655 4349 977 4419 veantur,
1036 4347 1109 4402 et
1154 4339 1450 4402 ulterius
1498 4357 1640 4400 non
1689 4335 2167 4418 divulgentur,
2216 4333 2367 4397 sive
2416 4335 2832 4414 dilatentur,
2888 4332 3222 4415 quodque

654 4446 726 4507 in
795 4455 1164 4526 posterum
1232 4445 1507 4508 ratione
1577 4442 2169 4506 bibliothecarum
2254 4439 2457 4504 iuxta
2524 4449 2845 4504 tenorem
2914 4439 3221 4522 predicti

653 4553 971 4616 mandati
1042 4552 1264 4618 nostri
1335 4554 1778 4616 observetur.
1873 4549 2141 4612 Verum
2214 4547 2272 4612 si
2338 4548 2665 4629 cuiquam
2736 4546 2974 4628 aliqua
3033 4547 3223 4610 circa

653 4659 1046 4743 praemissa
1108 4659 1530 4743 gravamina
1593 4659 1710 4722 vel
1756 4655 2266 4738 impedimenta
2313 4655 2773 4734 accederent,
2845 4653 2961 4715 vel
3008 4651 3215 4716 infer·

653 4778 920 4851 rentur,
966 4768 1026 4832 is
1077 4789 1164 4834 ea
1208 4775 1454 4832 nostro
1488 4763 2030 4829 Locumtenenti
2079 4771 2150 4827 et
2194 4760 2522 4843 regimini
2570 4759 2975 4843 significare
3022 4769 3219 4842 pote·

653 4875 778 4959 rit,
827 4875 950 4961 qui
995 4897 1039 4940 a
1085 4873 1314 4939 Nobis
1363 4871 1928 4938 commissionem
1973 4871 2273 4950 habent,
2322 4887 2455 4951 pro
2505 4877 2582 4930 ut
2606 4859 2703 4931 'et
2747 4866 2921 4950 ipsis
2968 4875 3219 4931 tenore
