3575 5775
1367 557 1863 614 0-43107&

339 724 461 787 per
505 707 575 767 la
622 705 974 768 necessita
1017 705 1206 768 della
1237 725 1426 785 cosa,
1475 705 1875 788 supplicola
1904 704 2109 768 flexis
2138 705 2441 788 genibus
2472 705 2543 767 la
2574 725 2649 766 se
2680 703 2897 786 degni

339 833 672 876 conoscer
719 834 862 876 una
907 823 1112 896 parte
1161 814 1254 877 de
1302 815 1371 876 la
1418 813 1556 876 mia
1601 811 2101 876 iustificatione
2150 821 2222 876 et
2270 812 2601 874 intendet
2636 811 2892 874 medul-

337 919 492 982 litus
551 919 602 982 il
663 928 852 984 stato
913 921 1002 983 de
1065 922 1135 982 la
1196 939 1365 983 cosa
1429 940 1630 983 come
1689 920 1746 983 ὲ.
1842 920 2033 982 Baso
2080 919 2535 983 humilmente
2582 919 2649 981 le
2698 938 2899 980 sacre

339 1027 516 1092 mani
565 1027 637 1090 di
687 1027 777 1092 V.
827 1026 902 1092 S.
951 1027 1164 1092 Rma.
1259 1025 1724 1094 Wormatiae.

1589 1189 1602 1198 a
1621 1187 1729 1200 §.³W*
1753 1187 1831 1202 fw·

1563 1367 1670 1432 38.

969 1473 1767 1555 Visseoanoellarius
1824 1474 2263 1556 Aloandro.

1201 1603 1490 1676 (Nuntiat.
1526 1603 1780 1664 German.
1816 1601 1879 1663 Σ..
1918 1601 2029 1674 83.)

1307 1703 1462 1772 (1521
1505 1733 1577 1743 —
1613 1708 1663 1756 8.
1703 1707 1925 1772 Martii.)

507 1804 602 1866 Vi
653 1804 715 1868 si
761 1805 1023 1867 manda
1070 1807 1140 1868 la
1187 1805 1399 1887 copia
1455 1805 1647 1867 della
1709 1805 2019 1888 risposta
2085 1807 2219 1870 che
2280 1805 2521 1870 fecero
2586 1805 2705 1868 alli
2771 1805 2898 1868 Le-

335 1913 478 1994 gati
561 1913 632 1974 di
699 1913 958 1975 Nostro
1024 1909 1333 1994 Signore
1400 1911 1447 1974 li
1513 1911 1830 1995 Principi
1892 1911 2195 1975 Elettori
2268 1921 2338 1974 et
2416 1913 2575 1976 altri
2643 1911 2897 1993 grandi

339 2024 520 2084 nella
569 2017 785 2083 Dieta
834 2017 1075 2081 ultima
1127 2020 1315 2081 della
1361 2017 1572 2081 felice
1623 2019 1965 2082 memoria
2013 2020 2083 2080 di
2134 2018 2662 2099 Maximiliano‚
2712 2021 2901 2083 nella

341 2129 545 2210 quale
613 2127 1037 2190 intervenne
1116 2127 1164 2189 il
1227 2125 1836 2189 Prothonothario·
1898 2126 2357 2207 Caracci010,
2432 2136 2502 2189 et
2563 2127 2632 2189 la
2694 2126 2903 2208 copia

343 2237 522 2299 della
569 2234 843 2316 replica
889 2233 948 2296 si
997 2233 1156 2297 fece
1204 2233 1276 2296 di
1325 2255 1499 2315 qua,
1563 2235 1841 2296 bench&¹
1906 2251 2039 2316 per
2103 2235 2153 2297 il
2216 2253 2386 2297 caso
2436 2235 2628 2297 della
2676 2241 2901 2296 morte

341 2344 410 2406 di
469 2363 627 2405 esso
689 2341 1182 2404 Maximiliano
1257 2361 1396 2404 non
1461 2350 1751 2422 potesse
1815 2341 2203 2422 pervenire
2265 2359 2308 2403 a
2352 2349 2594 2424 tempo
2657 2362 2700 2403 a
2757 2339 2903 2404 Sua

339 2448 641 2520 Maesta:
705 2448 764 2510 si
812 2449 1070 2510 manda
1118 2450 1435 2511 anchora
1483 2447 1690 2530 copia
1740 2449 1831 2510 de
1879 2469 1971 2510 un
2022 2451 2245 2510 breve
2294 2449 2424 2514 che
2474 2448 2526 2510 s’
2564 2467 2685 2512 era
2732 2469 2899 2530 pen·

339 2567 490 2620 sato
556 2555 677 2638 qui
743 2555 816 2617 di
883 2556 1224 2618 mandare
1287 2575 1332 2618 a
1380 2555 1642 2617 Cesare
1708 2555 1779 2617 in
1850 2553 2178 2636 resposta
2227 2556 2415 2618 della
2461 2563 2785 2637 protesta
2832 2563 2901 2618 et

340 2663 657 2726 oratione
721 2663 810 2725 de
861 2663 1150 2743 Luther,
1214 2663 1423 2744 quale
1486 2681 1629 2724 non
1680 2663 1715 2725 ὲ
1767 2681 1986 2744 parso
2038 2683 2079 2725 a
2126 2662 2391 2726 Nostro
2440 2657 2748 2744 Signore
2798 2662 2902 2726 sia

339 2771 770 2852 expediente
819 2771 1188 2834 mandarlo
1237 2770 1659 2852 perciocche
1724 2786 1867 2833 non
1928 2772 2270 2834 havendo
2331 2772 2575 2833 voluto
2640 2769 2900 2834 Cesare

335 2880 632 2962 leggere
699 2879 898 2942 detta
965 2887 1286 2959 protesta
1351 2878 1509 2942 anzi
1577 2879 1982 2942 havendola
2049 2878 2121 2941 in
2171 2877 2535 2961 presentia
2601 2875 2672 2939 di
2738 2877 2900 2942 tutti

339 2995 675 3049 strazzata
724 2986 782 3048 si
831 3006 1032 3049 come
1081 2986 1198 3048 voi
1247 2985 1552 3048 scrivete
1603 2995 1675 3049 et
1723 3006 1997 3069 appare
2048 3006 2180 3067 per
2228 3006 2388 3049 essa
2434 2987 2528 3048 da
2560 2985 2679 3049 voi
2710 3006 2894 3049 man·

339 3094 506 3157 data
565 3094 717 3176 qui,
787 3090 936 3155 Sua
999 3092 1454 3155 Beatitudine
1519 3095 2117 3175 prudentemente
2179 3094 2271 3155 ha
2332 3092 2697 3175 giudicato
2758 3113 2899 3154 non

339 3220 570 3263 essere
621 3201 713 3262 da
760 3199 966 3261 farne
1013 3199 1132 3281 pi&
1185 3200 1551 3263 mentione
1600 3222 1643 3263 a
1691 3198 1839 3263 Sua
1886 3199 2196 3280 Maesta,
2248 3200 2333 3262 ne
2384 3200 2458 3261 di
2502 3199 2811 3280 bisogno
2859 3221 2902 3262 a

339 3306 732 3371 confutarla
781 3306 1206 3387 altrimente,
1255 3306 1543 3370 bastera
1598 3308 1728 3369 che
1778 3307 1897 3370 voi
1948 3308 2331 3390 legendola
2378 3306 2545 3370 vine
2593 3307 2901 3370 serviate

337 3434 380 3477 a
427 3412 775 3477 beneficio
824 3414 1163 3495 pubblico
1211 3415 1281 3477 in
1333 3416 1572 3496 quello
1620 3415 1835 3497 parra
1884 3416 2030 3479 alla
2078 3414 2457 3497 prudentia
2486 3423 2731 3477 vostra
2778 3434 2898 3496 po-

335 3530 626 3584 tervene
675 3524 1082 3602 prevalere;
1131 3533 1316 3585 tutto
1367 3525 1402 3586 ὲ
1453 3522 1687 3585 farina
1735 3524 1854 3586 del
1890 3520 2091 3585 Santi
2134 3522 2457 3604 QuattrO.
2528 3519 2900 3603 Seguitate

335 3648 470 3709 pur
523 3630 642 3691 voi
689 3628 1092 3693 virilmente
1151 3649 1352 3692 come
1413 3629 1562 3692 fate
1625 3632 1889 3712 perche
1950 3631 2147 3693 nella
2195 3629 2529 3692 Dottrina
2586 3636 2656 3692 et
2712 3628 2897 3692 suffi-

337 3735 583 3798 tientia
631 3746 704 3798 et
751 3734 916 3799 fede
965 3746 1208 3799 vostra
1259 3756 1438 3819 gran
1499 3746 1706 3818 parte
1765 3736 2077 3799 consiste
2126 3737 2317 3799 della
2364 3747 2651 3817 sperata
2696 3734 2899 3799 vitto-

335 3840 459 3905 ria.
568 3842 674 3905 La
733 3843 1107 3924 prebenda
1167 3844 1744 3907 Monasteriense
1803 3844 1875 3905 di
1951 3844 2249 3907 Casei-ta
2304 3844 2401 3907 lui
2458 3843 2617 3906 dice
2676 3844 2899 3905 haver

336 3950 591 4013 ceduto
653 3948 772 4032 gia
833 3948 904 4013 in
953 3950 1203 4013 favore
1256 3952 1325 4014 di
1377 3951 1490 4015 chi
1537 3951 1657 4015 voi
1707 3952 2046 4025 scrivete;
2096 3954 2165 4016 la
2215 3970 2382 4014 cosa
2429 3950 2501 4015 di
2551 3950 2899 4031 Capitone

335 4076 544 4135 quem
589 4066 968 4139 tantopere
1016 4059 1267 4121 laudas
1319 4056 1438 4141 gia
1487 4059 1523 4121 ὲ
1584 4059 1656 4121 in
1721 4076 1975 4122 securo
2025 4069 2096 4121 et
2142 4058 2190 4121 il
2240 4058 2603 4121 Bonbasio
2654 4054 2897 4120 Secre-

337 4162 518 4225 tario
565 4164 682 4227 del
731 4162 937 4227 Santi
995 4165 1300 4245 Quattro
1360 4184 1450 4228 ne
1500 4166 1593 4227 ha
1643 4167 1714 4227 la
1765 4186 1934 4228 cura
1988 4175 2061 4229 et
2120 4166 2170 4227 il
2218 4174 2518 4246 patrone
2568 4184 2695 4227 suo
2744 4164 2900 4227 l’ha

336 4272 514 4331 tolta
559 4291 775 4352 sopra
823 4271 894 4333 di
943 4292 1039 4336 se.
1136 4272 1668 4335 Communicate
1719 4274 1782 4334 el
1834 4281 2017 4335 tutto
2076 4274 2187 4335 col
2234 4270 2778 4354 prothonotario
2828 4281 2900 4335 et

336 4379 662 4440 amendui
711 4378 892 4441 siate
939 4378 1109 4441 forti
1158 4381 1346 4441 nella
1395 4380 1746 4460 battaglia
1794 4388 1867 4442 et
1906 4380 2411 4460 persuadetevi
2463 4381 2595 4441 che
2643 4378 2714 4441 di
2765 4379 2893 4443 nis-

337 4502 512 4545 suna
568 4485 877 4566 impresa
933 4497 1221 4567 possete
1269 4487 1624 4568 riportare
1681 4488 1776 4549 da
1832 4484 1981 4549 Sua
2038 4486 2491 4551 Beatitudine
2552 4488 2638 4550 ne
2704 4486 2894 4548 dalla

339 4590 528 4653 Sede
571 4592 990 4673 Apostolica
1035 4594 1121 4656 ne
1157 4594 1486 4674 maggior
1525 4594 1737 4656 laude
1770 4594 1859 4656 ne
1892 4593 2011 4675 pin
2039 4593 2292 4657 maturi
2343 4603 2415 4656 et
2447 4594 2647 4657 soavi
2678 4594 2897 4673 frutti‚

339 4707 406 4757 et
453 4700 900 4762 benevalete.

513 4804 718 4886 Pisis,
767 4805 965 4869 VIII.
1017 4807 1250 4890 Martij
1301 4806 1671 4873 MDXXI.

1788 4895 1991 4961 Vester
2026 4896 2239 4969 rator,
2284 4899 2413 4947 Vice
2452 4898 2828 4951 Cancellarius.

1438 5004 1544 5015 ,ΑΑΑΑ
