3575 5775
1687 549 2182 612 ο-ᾅὶιίθῑβ-ε)

831 698 991 764 Non
1028 703 1332 765 sarebbe
1373 705 1533 781 mal,
1585 702 1743 766 anci
1773 705 1993 766 molto
2043 705 2111 766 al
2143 705 2537 786 proposit0‚
2584 706 2717 767 che
2752 704 2810 767 si
2845 705 3220 767 mandasse

652 831 742 870 un
795 812 976 872 altro
1027 810 1262 872 Breve
1311 831 1354 872 a
1397 809 1688 874 Cesare:
1740 814 1875 874 che
1922 808 2072 874 Sua
2121 809 2396 873 Santita
2446 813 2539 874 ha
2585 812 2816 874 inteso
2868 833 3063 874 esser
3110 823 3223 874 sta

652 916 772 997 qui
823 917 1294 980 determinato
1343 920 1476 980 che
1525 918 1574 979 li
1622 919 1784 980 libri
1834 919 1907 980 di
1956 917 2224 980 Luther
2286 917 2342 980 si
2393 930 2855 1000 sequestrano
2922 920 3052 980 che
3103 919 3219 978 de·

652 1045 881 1086 veano
931 1025 1165 1087 statim
1216 1043 1414 1086 esser
1459 1024 1845 1086 abrusciati
1893 1045 2023 1105 per
2072 1025 2261 1086 mille
2310 1025 2611 1105 ragioni‚
2661 1034 2733 1087 et
2780 1026 2911 1087 che
2951 1025 3227 1086 Luther

651 1130 921 1212 venghi
971 1152 1130 1212 qua,
1179 1131 1229 1194 il
1277 1132 1432 1200 che,
1482 1151 1702 1194 ancor
1751 1133 1885 1194 che
1932 1132 2017 1194 sii
2048 1143 2296 1196 contra
2346 1142 2415 1194 et
2457 1135 2747 1196 decreto
2790 1132 2977 1196 della
3010 1133 3228 1194 Bulla

653 1238 1105 1320 Apostolica,
1173 1239 1312 1300 imo
1363 1248 1613 1300 contra
1661 1238 1833 1319 ogni
1882 1239 2047 1320 lege
2096 1248 2168 1301 et
2212 1239 2443 1302 forma
2492 1238 2564 1300 di
2612 1239 2944 1321 rag-ione,
3010 1248 3082 1302 et
3130 1241 3228 1302 de

653 1346 923 1426 equita,
997 1347 1085 1406 de
1136 1348 1335 1408 voler
1385 1347 1512 1406 dar
1561 1347 2144 1425 salvoconduttO,
2216 1354 2287 1408 et
2334 1347 2695 1408 auscultat
2742 1366 2881 1408 uno
2931 1345 3227 1408 manife-

651 1454 955 1515 stissimo
1005 1451 1366 1514 haeretico
1417 1454 1870 1514 condennato
1921 1473 2049 1534 per
2084 1451 2230 1514 Sua
2265 1451 2543 1516 Santita
2595 1475 2636 1516 a
2686 1454 2795 1516 chi
2838 1463 3075 1536 spetta
3124 1457 3231 1516 tal

649 1561 932 1640 iudicio,
985 1571 1055 1622 et
1103 1561 1234 1622 che
1283 1559 1340 1620 si
1384 1559 1556 1620 dara
1605 1561 1745 1622 mal
1780 1560 2112 1640 exempio
2162 1560 2282 1622 alli
2323 1559 2725 1642 Christiani,
2776 1570 2848 1624 et
2894 1560 3014 1624 alli
3046 1561 3231 1622 infe-

653 1667 794 1730 deli
845 1687 986 1730 non
1037 1669 1264 1729 solum
1311 1667 1600 1748 repulsa
1649 1666 1720 1728 di
1769 1666 2213 1748 convertirsi,
2263 1688 2378 1730 ma
2424 1689 2691 1730 ancora
2738 1669 3073 1731 occasion
3108 1669 3231 1730 de-

653 1773 934 1836 ridendi
981 1772 1194 1835 fidem
1244 1783 1558 1836 nostram
1609 1784 1681 1836 et
1730 1774 2064 1836 movendi
2114 1795 2310 1837 arma
2358 1785 2611 1837 contra
2655 1795 2823 1854 nos,
2890 1783 3235 1857 preterea

652 1903 742 1942 ex
809 1883 944 1942 hoc
993 1880 1306 1942 adventu
1372 1880 1737 1944 imminere
1785 1881 2075 1962 aliquod
2124 1882 2517 1964 periculum
2580 1903 2815 1946 rerum
2876 1903 3235 1946 novarum

653 1999 725 2050 et
753 1990 1259 2050 tumultuorum
1288 1987 1357 2049 in
1391 1987 1803 2068 Republica
1836 1987 2239 2051 Christiana
2284 1990 2659 2070 presertim
2693 1991 2764 2052 in
2800 1989 3231 2060 Germania:

653 2106 836 2157 tutta
883 2096 1100 2172 volta,
1150 2093 1416 2176 perche
1448 2092 1593 2156 Sua
1628 2094 1905 2156 Maesta
1954 2115 2086 2176 per
2134 2098 2435 2178 qualche
2480 2097 2743 2159 motivo
2794 2097 2867 2159 di
2900 2100 3090 2160 bene
3132 2101 3235 2160 ha

655 2202 799 2265 cosi
850 2204 1093 2265 voluto
1143 2202 1332 2281 fare,
1401 2199 1546 2262 Sua
1597 2199 1873 2263 Santita
1924 2221 2136 2284 spera
2184 2204 2314 2265 che
2366 2224 2507 2266 non
2566 2203 2623 2266 si
2672 2203 2825 2266 fara
2874 2223 3041 2266 cosa
3092 2205 3233 2265 che

655 2332 795 2372 non
845 2309 930 2372 sii
979 2312 1072 2372 ad
1120 2312 1351 2372 honor
1401 2308 1468 2368 di
1501 2307 1638 2369 Dio
1691 2318 1760 2369 et
1810 2311 2001 2370 della
2048 2309 2236 2388 fede,
2286 2311 2833 2373 conservatione
2883 2311 3045 2373 dell'
3075 2321 3233 2373 aut—

655 2418 864 2480 torita
915 2415 1355 2492 Pontificale,
1407 2425 1477 2479 et
1527 2417 1899 2478 commodo
1949 2417 2137 2478 della
2184 2417 2425 2478 chiesa
2474 2417 2858 2496 catholica,
2910 2428 2982 2480 et
3030 2415 3233 2479 Sede

599 2505 606 2512 ¹
656 2524 1078 2606 Apostolica
1141 2524 1330 2585 della
1379 2524 1541 2604 qual
1593 2523 1813 2584 Cesar
1876 2523 1909 2585 ὁ
1962 2524 2350 2596 advocato;
2422 2523 2511 2584 Et
2574 2521 2721 2586 cosi
2778 2525 2845 2585 lo
2896 2525 3233 2602 exhorta,

657 2643 726 2694 et
775 2634 954 2694 altre
1017 2632 1265 2712 parole
1332 2630 1403 2692 di
1452 2630 1677 2692 simile
1729 2650 1769 2691 o
1822 2631 2123 2708 meglior
2172 2629 2555 2702 sententia:
2625 2631 2671 2692 il
2723 2633 2887 2711 qual
2935 2651 3235 2713 presen-

654 2750 956 2816 taremO,
1006 2737 1272 2818 venghi
1322 2737 1591 2799 Luther
1640 2756 1681 2798 o
1730 2757 1869 2798 non
1887 2785 1903 2816 ,
1956 2746 2026 2798 et
2076 2747 2271 2800 certo
2322 2737 2381 2798 si
2431 2737 2773 2800 mostrer31
2824 2737 3238 2800 virilmente

654 2847 698 2910 l’
726 2867 926 2911 error
974 2847 1162 2927 lor0,
1230 2856 1301 2907 et
1358 2865 1499 2908 non
1547 2843 1752 2926 potra
1816 2863 1892 2907 se
1958 2865 2097 2907 non
2150 2847 2367 2908 molto
2418 2843 2699 2928 giovar‚
2765 2854 2837 2908 et
2898 2845 3242 2929 supplico

654 2954 940 3017 omnino
990 2956 1122 3016 che
1171 2952 1229 3015 si
1276 2952 1459 3015 faeci
1506 2962 1772 3033 preste.

835 3062 926 3125 Di
993 3080 1153 3124 esso
1201 3060 1513 3123 Martino
1582 3062 1652 3122 al
1717 3069 2052 3141 presente
2121 3062 2156 3122 ὲ
2224 3060 2404 3123 fatto
2470 3061 2588 3141 qui
2651 3068 2849 3123 tanto
2919 3060 3243 3141 silentiO,

656 3190 854 3232 come
919 3191 995 3231 se
1044 3168 1184 3231 mai
1248 3189 1387 3229 non
1439 3166 1632 3229 fusse
1683 3176 1868 3229 stato
1932 3171 2001 3228 al
2050 3168 2344 3240 mond0;
2419 3170 2550 3230 che
2609 3189 2740 3249 per
2786 3168 3059 3247 avanti,
3136 3170 3243 3231 ne

655 3280 865 3354 hora,
939 3277 1024 3338 ne
1075 3285 1298 3357 punto
1347 3296 1690 3357 passava,
1763 3276 1894 3336 che
1946 3274 2259 3355 ogniuno
2310 3285 2380 3337 et
2428 3276 2713 3357 publice
2774 3284 2844 3337 et
2891 3275 3245 3356 privatim

655 3406 794 3447 non
845 3384 1164 3464 parlasse
1214 3382 1283 3443 di
1333 3383 1464 3456 lui;
1531 3385 1661 3445 che
1713 3382 1851 3443 Dio
1900 3383 2091 3443 volia
2140 3385 2270 3445 che
2321 3382 2467 3445 cosi
2516 3383 2996 3445 continuando
3045 3403 3125 3443 se
3182 3384 3243 3445 li

655 3500 872 3553 metta
919 3501 1268 3572 perpetuo
1319 3490 1618 3553 silentio,

835 3598 914 3659 Li
975 3598 1140 3660 libri
1190 3617 1486 3678 ancora,
1561 3599 1691 3659 che
1742 3596 1970 3679 prima
2020 3597 2139 3678 qui
2190 3597 2579 3679 pioveanO,
2654 3601 2720 3660 al
2780 3606 3117 3681 presente
3170 3599 3243 3660 si

657 3726 834 3767 sono
883 3704 1194 3767 restretti
1245 3705 1647 3767 assaissimo
1699 3715 1768 3766 et
1818 3725 2030 3786 spero
2081 3705 2211 3766 cho
2273 3726 2347 3767 se
2400 3706 2551 3767 sara
2601 3707 2800 3767 levar
2848 3705 3009 3766 tutti
3056 3714 3245 3767 ante

656 3822 957 3894 quatuor
1007 3812 1189 3891 dies,
1260 3813 1522 3893 perche
1573 3815 1637 3875 el
1687 3814 2025 3875 mandato
2078 3812 2233 3873 serit
2286 3812 2541 3875 deman
2592 3810 2789 3874 finito
2844 3813 2933 3873 de
2987 3810 3241 3893 impri-

654 3941 878 3999 mere,
948 3918 1208 4005 (neque
1259 3920 1444 3981 enim
1493 3920 1724 3999 potuit
1774 3920 1979 3981 eitius
2026 3918 2180 3980 fieri
2254 3938 2383 4000 per
2431 3919 2723 3981 istorum
2774 3914 3085 4003 culpam)
3156 3930 3243 3980 et

656 4027 774 4109 poi
825 4048 900 4089 se
949 4025 1336 4108 publicare.

835 4132 1079 4215 IIoggi
1130 4134 1164 4196 ἐ
1215 4133 1476 4214 partito
1529 4132 1859 4195 l'Eraldo
1910 4155 1949 4195 a
2000 4132 2293 4213 Luther,
2354 4144 2426 4197 et
2474 4134 2773 4196 termino
2824 4134 2859 4195 e
2911 4134 3078 4195 dato
3134 4136 3239 4197 da

657 4260 850 4302 esser
913 4239 1030 4321 qui
1097 4239 1192 4302 fin
1245 4240 1456 4301 XXI.
1510 4239 1761 4321 giorno
1781 4289 1799 4319 ,
1870 4240 1955 4301 El
2006 4242 2209 4303 Duca
2258 4240 2551 4304 Saxone
2597 4245 2759 4325 {non
2826 4242 2919 4303 ha
2980 4241 3237 4303 voluto

656 4348 958 4427 sci-iver,
1033 4359 1102 4409 et
1149 4368 1280 4428 par
1330 4367 1471 4409 non
1522 4346 1604 4408 sii
1666 4347 1806 4408 ben
1858 4356 2195 4411 contento
2258 4350 2420 4411 chel
2470 4347 2767 4429 venghi,
2840 4350 2939 4411 se]
2993 4368 3135 4409 non
3194 4350 3236 4411 ὲ

659 4474 787 4534 per
834 4456 1109 4534 allegat
1165 4456 1231 4517 le
1283 4474 1407 4517 sue
1457 4454 1772 4535 ragioni,
1848 4458 2039 4535 quod
2097 4456 2169 4517 in
2218 4457 2508 4517 decreto
2557 4453 2844 4535 Imperii
2891 4455 3234 4536 prohibe-

659 4574 801 4641 tur,
874 4582 950 4623 se
999 4582 1133 4641 pur
1193 4564 1263 4624 10
1314 4581 1749 4624 servaranno
1800 4561 1891 4622 ad
1941 4582 2271 4643 unguem.
2369 4560 2707 4623 Chievres
2769 4562 2835 4623 ci
2883 4564 2974 4623 ha
3024 4564 3233 4627 detto

658 4670 788 4731 che
841 4667 1059 4730 Cesar
1125 4668 1381 4730 mando
1448 4669 1490 4731 l’
1522 4668 1702 4731 altro
1771 4666 1841 4729 di
1893 4666 1929 4729 a
1981 4667 2091 4731 dir
2156 4671 2223 4731 al
2273 4670 2475 4730 Duca
2525 4667 2817 4730 Saxone
2880 4688 3079 4748 cose,
3154 4679 3237 4732 et

659 4777 906 4854 parole
957 4777 1088 4837 che
1135 4778 1354 4837 molto
1403 4777 1710 4838 veniano
1760 4778 1828 4837 al
1877 4776 2247 4857 proposito
2288 4788 2550 4837 nostr0.
2632 4775 2828 4837 Idem
2862 4775 3029 4837 mihi
3060 4796 3232 4839 con-

660 4881 962 4945 firmavit
1011 4882 1448 4965 LeodiensiS,
1499 4882 1616 4964 qui
1666 4905 1742 4947 se
1791 4882 2197 4947 interfuisse
2248 4881 2435 4945 dicit.
