3575 5775
1655 601 2146 659 0-435188m

624 752 723 815 rei
776 752 1261 833 perpendere,
1329 752 1417 813 de
1486 771 1613 813 suo
1680 758 1750 812 et
1813 750 2041 812 tocius
2105 746 2655 811 Christianitatis
2710 746 3058 811 beneficio
3110 758 3184 809 et

627 858 867 941 quiete
894 859 1032 943 agi,
1083 858 1139 920 si
1172 856 1284 919 his
1319 856 1677 919 erroribus
1708 856 1872 919 finis
1903 856 2169 937 imponi
2201 856 2459 937 possit:
2495 856 2762 918 hortari
2796 866 3183 937 propterea

627 966 786 1029 illos
848 966 1125 1048 imperii
1189 964 1549 1047 principes
1619 974 1697 1027 ut
1758 984 1906 1027 rem
1969 963 2166 1027 cordi
2228 965 2543 1027 habeant
2598 984 2807 1045 quam
2867 962 3178 1044 alioquin

623 1072 841 1135 ceteri
889 1072 1257 1155 negligere
1310 1093 1449 1134 non
1497 1081 1868 1152 poterunt;
1932 1072 2123 1151 quod
2181 1070 2409 1151 ipsum
2458 1090 2588 1151 per
2638 1068 3010 1132 Caesarem
3069 1090 3181 1132 co·

623 1179 800 1241 mitti
850 1190 1093 1261 posset
1139 1178 1293 1243 fieri
1355 1188 1423 1241 et
1489 1178 1812 1260 partibus
1859 1176 2197 1240 Flandrie
2262 1185 2339 1239 ut
2410 1187 2482 1240 et
2543 1176 2757 1241 ilhinc
2822 1176 3188 1239 mittantur

626 1284 741 1368 qui
794 1287 949 1369 pari
998 1296 1167 1349 voto
1219 1308 1365 1348 rem
1401 1286 1757 1349 adiuvent.
1841 1285 1954 1347 Ad
1987 1286 2144 1365 hoe,
2180 1305 2398 1366 opere
2432 1285 2749 1367 precium
2801 1282 3192 1346 arbitrarer

624 1414 779 1457 esse
842 1394 1032 1474 quod
1106 1394 1460 1457 Caesarea
1522 1392 1862 1455 Maiestas
1924 1401 2164 1474 preter
2232 1392 2506 1455 litteras
2568 1393 2942 1473 generales
3007 1412 3186 1472 quas

624 1500 966 1565 emissura
1015 1511 1156 1585 est,
1222 1513 1339 1563 aut
1389 1500 1525 1562 iam
1579 1510 1982 1583 opportune
2033 1498 2280 1578 emisit,
2329 1502 2670 1581 quasdam
2719 1509 3051 1580 preterea
3115 1510 3188 1561 et

620 1609 752 1670 has
820 1606 1104 1691 quidem
1168 1608 1495 1689 proprias
1544 1617 1616 1670 et
1679 1606 2208 1670 efficacissimas
2269 1607 2616 1670 scriberet
2677 1608 2766 1669 ad
2825 1606 3188 1688 principes

621 1713 899 1797 imperii
966 1716 1429 1796 temporales,
1497 1716 1590 1777 ad
1656 1715 1980 1777 civitates
2039 1715 2206 1776 item
2256 1713 2680 1795 imperialeS,
2735 1714 3186 1777 admonendo

625 1822 948 1906 eosdem,
998 1821 1179 1885 sicut
1229 1842 1355 1887 sue
1400 1820 1764 1885 Maiestati
1814 1821 2117 1904 negocio
2167 1819 2550 1883 convenire
2598 1820 2991 1883 videretur:
3053 1822 3190 1882 hec

624 1939 857 1992 autem
923 1928 1160 1991 omnia
1237 1928 1294 1991 si
1373 1928 1684 2011 alioquin
1763 1940 2088 2010 prestare
2155 1927 2532 1990 videantur
2593 1948 2761 1990 cura
2827 1948 3046 2009 opera
3117 1940 3190 1991 et

625 2034 996 2118 diligentia
1042 2045 1281 2099 vestre
1329 2033 1787 2098 beatitudinis
1838 2034 2281 2098 conficienda
2331 2055 2487 2098 esse
2538 2055 2817 2098 censeo,

805 2140 950 2205 Sed
1048 2163 1233 2225 pene
1312 2142 1901 2224 pretermisissem
1989 2142 2180 2223 quod
2263 2140 2546 2206 minime
2635 2143 3192 2223 pretereundum

626 2247 909 2314 fuisset:
962 2249 1188 2313 videri
1236 2250 1403 2312 mihi
1454 2270 1595 2313 non
1645 2251 1773 2312 abs
1822 2271 1899 2312 re
1963 2270 2154 2330 esse,
2217 2238 2428 2313 immo
2495 2249 2803 2312 maxime
2867 2270 3194 2314 necessa-

626 2357 801 2419 rium
852 2359 1042 2449 quod
1092 2368 1331 2421 vestra
1366 2356 1771 2437 Beatitudo,
1823 2358 2228 2439 quempiam
2258 2358 2575 2439 legatum
2610 2379 2650 2420 e
2681 2358 2907 2420 latere
2938 2358 3194 2420 eodem

626 2464 855 2526 mittat
886 2464 1221 2527 idoneum
1260 2461 1695 2547 aptissimum
1727 2484 1810 2526 ac
1843 2485 2075 2527 rerum
2109 2466 2638 2527 tractandarum
2671 2463 3194 2546 peritissimum,

630 2570 741 2631 cui
814 2590 1048 2651 neque
1096 2580 1417 2651 potestas
1467 2569 1898 2652 amplissima
1960 2570 2145 2634 desit
2214 2568 2273 2632 si
2331 2569 2517 2634 forte
2571 2566 2942 2653 quidpiam
3006 2584 3196 2635 esset

631 2679 820 2759 quod
870 2673 1060 2739 illam
1130 2681 1544 2759 postularet,
1610 2698 1738 2740 nec
1790 2680 1882 2741 ab
1941 2665 2026 2740 eo
2085 2678 2429 2740 mittendo
2485 2698 2562 2741 se
2611 2678 2971 2742 contineat
3033 2679 3200 2763 quia

630 2784 747 2864 qui
798 2795 1009 2847 antea
1056 2782 1248 2847 missi
1298 2792 1458 2847 sunt
1506 2783 1810 2847 fructum
1860 2783 2116 2848 afferre
2166 2784 2616 2866 nequiverint
2681 2794 2753 2848 et
2813 2786 3042 2867 magis
3099 2789 3194 2849 lu-

630 2889 861 2953 dibrio
910 2891 1135 2954 habiti
1200 2902 1362 2954 sunt
1429 2913 1639 2973 quam
1704 2895 1895 2974 quod
1956 2895 2101 2959 ulla
2166 2893 2482 2976 ipsorum
2546 2892 2726 2956 ratio
2795 2895 3192 2957 duceretur.

630 2996 904 3061 Etenim
970 3019 1106 3081 ego
1172 2997 1593 3063 crediderim
1662 3001 1857 3081 quod
1913 3021 2055 3064 non
2127 3001 2376 3063 eadem
2448 2999 2630 3062 ratio
2693 2999 2782 3062 sit
2843 3001 3196 3081 presentis

631 3125 840 3187 quam
890 3105 1212 3187 preteriti
1263 3108 1601 3190 temporis
1632 3108 1786 3189 fuit,
1837 3108 2410 3191 quandoquidem
2459 3127 2663 3170 nemo
2698 3117 2868 3170 tunc
2913 3128 3196 3190 persua·

632 3212 781 3275 deri
860 3213 1083 3275 voluit
1148 3212 1382 3278 labem
1454 3216 1637 3278 hanc
1710 3215 1902 3297 quod
1971 3213 2142 3278 fecit
2211 3222 2467 3296 postea
2530 3213 2904 3277 incomode
2971 3213 3193 3278 fuisse

630 3319 1040 3401 parituram.
1136 3319 1291 3399 Jam
1341 3331 1574 3386 autem
1625 3343 1833 3386 nemo
1895 3343 2039 3386 non
2102 3320 2297 3385 videt
2361 3321 2616 3404 quibus
2679 3321 3200 3384 calamitatibus

634 3427 995 3490 subiectus
1048 3427 1259 3490 fuerit
1308 3438 1379 3490 et
1426 3430 1652 3512 magis
1701 3450 1860 3493 esse
1907 3430 2134 3514 possit
2181 3428 2315 3492 nisi
2359 3427 2592 3492 omnia
2625 3429 3202 3510 redintegrentur

634 3543 711 3596 ut
758 3542 1025 3609 certum
1075 3533 1165 3598 sit
1214 3517 1557 3599 rationem
1608 3536 1833 3618 ipsam
1883 3557 2025 3600 non
2075 3557 2232 3600 esse
2282 3535 2756 3599 necessariam
2805 3535 2874 3597 in
2915 3555 3199 3616 persua-

637 3639 887 3702 dendis
934 3640 1072 3703 illis
1121 3647 1297 3722 quos
1339 3641 1493 3725 ipsa
1541 3664 1775 3706 rerum
1809 3643 2254 3726 experientia
2299 3639 2470 3706 satis
2519 3663 2874 3724 superque
2939 3642 3200 3722 docuit,

635 3747 937 3831 proinde
986 3749 1297 3831 legatum
1348 3771 1487 3813 non
1536 3749 1886 3814 incassum
1937 3750 2192 3813 iturum
2241 3750 2640 3832 putaverim
2689 3749 2800 3812 cui
2851 3748 3060 3811 etiam
3112 3749 3200 3811 de

635 3855 907 3918 itineris
956 3855 1336 3919 securitate
1388 3856 1773 3921 timendum
1833 3879 1973 3920 non
2043 3858 2212 3937 erit,
2291 3876 2504 3938 quum
2575 3855 3027 3938 profecturus
3094 3867 3204 3918 est

635 3985 765 4045 per
812 3965 969 4026 loca
1016 3962 1442 4026 serenissimi
1492 3964 1836 4046 principis
1883 3986 2106 4048 usque
2153 3985 2382 4048 prope
2431 3965 2833 4047 Augustam
2879 3983 3011 4046 per
3061 3963 3200 4025 die-

637 4080 809 4146 tam,
860 4082 930 4133 et
977 4072 1163 4134 bene
1210 4071 1433 4153 possit
1483 4072 1846 4154 provideri
1893 4073 2084 4154 quod
2133 4083 2204 4136 et
2250 4071 2597 4135 tutissime
2644 4071 2749 4135 ire
2799 4080 2870 4133 et
2914 4069 3199 4133 honori-

636 4176 1086 4240 ficentissime
1130 4178 1369 4260 excipi
1402 4178 1657 4260 possit;
1710 4179 1836 4242 sed
1883 4189 2126 4261 preter
2156 4181 2471 4262 legatum
2504 4179 2858 4244 conducet
2891 4177 3198 4240 maxime

639 4286 829 4365 quod
878 4284 1259 4348 Beatitudo
1312 4285 1407 4346 'V⁸
1456 4285 1706 4350 litteris
1755 4287 1898 4348 suis
1946 4288 2267 4350 hortetur
2315 4295 2459 4350 tam
2507 4285 2868 4368 principes
2923 4284 3202 4366 imperii

644 4411 850 4473 quam
901 4392 1111 4454 etiam
1148 4392 1592 4456 comissarios
1620 4392 1904 4458 Cesaris
1951 4393 2136 4456 sicut
2177 4394 2339 4474 ipsa
2383 4394 2777 4475 prudenter
2823 4401 2894 4454 et
2943 4410 3202 4474 oppor-

640 4508 807 4562 tune
869 4499 1147 4563 noverit
1205 4521 1361 4564 esse
1426 4502 1911 4564 adhortandos
1974 4511 2117 4564 tarn
2179 4521 2311 4582 pro
2376 4500 2531 4563 zelo
2589 4497 2756 4562 fidei
2819 4497 3204 4561 christiane

641 4627 850 4688 quam
914 4607 1125 4670 etiam
1164 4616 1352 4670 statu
1402 4619 1472 4670 et
1503 4609 1771 4670 honore
1808 4607 2288 4671 ecclesiastice
2318 4606 2690 4688 dignitatis
2725 4603 3204 4668 defendendo.

818 4715 1223 4777 Proderunt
1277 4715 1415 4778 ista
1482 4713 1766 4777 comitia
1827 4725 1903 4778 ut
1966 4715 2276 4777 arbitror
2335 4714 2635 4796 primum
2698 4723 2776 4774 ut
2823 4711 3064 4794 aliqua
3113 4731 3204 4774 ex

641 4833 847 4902 parte
895 4821 1169 4884 heresis
1218 4823 1348 4885 hec
1398 4821 1717 4903 sopiatur
1764 4823 1953 4884 unde
2003 4829 2109 4884 tot
2137 4821 2388 4903 rapine
2418 4817 2857 4882 vastationes
2885 4818 3202 4881 locorum

644 4929 855 4991 cedes
887 4927 1215 4992 incendia
1261 4939 1367 4992 tot
1416 4927 1721 5012 denique
1768 4927 2042 5012 flagitia
2090 4937 2590 5010 processerunt
2647 4935 2718 4988 et
2766 4945 2978 5008 quum
3027 4927 3206 4988 ordo
