3575 5775
1731 559 2226 615 0-<31328m

695 711 908 769 horno
956 706 1025 768 in
1059 704 1465 784 Germania,
1515 705 1823 767 maxime
1874 707 2003 767 che
2052 704 2245 768 habii
2295 706 2569 787 grande
2620 705 3021 786 complicita
3062 727 3271 768 eorm³

699 815 1004 894 lIutten‚
1068 815 1130 875 el
1181 815 1345 893 qual
1396 811 1606 874 etiam
1658 812 1696 876 ὸ
1745 811 2115 874 coniurato
2180 833 2312 875 con
2372 813 2772 876 Francesco
2822 811 3275 896 Sichinghen

698 932 767 984 et
815 920 935 1002 poi
983 920 1324 1002 impugna
1370 920 1438 982 10
1488 940 1702 981 00050
1750 920 1941 982 (10110
1973 919 2234 983 Chiesa
2282 921 2445 1002 (quo
2496 919 2669 982 011111
2710 920 2983 1002 gratius
3014 921 3277 982 audire

699 1041 806 1090 est
855 1030 1043 1110 apud
1093 1025 1546 1106 Germanos);
1605 1025 1841 1108 potria
1901 1030 2042 1089 ben
2092 1027 2320 1090 anche
2372 1047 2567 1090 esser
2634 1028 2765 1091 che
2825 1029 2897 1089 10
2952 1027 3178 1090 fanno
3234 1049 3281 1088 0

696 1139 888 1198 buon
921 1133 1085 1214 fine,
1133 1154 1263 1215 per
1292 1132 1519 1196 tenire
1549 1131 1930 1214 pacificata
1957 1137 2028 1196 la
2062 1133 2469 1214 Germania,
2520 1135 2775 1197 dalche
2808 1132 2954 1197 Sua
2986 1135 3279 1198 Maesta

697 1264 837 1305 non
896 1241 1132 1324 potria
1195 1241 1426 1324 patire
1493 1261 1569 1302 se
1618 1261 1760 1303 non
1813 1241 2165 1304 disconzo.
2262 1241 2339 1304 Io
2387 1244 2527 1305 alle
2576 1244 2851 1324 parolle
2901 1243 3016 1305 del
3066 1243 3278 1305 detto

699 1349 1036 1412 Chievres
1085 1369 1224 1412 000
1272 1349 1594 1429 sapendo
1643 1348 2271 1429 particularmente
2340 1348 2508 1430 quid
2558 1350 2779 1412 vellet
2824 1348 3159 1430 innuere,
3228 1350 3279 1411 li

696 1455 972 1540 resposi
1040 1477 1204 1519 cose
1266 1455 1589 1538 generali
1649 1456 1780 1518 che
1848 1477 1959 1518 me
2010 1477 2327 1538 pareano
2376 1456 2487 1518 far
2533 1459 2601 1518 al
2650 1456 3018 1538 proposito
3036 1503 3055 1535 ,
3126 1478 3281 1518 non

695 1563 891 1646 potei
948 1564 1125 1646 perb
1173 1561 1328 1626 fare
1378 1563 1448 1624 di
1496 1584 1639 1626 non
1682 1565 2078 1645 responder
2112 1565 2623 1627 audacemente
2658 1573 2923 1645 quanto
2955 1585 2997 1626 a
3030 1566 3284 1645 quella

697 1672 948 1753 parola
1010 1675 1229 1734 vostro
1279 1671 1503 1753 Papa,
1566 1670 1698 1732 che
1761 1692 1839 1733 se
1904 1691 2121 1732 erano
2189 1670 2551 1734 christiani
2601 1671 2647 1734 il
2700 1672 2903 1752 Papa
2950 1691 3073 1734 era
3123 1675 3281 1734 cosi

695 1783 838 1842 ben
903 1798 1030 1841 suo
1094 1798 1295 1842 come
1359 1785 1604 1840 nostro
1655 1787 1727 1840 et
1774 1780 1907 1840 che
1957 1779 2435 1858 guardassero
2484 1781 2669 1842 bene
2718 1779 2787 1840 in
2838 1788 3093 1860 questa
3144 1799 3284 1840 sua

696 1887 1094 1968 grandezza
1159 1885 1233 1948 di
1294 1905 1436 1947 non
1492 1883 1730 1947 irritar
1776 1885 1917 1947 Dio
1980 1885 2101 1965 qui
2166 1885 2400 1948 aufert
2450 1883 2795 1968 Spiritum
2844 1886 3283 1967 principum,

699 2004 769 2057 et
816 2013 960 2056 non
1008 2013 1203 2056 esser
1249 1991 1300 2054 11
1348 1994 1569 2055 dever
1619 1991 2016 2054 confundet
2062 1995 2133 2054 10
2179 1992 2345 2054 fede
2396 2012 2524 2074 per
2572 1992 2834 2076 privati
2882 2000 2953 2056 et
2998 2002 3281 2074 tempo-

697 2101 830 2163 rali
878 2099 1124 2164 affetti.
1191 2099 1312 2162 Me
1363 2099 1552 2162 disse
1601 2101 1732 2162 che
1781 2120 1913 2181 per
1953 2109 2203 2180 questo
2238 2120 2379 2161 non
2410 2120 2628 2163 erano
2664 2102 2815 2163 loro
2846 2120 2975 2182 per
3008 2101 3291 2180 perdes

696 2211 766 2272 10
830 2208 996 2272 fede
1063 2207 1135 2271 di
1185 2207 1466 2270 Christo
1529 2216 1600 2270 et
1667 2209 1800 2270 che
1869 2209 2171 2270 devesse
2237 2211 2377 2270 ben
2444 2207 2801 2270 advertite
2848 2209 2989 2271 allo
3040 2209 3181 2269 che
3243 2208 3285 2270 'l

697 2336 809 2380 me
867 2315 1091 2378 dicea.
1187 2313 1380 2377 Alfin
1445 2314 1867 2377 sorridendo
1920 2315 2107 2377 disse
2156 2316 2287 2376 che
2336 2335 2685 2396 appresso
2737 2315 2807 2376 di
2856 2336 2931 2376 se
2982 2313 3075 2376 lui
3127 2335 3281 2377 non

701 2422 1060 2486 extimava
1106 2442 1276 2484 cosa
1323 2431 1524 2484 tanto
1576 2421 1866 2483 difficile
1915 2431 2172 2485 metter
2220 2422 2505 2485 silentio
2554 2425 2623 2486 al
2655 2421 2844 2484 fatto
2891 2421 2963 2484 di
2996 2421 3286 2484 Luther

697 2531 802 2594 At
861 2531 994 2592 che
1060 2527 1128 2591 io
1194 2528 1472 2610 resposi
1539 2530 1670 2590 che
1731 2548 1810 2591 se
1877 2548 2017 2591 non
2080 2548 2398 2591 usavano
2466 2529 2863 2611 dilligentia
2912 2529 2983 2591 di
3029 2531 3287 2592 buona

699 2645 928 2718 sorte,
989 2637 1498 2699 vederebbeno
1563 2635 1634 2697 di
1696 2639 1919 2698 breve
1976 2657 2069 2698 un
2121 2639 2219 2700 tal
2268 2636 2597 2700 incendio
2647 2637 2695 2700 il
2744 2638 2908 2718 qual
2958 2657 3101 2699 non
3156 2659 3283 2700 ex-

699 2744 1056 2826 tingueria
1100 2753 1298 2805 tucta
1344 2742 1386 2805 1’
1419 2763 1648 2824 acqua
1699 2745 1814 2806 del
1863 2764 1989 2806 suo
2040 2764 2233 2806 mare
2285 2745 2355 2805 di
2404 2743 2734 2808 Fiandra.

879 2851 1038 2927 Illss:e
1085 2851 1281 2934 Dne,
1350 2850 1571 2915 siamo
1619 2851 1867 2915 venuti
1924 2873 1967 2914 0
2014 2851 2179 2915 10011
2226 2852 2481 2933 tempi,
2549 2855 2681 2915 che
2730 2872 2871 2915 non
2924 2853 2980 2914 si
3028 2851 3105 2914 fa
3152 2853 3287 2934 piu

699 2970 897 3025 tanta
958 2960 1163 3025 stima
1222 2961 1309 3023 de
1358 2959 1498 3023 Dio
1565 2958 1654 3022 00
1704 2959 1822 3022 del
1870 2981 1998 3023 suo
2052 2980 2221 3023 vero
2271 2960 2559 3023 Vicario
2610 2972 2681 3023 et
2728 2960 3042 3042 ogniuno
3093 2960 3155 3022 si
3208 2960 3289 3022 fa

699 3072 768 3133 10
831 3066 1268 3132 conscientia
1328 3087 1528 3131 come
1593 3069 1754 3130 vole
1815 3076 1887 3129 et
1934 3068 2038 3129 sel
2087 3068 2353 3129 accade
2402 3069 2533 3131 che
2582 3068 2629 3129 li
2678 3069 2832 3129 loro
2882 3066 3089 3150 padri
3139 3067 3285 3149 spi·

701 3176 934 3239 rituali
983 3176 1250 3239 donino
1299 3174 1536 3237 animo
1595 3175 1728 3237 che
1775 3194 1917 3237 non
1970 3174 2232 3237 temino
2282 3179 2427 3237 cosi
2476 3174 2949 3256 rigidamente
2998 3176 3063 3236 10
3114 3195 3287 3237 000-

703 3304 862 3347 sure
915 3284 1137 3365 (come
1185 3282 1371 3344 vedo
1422 3281 1625 3364 quasi
1673 3280 1846 3344 farsi
1893 3283 1961 3344 al
2010 3278 2373 3367 presente)
2421 3302 2562 3344 non
2612 3282 2973 3345 extimano
3020 3282 3292 3345 alcuna

703 3412 890 3470 cosa,
937 3393 1008 3453 lo
1057 3390 1190 3452 che
1239 3389 1748 3451 doverebbeno
1784 3388 2121 3465 extimam
2173 3390 2319 3453 5010
2372 3391 2561 3471 quod
2612 3388 2771 3453 dico
2822 3397 2894 3451 et
2939 3387 3088 3451 vidi
3134 3388 3290 3453 iam

703 3519 746 3560 0
792 3496 1040 3579 paucis
1090 3496 1342 3559 diebus
1359 3544 1377 3576 ,
1427 3505 1640 3578 atque
1688 3495 1957 3560 utinam
2005 3517 2147 3559 non
2198 3496 2566 3575 vidissem,
2617 3497 2743 3558 sed
2794 3516 2937 3559 000
2984 3516 3288 3576 possum

705 3624 935 3687 neque
993 3604 1218 3666 ausim
1267 3603 1504 3666 omnia.
1553 3603 1905 3678 scribere;
1974 3604 2199 3668 solum
2248 3603 2573 3685 supplico
2624 3602 2767 3665 Sua
2814 3600 3095 3665 5001110
3144 3604 3289 3667 0110

705 3714 986 3776 0110000
1057 3710 1154 3773 fin
1219 3713 1349 3774 che
1414 3720 1802 3774 assettamo
1865 3722 2117 3793 questa
2166 3732 2333 3773 0050
2382 3710 2455 3773 di
2498 3709 2809 3772 Martino
2859 3730 2935 3772 se
2983 3709 3289 3773 trattino

705 3823 772 3884 le
821 3840 986 3883 cose
1036 3818 1108 3881 di
1155 3818 1355 3883 00510
1403 3840 1537 3881 000
1587 3821 1863 3899 grande
1911 3828 2231 3902 respetto
2281 3817 2351 3879 di
2400 3837 2539 3880 non
2590 3816 2865 3879 irritare
2915 3826 3289 3899 questore,

707 3929 969 3993 Cesare
1021 3926 1179 3989 dico
1231 3935 1301 3988 et
1348 3926 1397 3987 li
1448 3927 1602 3989 suoi
1652 3935 1723 3989 et
1769 3947 2035 3989 ancora
2083 3928 2151 3987 10
2184 3926 2427 3989 nation
2464 3922 2911 3987 Germanica.
2974 3924 3053 3986 Io
3088 3928 3289 3988 veclo

706 4039 776 4100 10
840 4055 1008 4099 0050
1069 4033 1142 4095 di
1189 4033 1503 4096 Martino
1566 4042 1676 4096 tra
1724 4031 1957 4116 questi
2004 4032 2321 4113 Principi
2388 4042 2457 4094 et
2505 4030 2753 4113 populi
2800 4032 2933 4095 che
2980 4052 3159 4093 sono
3213 4032 3289 4095 10

708 4145 778 4206 10
827 4144 1020 4205 dieta
1069 4161 1263 4204 esser
1311 4143 1528 4203 molto
1578 4160 1891 4203 remessa
1936 4139 2079 4221 piu,
2130 4149 2201 4201 et
2248 4148 2443 4201 certo
2480 4138 2915 4222 comprendo
2952 4138 3051 4219 (id
3087 4142 3291 4220 quod

708 4250 907 4313 multi
955 4247 1125 4312 mihi
1175 4247 1532 4328 dixerunt)
1585 4247 1716 4309 che
1766 4249 1837 4309 10
1886 4247 2440 4311 demostratione
2490 4248 2653 4329 qual
2702 4246 2770 4309 10
2820 4246 2960 4309 feci
3008 4249 3163 4309 loro
3218 4250 3287 4310 el

710 4356 784 4420 di
845 4357 917 4420 di
966 4356 1240 4419 Cenere
1304 4357 1398 4418 110
1443 4357 1662 4417 molto
1711 4355 2008 4435 giovato
2060 4355 2274 4436 (quod
2322 4355 2443 4415 vix
2491 4354 2973 4433 credidissem)
3022 4363 3095 4415 et
3142 4355 3289 4416 hoc

708 4462 1042 4546 provenit
1101 4463 1367 4546 perche
1431 4462 1662 4547 questi
1711 4462 1931 4525 nobili
1982 4472 2055 4525 et
2100 4461 2406 4544 principi
2452 4463 2779 4524 11ον0000
2829 4462 3053 4523 solum
3102 4461 3287 4525 letto

711 4575 778 4634 le
841 4570 1336 4635 maledicentie
1404 4570 1475 4634 di
1523 4570 1795 4633 Luther
1857 4579 2109 4633 contra
2169 4572 2235 4633 el
2284 4570 2486 4652 Papa
2548 4580 2619 4631 et
2679 4570 2871 4631 clero
2920 4578 2993 4630 et
3039 4569 3289 4631 non-li

712 4678 874 4741 libri
937 4678 1045 4741 de’
1098 4675 1541 4741 Sacramenti
1607 4687 1679 4741 et
1744 4679 1931 4740 dove
1991 4676 2088 4739 lui
2149 4678 2475 4759 approba
2534 4674 2696 4738 tutti
2758 4674 2805 4737 li
2864 4674 3141 4737 articoli
3192 4676 3287 4737 de

712 4786 971 4865 Joanni
1031 4785 1260 4858 Huss;
1325 4786 1373 4848 il
1437 4788 1567 4849 che
1615 4794 1995 4868 postquam
2045 4784 2325 4847 ostendi
2372 4784 2445 4846 in
2492 4780 3066 4864 frequentissimo
3118 4800 3285 4845 con·

715 4906 954 4974 ventu,
1003 4892 1370 4975 productis
1419 4894 1624 4957 etiam
1678 4892 1901 4975 ipsius
1948 4892 2168 4972 libris,
2220 4890 2436 4973 molti,
2485 4891 2623 4953 imo
2672 4888 3051 4953 assaissimi
3092 4888 3283 4970 prin-
