3575 5775
1298 589 1413 645 o<3
1491 586 1598 644 263
1676 585 1791 642 Q

1476 948 1623 1013 103.

911 1078 1291 1165 'Aleander
1344 1083 1670 1183 Archiep.
1726 1081 2166 1184 Moguntim.

1122 1223 1409 1294 (Nuntiat.
1448 1221 1697 1280 German.
1736 1219 1799 1278 1..
1837 1219 1978 1292 204.)

1222 1331 1403 1398 (Circa
1440 1332 1659 1397 Junium
1706 1329 1880 1394 1521.)

446 1478 635 1540 Rme
684 1477 866 1539 Dne.
961 1474 1145 1556 Quia
1192 1473 1513 1538 nonnulli
1558 1473 1633 1535 in
1681 1471 2107 1536 executione
2157 1472 2370 1534 edicti
2419 1482 2668 1536 contra
2701 1474 2831 1536 Lu·

298 1587 547 1648 therum
597 1593 669 1646 et
714 1582 1091 1664 presertim
1140 1581 1210 1644 in
1260 1581 1555 1644 materia
1602 1579 2110 1661 impressorum
2159 1601 2340 1662 quae
2389 1579 2833 1661 periculosis-

294 1693 447 1755 sima
490 1701 639 1771 est,
708 1692 955 1753 volunt
1004 1698 1439 1753 commutare
1488 1709 1759 1771 poenas
1822 1689 2039 1752 banni
2089 1687 2476 1769 imperialis
2538 1688 2608 1751 in
2660 1689 2835 1752 alias

302 1801 491 1862 multo
512 1798 822 1862 leviores
844 1820 857 1872 ;
889 1807 1273 1879 eapropter
1290 1817 1501 1878 quum
1521 1806 1914 1876 cognoscat
1939 1796 2132 1858 Rma
2147 1795 2554 1858 Dominatio
2576 1795 2838 1858 Vestra

307 1909 679 1988 exemplum
706 1904 1019 1968 mandati
1045 1903 1388 1985 publicati
1419 1922 1646 1984 nuper
1668 1923 1884 1983 super
1905 1902 2472 1984 sequestratione
2499 1902 2838 1966 librorum

304 2013 561 2076 Martini
610 2012 905 2075 Lutheri
952 2031 1165 2093 quam
1210 2011 1425 2074 fuerit
1472 2010 1677 2092 parvi
1725 2009 2032 2090 factum,
2081 2009 2339 2072 iccirco
2389 2030 2680 2073 necesse
2731 2020 2838 2072 est

308 2141 425 2183 non
484 2121 734 2183 mutari
798 2140 1105 2202 poena5‚
1174 2139 1356 2200 quae
1417 2127 1681 2200 quanto
1750 2127 1913 2180 sunt
1979 2116 2575 2179 formidabiliores
2637 2126 2837 2180 tanto

308 2227 505 2308 magis
552 2227 1000 2290 extimantur.
1096 2225 1301 2289 Felix
1354 2225 1472 2288 diu
1522 2227 1761 2288 valeat
1793 2225 1988 2288 Rma
2037 2224 2114 2288 P.
2165 2224 2252 2286 V.
2304 2225 2414 2286 cui
2464 2243 2574 2286 me
2623 2223 2838 2286 humi-

306 2335 443 2396 liter
488 2336 900 2398 commendo
952 2343 1024 2396 et
1069 2354 1210 2396 una
1258 2353 1541 2396 causam
1590 2332 1726 2394 Dei
1787 2353 1877 2394 ex
1944 2331 2142 2393 cuius
2204 2330 2646 2412 protectione
2694 2331 2834 2393 Re·

309 2441 789 2504 verendissima
837 2439 1245 2503 Dominatio
1294 2440 1560 2502 Vestra
1606 2461 1755 2501 rem
1807 2439 2016 2500 etiam
2049 2437 2510 2501 Sanctis-‚simo
2537 2439 2840 2500 Domino

308 2545 498 2609 faciet
542 2547 1031 2629 gratissimam.

1502 2992 1645 3056 104.

845 3110 1320 3189 Aleander
1393 3108 2260 3189 vicecancellariO.

1146 3248 1431 3319 (Nuntiat.
1474 3248 1723 3306 German.
1759 3244 1822 3305 1..
1859 3248 1993 3320 154.)

1297 3359 1439 3426 (5.(?)
1479 3360 1613 3425 Juiii
1660 3360 1832 3423 1521.)

470 3494 581 3557 Ho
627 3494 951 3557 ricevuto
998 3494 1066 3556 le
1118 3493 1187 3554 di
1238 3493 1326 3557 V.
1378 3490 1449 3557 S.
1502 3493 1692 3555 Rma
1754 3492 1825 3553 di
1876 3490 2141 3553 XXIII
2209 3492 2326 3554 del
2388 3502 2713 3574 passatO,
2780 3506 2851 3556 et

313 3596 581 3664 insieme
628 3601 676 3663 il
723 3603 947 3663 breve
998 3602 1069 3662 di
1116 3598 1455 3679 Sletstad,
1508 3601 1571 3661 el
1622 3601 1786 3680 qual
1835 3598 2086 3661 invero
2124 3600 2266 3661 ben
2297 3619 2530 3662 venne
2577 3602 2644 3662 al
2692 3620 2850 3682 pro-

316 3706 547 3787 posito,
594 3718 666 3771 et
700 3727 953 3789 spei-0,
1004 3708 1135 3769 che
1184 3707 1479 3789 giovara
1528 3707 1743 3786 assai,
1793 3715 1991 3768 tanto
2042 3706 2159 3787 piu
2211 3710 2341 3769 che
2393 3708 2608 3788 quelli
2657 3709 2850 3789 oppi-

318 3812 463 3875 dani
510 3816 831 3878 haveano
867 3814 1047 3877 fatto
1079 3834 1219 3877 uno
1251 3814 1474 3877 editto
1512 3814 1626 3877 del
1662 3816 1825 3895 qual
1861 3814 2119 3875 mando
2168 3815 2237 3875 la
2286 3814 2494 3895 copia
2539 3816 2852 3878 tradotto

318 3918 377 3979 in
422 3921 633 3986 latino
684 3933 755 3985 et
786 3942 997 4003 spero
1049 3924 1179 3985 che
1230 3925 1319 3985 de
1370 3926 1485 4003 qui
1520 3922 1810 3985 innante
1859 3922 2159 3983 faranno
2196 3923 2284 3984 de
2314 3924 2452 3984 ben
2487 3922 2556 3983 in
2593 3922 2853 4003 meglio

318 4034 382 4085 et
446 4028 970 4109 prohibei-anno
1044 4030 1174 4091 che
1248 4031 1485 4110 quello
1548 4029 1977 4109 impressore
2049 4048 2192 4091 non
2261 4028 2666 4109 imprimera
2734 4030 2854 4111 piu

319 4150 468 4195 cose
514 4138 727 4209 male;
796 4135 1220 4198 similmente
1279 4156 1740 4218 purgaranno
1802 4130 2036 4216 quello
2087 4136 2252 4197 nido
2322 4137 2393 4197 di
2443 4136 2857 4200 Academici

320 4236 685 4305 Lutherani
735 4244 867 4305 che
928 4263 1103 4305 sono
1166 4243 1235 4304 in
1298 4245 1495 4305 detta
1556 4252 1747 4305 terra
1815 4252 1884 4305 et
1952 4244 2040 4304 de
2104 4245 2344 4305 buona
2409 4254 2601 4305 sorte
2663 4254 2733 4305 et
2781 4264 2858 4307 se

320 4365 445 4407 non
492 4348 783 4413 fai-anno
849 4350 897 4412 il
946 4350 1189 4413 debito
1258 4372 1332 4411 se
1398 4352 1605 4431 potra
1669 4349 2032 4431 castigarli
2100 4372 2229 4432 per
2292 4349 2477 4413 iusta
2540 4351 2858 4431 ragione.

326 4450 542 4534 Prego
589 4477 851 4521 ancora
884 4478 959 4519 se
992 4458 1326 4519 mandino
1377 4458 1588 4538 quell'
1642 4459 1820 4519 altre
1870 4457 2328 4538 expeditione
2364 4458 2455 4519 da
2487 4457 2604 4519 noi
2641 4459 2860 4521 rechi-

324 4568 457 4622 este
503 4564 617 4643 piu
670 4566 803 4627 che
852 4564 910 4625 si
958 4574 1149 4645 pote,
1200 4585 1314 4626 ma
1361 4584 1499 4625 non
1548 4566 1723 4644 pero
1772 4573 2059 4646 praeter
2107 4567 2569 4629 honestatem.

486 4684 749 4767 Questa
798 4709 1005 4750 mane
1054 4692 1119 4751 el
1171 4686 1248 4750 Sr
1310 4688 1691 4751 Carazzolo
1743 4698 1814 4749 et
1861 4688 1928 4750 io
1980 4691 2286 4751 andamo
2336 4710 2377 4751 a
2407 4690 2723 4771 ‘Cesare,
2795 4692 2861 4752 el

328 4794 519 4869 quale
567 4798 1106 4859 raccommando
1156 4806 1355 4858 tanto
1404 4799 1473 4859 la
1520 4817 1736 4859 causa
1785 4797 1944 4858 dell'
1998 4797 2454 4859 arrendation
2503 4797 2866 4860 valentina

330 4895 475 4960 dell’
505 4900 855 4984 Episcopo
890 4903 1288 4966 Leodiense
1338 4905 1467 4965 che
1516 4904 1634 4985 piu
1687 4924 1824 4965 non
1878 4904 1934 4965 si
1983 4907 2356 4985 potrebbe.
2437 4905 2566 4967 Poi
2600 4924 2864 4986 pranso
