3575 5775
1297 601 1790 666 Maesio-0

448 753 595 816 Ben
646 754 681 816 e
731 763 918 817 stato
958 775 1001 817 a
1034 755 1405 838 proposito
1440 759 1572 819 che
1606 755 1755 820 Sua
1782 756 2086 820 Maiesta
2121 753 2538 819 command&
2572 759 2826 837 sponte

291 882 400 923 suo
443 862 502 923 al
557 859 1009 942 Cancellieri‚
1080 863 1209 925 che
1268 863 1336 926 io
1384 872 1612 926 stesso
1661 862 1937 926 facesse
1988 865 2185 926 detto
2235 863 2492 937 editto;
2563 863 2825 945 perche

293 969 367 1030 de
412 978 669 1050 quanto
719 979 925 1030 tocca
988 989 1031 1031 a
1092 969 1134 1030 l'
1186 971 1493 1033 autorita
1552 971 1978 1053 Apostolica
2025 992 2137 1032 me
2184 973 2275 1033 ho
2327 970 2636 1033 sforzato
2685 991 2827 1032 non

292 1078 335 1136 si
380 1075 645 1138 facesse
695 1076 997 1156 qualche
1059 1077 1639 1150 inconveniente3
1723 1081 1812 1140 de
1883 1077 1994 1140 far
2065 1079 2263 1141 detto
2330 1078 2666 1140 mandato
2733 1078 2821 1139 al-

291 1192 527 1263 quanto
576 1183 695 1263 piu
747 1184 938 1245 culto
988 1193 1057 1245 et
1109 1186 1467 1266 elegante,
1514 1206 1656 1248 non
1709 1187 1743 1248 e
1796 1193 1982 1248 stato
2030 1205 2244 1267 parer
2292 1186 2380 1246 de
2431 1182 2660 1265 questi
2709 1184 2828 1246 del

292 1290 579 1353 conselio
630 1291 896 1372 perche
945 1292 1203 1354 dicono
1255 1291 1537 1354 deversi
1600 1312 1846 1354 servat
1909 1291 1956 1353 il
2020 1292 2214 1367 stilo,
2287 1292 2620 1354 accioche
2684 1311 2826 1353 non

289 1397 423 1478 pari
469 1397 907 1479 surreptitio:
957 1398 1357 1479 Utrumque
1406 1419 1651 1479 sper0,
1703 1400 1833 1461 che
1885 1398 2180 1480 giovara
2229 1396 2413 1461 assai
2463 1407 2531 1460 et
2580 1406 2828 1460 contra

292 1515 518 1584 questa
565 1505 847 1568 heresia
897 1506 986 1566 de
1036 1504 1307 1568 Luther
1355 1515 1425 1566 et
1474 1515 1721 1567 contra
1779 1507 1958 1568 altre
2015 1505 2298 1569 heresie
2354 1505 2421 1567 in
2480 1487 2825 1567 futurum:

290 1609 567 1690 Quando
616 1613 675 1673 si
725 1611 989 1674 vedere
1039 1611 1087 1672 li
1146 1611 1264 1673 dui
1322 1611 1647 1675 luminari
1712 1613 1828 1675 del
1895 1615 2154 1674 mundo
2205 1612 2467 1675 Nostro
2519 1610 2826 1694 Signore

290 1729 351 1779 et
389 1719 886 1800 l’Imperatore
954 1719 1266 1781 unanimi
1332 1739 1683 1782 consensu
1746 1739 1942 1782 esser
1993 1729 2240 1781 contra
2273 1719 2520 1800 questi
2567 1717 2828 1781 ribaldi

290 1825 456 1906 cani,
506 1827 721 1888 credo
774 1829 989 1908 bene,
1050 1828 1180 1888 che
1244 1847 1375 1907 per
1438 1827 1739 1906 qualche
1798 1835 2039 1907 tempo
2103 1847 2235 1908 per
2281 1825 2505 1888 nostri
2551 1825 2829 1907 peccati

290 1933 519 1995 durera
569 1954 791 1996 ancor
838 1942 1090 2015 questa
1140 1934 1527 1995 maledetta
1574 1944 1806 2012 secta,
1871 1954 1983 1996 ma
2056 1942 2126 1995 et
2189 1933 2326 1996 Dio
2400 1933 2628 2015 primo
2696 1936 2828 1995 che

290 2059 409 2101 non
456 2041 839 2102 abandona
901 2061 1027 2101 sua
1077 2041 1379 2120 chiesia‚
1433 2050 1504 2103 et
1552 2043 1617 2102 el
1666 2041 1890 2102 veder
1937 2039 2156 2103 Cesar
2205 2060 2400 2102 esser
2448 2039 2829 2102 obediente

290 2157 607 2210 executor
658 2147 755 2208 dil
809 2147 1152 2209 Pontifice
1202 2147 1271 2209 in
1324 2156 1577 2228 questa
1610 2167 1818 2219 cosa;
1870 2156 1939 2209 et
1988 2148 2184 2209 detto
2221 2146 2443 2209 editto
2476 2145 2624 2209 cosi
2670 2148 2826 2209 hor·

288 2254 471 2317 ribile
516 2263 783 2334 quanto
833 2253 973 2316 mai
1022 2255 1226 2334 altro,
1278 2275 1417 2316 non
1468 2255 1691 2319 solum
1744 2253 2102 2334 mitigare,
2166 2273 2278 2315 ma
2342 2254 2556 2316 etiam
2605 2252 2828 2315 extin-

288 2361 489 2440 guara
537 2372 607 2422 et
670 2360 1113 2423 annichilara
1179 2362 1294 2423 del
1356 2370 1539 2423 tutto
1603 2371 1854 2442 questa
1917 2361 2480 2439 abominatione,
2539 2361 2609 2423 la
2664 2361 2829 2442 qual

290 2468 395 2548 gia
454 2467 519 2530 in
569 2467 1045 2548 grandissima
1100 2477 1307 2549 parte
1374 2468 1410 2530 e
1476 2471 1854 2548 abbatuta,
1928 2478 1998 2530 et
2069 2489 2144 2531 se
2208 2470 2470 2532 abbate
2529 2467 2699 2550 ogni
2758 2466 2832 2530 di

285 2575 411 2654 piu.
518 2577 809 2638 Ancora
869 2575 914 2636 il
979 2585 1252 2656 temp0‚
1322 2577 1455 2638 che
1522 2577 1671 2638 sole
1736 2575 1910 2655 ogni
1979 2595 2147 2637 cosa
2209 2575 2386 2637 dura
2447 2573 2560 2638 far
2619 2575 2830 2637 molle

288 2684 483 2745 molto
530 2683 683 2745 fara
732 2693 1071 2744 remetter
1120 2683 1349 2765 questi
1399 2683 1612 2745 animi
1660 2682 2001 2763 indurati,
2051 2692 2124 2744 et
2170 2682 2544 2764 presertim
2594 2701 2827 2744 succe-

289 2790 503 2852 dendo
548 2790 596 2851 il
650 2792 787 2851 bon
841 2791 1167 2871 guberno
1220 2800 1289 2850 et
1339 2789 1712 2870 diligentia
1762 2789 1832 2851 di
1882 2791 1950 2851 la
1999 2788 2190 2852 Sede
2239 2789 2700 2869 Apostolica‚
2759 2797 2831 2850 et

288 2896 345 2957 in
394 2918 656 2961 summa
706 2918 847 2960 non
896 2900 1081 2960 vedo
1132 2899 1224 2960 da
1272 2898 1390 2979 qui
1440 2898 1681 2961 avanti
1730 2902 1914 2960 altra
1966 2898 2079 2960 via
2125 2898 2245 2979 piu
2311 2896 2631 2979 proficua
2697 2898 2828 2959 che

288 3004 484 3084 dopoi
552 3007 684 3067 che
756 3026 833 3067 se
880 3005 973 3066 ha
1032 3014 1235 3067 usato
1299 3004 1469 3086 ogni
1549 3006 1866 3067 remedio
1941 3006 2071 3066 che
2147 3024 2223 3066 se
2282 3004 2680 3084 richiedea,
2752 3024 2829 3065 se

286 3110 435 3172 lassi
481 3132 609 3193 per
658 3113 959 3194 qualche
1037 3111 1107 3173 di
1178 3111 1289 3173 far
1362 3113 1427 3173 el
1501 3121 1739 3193 tempo
1760 3160 1777 3192 ,
1848 3110 2114 3192 perche
2189 3112 2420 3192 questi
2491 3109 2831 3176 Germani

288 3226 465 3280 tanto
512 3219 629 3300 piu
682 3218 740 3281 si
788 3220 1159 3299 sdegnano
1211 3229 1281 3280 et
1329 3221 1398 3281 la
1435 3221 1697 3280 voleno
1743 3238 2009 3280 vencer
2058 3228 2321 3299 quanto
2371 3216 2490 3298 pisi
2535 3238 2611 3281 se
2657 3238 2828 3299 pon·

287 3342 485 3402 gono;
535 3326 647 3387 chi
696 3326 747 3388 li
794 3327 982 3387 lassa
1030 3328 1367 3407 alquanto
1417 3346 1770 3407 resposar,
1821 3346 1896 3388 se
1927 3324 2436 3387 refredisconO.
2516 3324 2659 3388 Era
2689 3328 2831 3388 ben

286 3432 882 3495 neccessarissimo
960 3432 1431 3514 apparechiar
1507 3442 1753 3513 queste
1835 3434 1973 3495 due
2045 3432 2394 3493 medicine
2456 3432 2499 3493 l’
2547 3453 2687 3495 una
2764 3434 2834 3495 la

286 3541 618 3601 sententia
688 3540 1109 3621 Apostolica
1179 3540 1221 3601 l'
1280 3541 1463 3602 altra
1534 3542 1601 3601 la
1668 3540 2042 3602 execution
2107 3540 2196 3600 de
2259 3538 2508 3620 Cesar,
2582 3562 2696 3603 ma
2765 3540 2834 3602 al

286 3656 597 3723 presente
646 3649 974 3727 besogna
1023 3648 1153 3709 che
1203 3648 1643 3728 cataplasma
1689 3646 1996 3709 insideat
2040 3645 2352 3725 hulceri,
2413 3666 2491 3708 se
2554 3645 2613 3709 si
2669 3647 2833 3709 vole

289 3752 407 3813 che
479 3752 653 3817 faeci
728 3774 969 3836 opera.
1104 3751 1202 3815 Se
1274 3756 1529 3817 alcuno
1601 3754 1884 3835 privato
1956 3752 2236 3815 interim
2307 3752 2462 3815 fara
2533 3755 2834 3835 qualche

288 3860 539 3940 paccia,
587 3864 636 3924 li
684 3862 1085 3944 magistrati
1134 3864 1197 3924 el
1249 3861 1753 3942 castigaranno
1805 3871 1876 3923 et
1925 3861 1964 3923 e
2013 3860 2304 3943 opinion
2354 3862 2444 3922 de
2492 3860 2653 3923 tutti
2702 3862 2834 3922 che

288 3984 403 4044 per
447 3968 647 4049 vigor
702 3979 771 4031 et
822 3969 1152 4031 occasion
1206 3970 1293 4031 de
1345 3979 1595 4051 questo
1647 3972 1883 4033 banno
1933 3968 2300 4049 imperiale
2351 3968 2545 4030 molti
2591 3967 2833 4031 Nobili

289 4074 406 4134 che
454 4096 668 4137 erano
719 4076 1173 4156 grandissimi
1224 4078 1612 4140 Lutherani
1686 4080 1839 4139 loro
1908 4076 2116 4139 stessi
2180 4076 2478 4138 faranno
2542 4076 2614 4137 la
2673 4096 2831 4137 exe-

288 4180 549 4245 cutione
596 4204 639 4245 a
688 4184 1156 4245 mercantanti
1206 4191 1277 4245 et
1325 4184 1617 4245 citadini
1652 4204 1781 4264 per
1815 4203 2128 4264 occupar
2164 4182 2211 4244 li
2256 4181 2502 4244 danari
2549 4192 2621 4244 et
2667 4182 2836 4245 beni

288 4286 367 4347 de
412 4289 568 4352 altri
616 4301 804 4353 sotto
853 4291 1045 4352 bona
1092 4302 1407 4371 coperta.

448 4396 605 4458 Non
655 4396 713 4458 si
770 4397 1167 4479 maravegli
1216 4398 1481 4460 Vostra
1532 4396 1869 4479 Signoria
1920 4396 2554 4460 Reverendissima
2615 4398 2707 4459 de
2768 4398 2836 4461 la

290 4500 605 4576 prolixita
673 4505 763 4565 de
826 4504 894 4565 la
963 4504 1368 4566 narratione
1432 4506 1521 4567 de
1582 4508 1781 4567 detto
1861 4506 2150 4567 decreto
2216 4504 2482 4586 perche
2546 4503 2584 4566 e
2651 4515 2838 4567 stata

291 4608 675 4671 necessaria
720 4629 852 4690 per
899 4610 1017 4691 piu
1055 4612 1245 4692 capi;
1296 4612 1525 4692 primo
1573 4610 1840 4693 perche
1888 4611 2073 4673 cossi
2108 4610 2324 4674 Cesar
2356 4613 2451 4674 ha
2483 4610 2836 4674 rechiesto

291 4729 408 4790 per
450 4715 734 4779 satisfar
782 4716 902 4779 alli
968 4720 1243 4799 populi,
1310 4721 1469 4781 chel
1532 4740 1673 4782 non
1747 4719 1904 4802 pari
1971 4721 2100 4782 che
2165 4721 2492 4782 absolute
2555 4719 2598 4781 1’
2644 4717 2838 4781 habii

294 4822 612 4902 exeguito
661 4826 730 4886 la
780 4825 1133 4887 sententia
1182 4827 1639 4908 Apostolica3
1698 4826 1741 4888 1’
1786 4828 1970 4889 altra
2015 4825 2348 4889 accioche
2398 4847 2474 4889 se
2523 4824 2835 4906 veghino

294 4944 455 5005 gran
506 4940 707 5010 parte
758 4932 847 4993 de
897 4933 979 4994 la'
1031 4932 1377 4996 enormite
1437 4936 1524 4998 de
1584 4943 1835 5016 questo
1903 4934 2124 5004 Cane:
2201 4934 2249 4995 il
2317 4942 2509 4995 terzo
2571 4932 2838 5014 perche
