<?xml version="1.0" encoding="UTF-8"?>
<!DOCTYPE html PUBLIC "-//W3C//DTD XHTML 1.0 Transitional//EN"
    "http://www.w3.org/TR/xhtml1/DTD/xhtml1-transitional.dtd">
<html xmlns="http://www.w3.org/1999/xhtml" xml:lang="en" lang="en">
 <head>
  <title>
</title>
<meta http-equiv="Content-Type" content="text/html;charset=utf-8" />
  <meta name='ocr-system' content='tesseract 3.04.00' />
  <meta name='ocr-capabilities' content='ocr_page ocr_carea ocr_par ocr_line ocrx_word'/>
</head>
<body>
  <div class='ocr_page' id='page_1' title='image "./monumentareform02vatigoog_0598.png"; bbox 0 0 3575 5775; ppageno 0'>
   <div class='ocr_carea' id='block_1_1' title="bbox 1640 576 2139 635">
    <p class='ocr_par' dir='ltr' id='par_1_1' title="bbox 1640 576 2139 635">
     <span class='ocr_line' id='line_1_1' title="bbox 1640 576 2139 635; baseline -0.008 1"><span class='ocrx_word' id='word_1_1' title='bbox 1640 576 2139 635; x_wconf 65' lang='grc' dir='ltr'>&lt;&gt;-&lt;Βὸ()4ξῗ&gt;-θ</span> 
     </span>
    </p>
   </div>
   <div class='ocr_carea' id='block_1_2' title="bbox 601 722 3190 4991">
    <p class='ocr_par' dir='ltr' id='par_1_2' title="bbox 601 722 3182 2307">
     <span class='ocr_line' id='line_1_2' title="bbox 781 722 3178 807; baseline 0 -22"><span class='ocrx_word' id='word_1_2' title='bbox 781 722 1221 787; x_wconf 90' lang='lat' dir='ltr'>Decreverat</span> <span class='ocrx_word' id='word_1_3' title='bbox 1269 724 1415 805; x_wconf 86' lang='lat' dir='ltr'>liga</span> <span class='ocrx_word' id='word_1_4' title='bbox 1463 724 1605 786; x_wconf 89' lang='lat' dir='ltr'>alia</span> <span class='ocrx_word' id='word_1_5' title='bbox 1647 724 1916 807; x_wconf 92' lang='lat' dir='ltr'>oppida</span> <span class='ocrx_word' id='word_1_6' title='bbox 1949 743 2200 786; x_wconf 88' lang='lat' dir='ltr'>versus</span> <span class='ocrx_word' id='word_1_7' title='bbox 2231 722 2702 787; x_wconf 88' lang='lat' dir='ltr'>Franconiam</span> <span class='ocrx_word' id='word_1_8' title='bbox 2735 742 3178 806; x_wconf 82' lang='lat' dir='ltr'>percurrere,</span> 
     </span>
     <span class='ocr_line' id='line_1_3' title="bbox 604 831 3176 914; baseline -0.002 -18"><span class='ocrx_word' id='word_1_9' title='bbox 604 844 674 896; x_wconf 93' lang='lat' dir='ltr'>et</span> <span class='ocrx_word' id='word_1_10' title='bbox 722 831 1233 914; x_wconf 87' lang='lat' dir='ltr'>Herbipolensi</span> <span class='ocrx_word' id='word_1_11' title='bbox 1280 832 1427 895; x_wconf 85' lang='lat' dir='ltr'>arci</span> <span class='ocrx_word' id='word_1_12' title='bbox 1476 834 1816 895; x_wconf 83' lang='lat' dir='ltr'>obsessae</span> <span class='ocrx_word' id='word_1_13' title='bbox 1884 832 2300 911; x_wconf 76' lang='lat' dir='ltr'>subvenire,</span> <span class='ocrx_word' id='word_1_14' title='bbox 2369 839 2444 893; x_wconf 90' lang='lat' dir='ltr'>at</span> <span class='ocrx_word' id='word_1_15' title='bbox 2505 831 2872 894; x_wconf 91' lang='lat' dir='ltr'>Palatinus</span> <span class='ocrx_word' id='word_1_16' title='bbox 2937 831 3176 893; x_wconf 87' lang='lat' dir='ltr'>nunci-</span> 
     </span>
     <span class='ocr_line' id='line_1_4' title="bbox 604 938 3176 1019; baseline -0.002 -15"><span class='ocrx_word' id='word_1_17' title='bbox 604 942 751 1004; x_wconf 83' lang='lat' dir='ltr'><strong>avit</strong></span> <span class='ocrx_word' id='word_1_18' title='bbox 798 950 875 1003; x_wconf 91' lang='lat' dir='ltr'>ut</span> <span class='ocrx_word' id='word_1_19' title='bbox 921 939 1057 1002; x_wconf 90' lang='lat' dir='ltr'>sibi</span> <span class='ocrx_word' id='word_1_20' title='bbox 1107 949 1513 1003; x_wconf 87' lang='lat' dir='ltr'>occurreret</span> <span class='ocrx_word' id='word_1_21' title='bbox 1561 940 1652 1001; x_wconf 92' lang='lat' dir='ltr'>ad</span> <span class='ocrx_word' id='word_1_22' title='bbox 1702 941 1790 1003; x_wconf 84' lang='lat' dir='ltr'>Bt</span> <span class='ocrx_word' id='word_1_23' title='bbox 1806 941 2102 1002; x_wconf 89' lang='lat' dir='ltr'>usellam</span> <span class='ocrx_word' id='word_1_24' title='bbox 2170 938 2290 1001; x_wconf 91' lang='lat' dir='ltr'>ubi</span> <span class='ocrx_word' id='word_1_25' title='bbox 2341 938 2736 1002; x_wconf 87' lang='lat' dir='ltr'>coniunctis</span> <span class='ocrx_word' id='word_1_26' title='bbox 2803 939 3024 1019; x_wconf 87' lang='lat' dir='ltr'>copiis</span> <span class='ocrx_word' id='word_1_27' title='bbox 3083 940 3176 999; x_wconf 92' lang='lat' dir='ltr'>ad</span> 
     </span>
     <span class='ocr_line' id='line_1_5' title="bbox 603 1044 3179 1128; baseline -0.002 -17"><span class='ocrx_word' id='word_1_28' title='bbox 603 1047 1053 1127; x_wconf 87' lang='lat' dir='ltr'>Herbipolim</span> <span class='ocrx_word' id='word_1_29' title='bbox 1101 1048 1593 1126; x_wconf 82' lang='lat' dir='ltr'>convolarent,</span> <span class='ocrx_word' id='word_1_30' title='bbox 1644 1047 1745 1109; x_wconf 90' lang='lat' dir='ltr'>sic</span> <span class='ocrx_word' id='word_1_31' title='bbox 1795 1046 2147 1109; x_wconf 84' lang='lat' dir='ltr'>consuluit</span> <span class='ocrx_word' id='word_1_32' title='bbox 2195 1045 2578 1128; x_wconf 88' lang='lat' dir='ltr'>episcopus</span> <span class='ocrx_word' id='word_1_33' title='bbox 2624 1044 3179 1127; x_wconf 89' lang='lat' dir='ltr'>Herbipolensis</span> 
     </span>
     <span class='ocr_line' id='line_1_6' title="bbox 604 1152 3180 1237; baseline -0.001 -21"><span class='ocrx_word' id='word_1_34' title='bbox 604 1156 721 1237; x_wconf 90' lang='lat' dir='ltr'>qui</span> <span class='ocrx_word' id='word_1_35' title='bbox 797 1154 1084 1237; x_wconf 82' lang='lat' dir='ltr'><strong>fugerat</strong></span> <span class='ocrx_word' id='word_1_36' title='bbox 1162 1156 1255 1218; x_wconf 88' lang='lat' dir='ltr'>ad</span> <span class='ocrx_word' id='word_1_37' title='bbox 1332 1154 1750 1218; x_wconf 89' lang='lat' dir='ltr'>Palatinum.</span> <span class='ocrx_word' id='word_1_38' title='bbox 1878 1154 2129 1235; x_wconf 91' lang='lat' dir='ltr'>Itaque</span> <span class='ocrx_word' id='word_1_39' title='bbox 2206 1152 2474 1215; x_wconf 83' lang='lat' dir='ltr'><strong>XXIII</strong></span> <span class='ocrx_word' id='word_1_40' title='bbox 2561 1153 2731 1215; x_wconf 90' lang='lat' dir='ltr'>Maii</span> <span class='ocrx_word' id='word_1_41' title='bbox 2811 1153 3180 1216; x_wconf 88' lang='lat' dir='ltr'>Palatinus</span> 
     </span>
     <span class='ocr_line' id='line_1_7' title="bbox 606 1258 3174 1345; baseline -0.002 -20"><span class='ocrx_word' id='word_1_42' title='bbox 606 1282 937 1345; x_wconf 87' lang='lat' dir='ltr'>egressus</span> <span class='ocrx_word' id='word_1_43' title='bbox 991 1272 1061 1324; x_wconf 89' lang='lat' dir='ltr'>et</span> <span class='ocrx_word' id='word_1_44' title='bbox 1110 1261 1491 1343; x_wconf 90' lang='lat' dir='ltr'>episcopus</span> <span class='ocrx_word' id='word_1_45' title='bbox 1538 1262 2006 1327; x_wconf 88' lang='lat' dir='ltr'>Treverensis</span> <span class='ocrx_word' id='word_1_46' title='bbox 2070 1281 2226 1323; x_wconf 89' lang='lat' dir='ltr'>cum</span> <span class='ocrx_word' id='word_1_47' title='bbox 2292 1274 2554 1341; x_wconf 87' lang='lat' dir='ltr'>nepote</span> <span class='ocrx_word' id='word_1_48' title='bbox 2613 1258 2926 1323; x_wconf 89' lang='lat' dir='ltr'>Otthone</span> <span class='ocrx_word' id='word_1_49' title='bbox 2991 1260 3174 1322; x_wconf 88' lang='lat' dir='ltr'>Hen-</span> 
     </span>
     <span class='ocr_line' id='line_1_8' title="bbox 603 1368 3174 1451; baseline -0.002 -19"><span class='ocrx_word' id='word_1_50' title='bbox 603 1370 751 1433; x_wconf 89' lang='lat' dir='ltr'>rico</span> <span class='ocrx_word' id='word_1_51' title='bbox 803 1380 874 1431; x_wconf 91' lang='lat' dir='ltr'>et</span> <span class='ocrx_word' id='word_1_52' title='bbox 921 1370 1283 1451; x_wconf 89' lang='lat' dir='ltr'>Episcopo</span> <span class='ocrx_word' id='word_1_53' title='bbox 1334 1369 1841 1451; x_wconf 88' lang='lat' dir='ltr'>Herbipolensi</span> <span class='ocrx_word' id='word_1_54' title='bbox 1889 1390 2048 1432; x_wconf 89' lang='lat' dir='ltr'>cum</span> <span class='ocrx_word' id='word_1_55' title='bbox 2094 1369 2286 1432; x_wconf 88' lang='lat' dir='ltr'>mille</span> <span class='ocrx_word' id='word_1_56' title='bbox 2333 1368 2691 1449; x_wconf 90' lang='lat' dir='ltr'>equitibus</span> <span class='ocrx_word' id='word_1_57' title='bbox 2738 1377 2810 1429; x_wconf 91' lang='lat' dir='ltr'>et</span> <span class='ocrx_word' id='word_1_58' title='bbox 2857 1388 3024 1429; x_wconf 90' lang='lat'>2000</span> <span class='ocrx_word' id='word_1_59' title='bbox 3053 1388 3174 1449; x_wconf 86' lang='lat' dir='ltr'>pe-</span> 
     </span>
     <span class='ocr_line' id='line_1_9' title="bbox 604 1476 3180 1560; baseline -0.001 -22"><span class='ocrx_word' id='word_1_60' title='bbox 604 1476 869 1541; x_wconf 84' lang='lat' dir='ltr'>ditibus</span> <span class='ocrx_word' id='word_1_61' title='bbox 916 1497 1149 1559; x_wconf 82' lang='lat' dir='ltr'>pagos</span> <span class='ocrx_word' id='word_1_62' title='bbox 1196 1487 1267 1539; x_wconf 91' lang='lat' dir='ltr'>et</span> <span class='ocrx_word' id='word_1_63' title='bbox 1317 1477 1585 1557; x_wconf 90' lang='lat' dir='ltr'>oppida</span> <span class='ocrx_word' id='word_1_64' title='bbox 1630 1477 1904 1560; x_wconf 88' lang='lat' dir='ltr'>recepit</span> <span class='ocrx_word' id='word_1_65' title='bbox 1955 1478 2024 1539; x_wconf 92' lang='lat' dir='ltr'>in</span> <span class='ocrx_word' id='word_1_66' title='bbox 2074 1478 2403 1553; x_wconf 87' lang='lat' dir='ltr'>Pruram,</span> <span class='ocrx_word' id='word_1_67' title='bbox 2472 1476 2930 1557; x_wconf 88' lang='lat' dir='ltr'>Rotemburg</span> <span class='ocrx_word' id='word_1_68' title='bbox 2991 1476 3180 1537; x_wconf 87' lang='lat' dir='ltr'>Mals</span> 
     </span>
     <span class='ocr_line' id='line_1_10' title="bbox 602 1581 3178 1667; baseline -0.001 -21"><span class='ocrx_word' id='word_1_69' title='bbox 602 1584 969 1667; x_wconf 83' lang='lat' dir='ltr'>(incendit)</span> <span class='ocrx_word' id='word_1_70' title='bbox 1000 1585 1297 1647; x_wconf 85' lang='lat' dir='ltr'>Kiszlau</span> <span class='ocrx_word' id='word_1_71' title='bbox 1346 1594 1417 1647; x_wconf 91' lang='lat' dir='ltr'>et</span> <span class='ocrx_word' id='word_1_72' title='bbox 1464 1606 1543 1663; x_wconf 88' lang='lat'>29</span> <span class='ocrx_word' id='word_1_73' title='bbox 1594 1584 1967 1648; x_wconf 78' lang='lat' dir='ltr'>decollatis</span> <span class='ocrx_word' id='word_1_74' title='bbox 2019 1604 2142 1646; x_wconf 89' lang='lat' dir='ltr'>eos</span> <span class='ocrx_word' id='word_1_75' title='bbox 2191 1583 2420 1661; x_wconf 84' lang='lat' dir='ltr'>40mil.</span> <span class='ocrx_word' id='word_1_76' title='bbox 2453 1581 2743 1645; x_wconf 87' lang='lat' dir='ltr'>florenis</span> <span class='ocrx_word' id='word_1_77' title='bbox 2775 1583 3178 1651; x_wconf 85' lang='lat' dir='ltr'>mulctavit:</span> 
     </span>
     <span class='ocr_line' id='line_1_11' title="bbox 602 1690 3178 1772; baseline 0 -19"><span class='ocrx_word' id='word_1_78' title='bbox 602 1690 825 1753; x_wconf 87' lang='lat' dir='ltr'>XXV</span> <span class='ocrx_word' id='word_1_79' title='bbox 882 1691 1055 1753; x_wconf 87' lang='lat' dir='ltr'>Maii</span> <span class='ocrx_word' id='word_1_80' title='bbox 1120 1690 1400 1772; x_wconf 89' lang='lat' dir='ltr'>accepit</span> <span class='ocrx_word' id='word_1_81' title='bbox 1447 1691 1842 1755; x_wconf 88' lang='lat' dir='ltr'>Brusellam</span> <span class='ocrx_word' id='word_1_82' title='bbox 1919 1692 1990 1753; x_wconf 93' lang='lat' dir='ltr'>in</span> <span class='ocrx_word' id='word_1_83' title='bbox 2053 1690 2356 1771; x_wconf 87' lang='lat' dir='ltr'>gratiam</span> <span class='ocrx_word' id='word_1_84' title='bbox 2432 1700 2504 1753; x_wconf 90' lang='lat' dir='ltr'>et</span> <span class='ocrx_word' id='word_1_85' title='bbox 2573 1710 2914 1772; x_wconf 87' lang='lat' dir='ltr'>paenam,</span> <span class='ocrx_word' id='word_1_86' title='bbox 2983 1692 3178 1753; x_wconf 89' lang='lat' dir='ltr'>unde</span> 
     </span>
     <span class='ocr_line' id='line_1_12' title="bbox 602 1797 3178 1881; baseline -0.001 -20"><span class='ocrx_word' id='word_1_87' title='bbox 602 1818 769 1861; x_wconf 85' lang='lat' dir='ltr'>mox</span> <span class='ocrx_word' id='word_1_88' title='bbox 818 1798 957 1861; x_wconf 90' lang='lat' dir='ltr'>XL</span> <span class='ocrx_word' id='word_1_89' title='bbox 1008 1799 1201 1881; x_wconf 85' lang='lat' dir='ltr'>cepit</span> <span class='ocrx_word' id='word_1_90' title='bbox 1248 1809 1321 1861; x_wconf 89' lang='lat' dir='ltr'>et</span> <span class='ocrx_word' id='word_1_91' title='bbox 1368 1819 1624 1861; x_wconf 87' lang='lat' dir='ltr'>novem</span> <span class='ocrx_word' id='word_1_92' title='bbox 1673 1799 2016 1862; x_wconf 91' lang='lat' dir='ltr'>decollari</span> <span class='ocrx_word' id='word_1_93' title='bbox 2063 1798 2254 1861; x_wconf 85' lang='lat' dir='ltr'>fecit.</span> <span class='ocrx_word' id='word_1_94' title='bbox 2368 1797 2708 1861; x_wconf 84' lang='lat' dir='ltr'><strong>XXVIII</strong></span> <span class='ocrx_word' id='word_1_95' title='bbox 2754 1798 2926 1860; x_wconf 90' lang='lat' dir='ltr'>Maii</span> <span class='ocrx_word' id='word_1_96' title='bbox 2987 1818 3178 1859; x_wconf 88' lang='lat' dir='ltr'>rece·</span> 
     </span>
     <span class='ocr_line' id='line_1_13' title="bbox 601 1904 3182 1987; baseline -0.001 -20"><span class='ocrx_word' id='word_1_97' title='bbox 601 1906 712 1987; x_wconf 89' lang='lat' dir='ltr'>pit</span> <span class='ocrx_word' id='word_1_98' title='bbox 756 1905 1098 1987; x_wconf 87' lang='lat' dir='ltr'>oppidum</span> <span class='ocrx_word' id='word_1_99' title='bbox 1146 1905 1617 1968; x_wconf 89' lang='lat' dir='ltr'>Neckersulm</span> <span class='ocrx_word' id='word_1_100' title='bbox 1681 1907 1773 1968; x_wconf 91' lang='lat' dir='ltr'>ad</span> <span class='ocrx_word' id='word_1_101' title='bbox 1841 1905 2147 1987; x_wconf 85' lang='lat' dir='ltr'>gratiam</span> <span class='ocrx_word' id='word_1_102' title='bbox 2215 1914 2286 1968; x_wconf 93' lang='lat' dir='ltr'>et</span> <span class='ocrx_word' id='word_1_103' title='bbox 2355 1905 2738 1986; x_wconf 89' lang='lat' dir='ltr'>iusticiam,</span> <span class='ocrx_word' id='word_1_104' title='bbox 2802 1904 3182 1986; x_wconf 83' lang='lat' dir='ltr'>imperavit</span> 
     </span>
     <span class='ocr_line' id='line_1_14' title="bbox 604 2011 3176 2095; baseline -0.001 -20"><span class='ocrx_word' id='word_1_105' title='bbox 604 2013 707 2075; x_wconf 87' lang='lat' dir='ltr'>eis</span> <span class='ocrx_word' id='word_1_106' title='bbox 752 2032 921 2075; x_wconf 86' lang='lat' dir='ltr'>mox</span> <span class='ocrx_word' id='word_1_107' title='bbox 968 2022 1045 2075; x_wconf 91' lang='lat' dir='ltr'>ut</span> <span class='ocrx_word' id='word_1_108' title='bbox 1093 2020 1325 2075; x_wconf 88' lang='lat' dir='ltr'>turres</span> <span class='ocrx_word' id='word_1_109' title='bbox 1378 2012 1628 2095; x_wconf 87' lang='lat' dir='ltr'>oppidi</span> <span class='ocrx_word' id='word_1_110' title='bbox 1694 2012 2059 2076; x_wconf 84' lang='lat' dir='ltr'>diruerent</span> <span class='ocrx_word' id='word_1_111' title='bbox 2127 2022 2200 2075; x_wconf 91' lang='lat' dir='ltr'>et</span> <span class='ocrx_word' id='word_1_112' title='bbox 2259 2011 2508 2074; x_wconf 87' lang='lat' dir='ltr'><strong>LXVI</strong></span> <span class='ocrx_word' id='word_1_113' title='bbox 2569 2011 2972 2074; x_wconf 81' lang='lat' dir='ltr'>nominatos</span> <span class='ocrx_word' id='word_1_114' title='bbox 3017 2030 3176 2092; x_wconf 90' lang='lat' dir='ltr'>pre·</span> 
     </span>
     <span class='ocr_line' id='line_1_15' title="bbox 609 2118 3180 2202; baseline -0.002 -20"><span class='ocrx_word' id='word_1_115' title='bbox 609 2130 976 2183; x_wconf 89' lang='lat' dir='ltr'>sentarent</span> <span class='ocrx_word' id='word_1_116' title='bbox 1037 2140 1131 2183; x_wconf 85' lang='lat' dir='ltr'>ex</span> <span class='ocrx_word' id='word_1_117' title='bbox 1202 2118 1459 2201; x_wconf 88' lang='lat' dir='ltr'>quibus</span> <span class='ocrx_word' id='word_1_118' title='bbox 1525 2119 1641 2183; x_wconf 91' lang='lat' dir='ltr'><strong>XI</strong></span> <span class='ocrx_word' id='word_1_119' title='bbox 1704 2140 1877 2183; x_wconf 84' lang='lat' dir='ltr'>mox</span> <span class='ocrx_word' id='word_1_120' title='bbox 1951 2120 2022 2183; x_wconf 91' lang='lat' dir='ltr'>in</span> <span class='ocrx_word' id='word_1_121' title='bbox 2091 2120 2359 2202; x_wconf 91' lang='lat' dir='ltr'>oppido</span> <span class='ocrx_word' id='word_1_122' title='bbox 2410 2118 2812 2197; x_wconf 79' lang='lat' dir='ltr'>decollavit,</span> <span class='ocrx_word' id='word_1_123' title='bbox 2883 2136 3180 2198; x_wconf 87' lang='lat' dir='ltr'>quorum</span> 
     </span>
     <span class='ocr_line' id='line_1_16' title="bbox 607 2227 3029 2307; baseline -0.001 -18"><span class='ocrx_word' id='word_1_124' title='bbox 607 2231 746 2290; x_wconf 90' lang='lat' dir='ltr'>duo</span> <span class='ocrx_word' id='word_1_125' title='bbox 796 2228 1082 2301; x_wconf 88' lang='lat' dir='ltr'>fuerunt</span> <span class='ocrx_word' id='word_1_126' title='bbox 1131 2228 1541 2290; x_wconf 81' lang='lat' dir='ltr'>sacerdotes</span> <span class='ocrx_word' id='word_1_127' title='bbox 1589 2227 1966 2307; x_wconf 88' lang='lat' dir='ltr'>lutherani,</span> <span class='ocrx_word' id='word_1_128' title='bbox 2013 2248 2195 2289; x_wconf 90' lang='lat' dir='ltr'>unus</span> <span class='ocrx_word' id='word_1_129' title='bbox 2243 2227 2630 2288; x_wconf 88' lang='lat' dir='ltr'>monachus</span> <span class='ocrx_word' id='word_1_130' title='bbox 2681 2234 3029 2306; x_wconf 88' lang='lat' dir='ltr'>apostata.</span> 
     </span>
    </p>

    <p class='ocr_par' dir='ltr' id='par_1_3' title="bbox 606 2331 3182 3172">
     <span class='ocr_line' id='line_1_17' title="bbox 782 2331 3176 2416; baseline -0.002 -19"><span class='ocrx_word' id='word_1_131' title='bbox 782 2335 861 2397; x_wconf 87' lang='lat' dir='ltr'>In</span> <span class='ocrx_word' id='word_1_132' title='bbox 910 2333 1053 2397; x_wconf 88' lang='lat' dir='ltr'>fine</span> <span class='ocrx_word' id='word_1_133' title='bbox 1106 2334 1373 2416; x_wconf 86' lang='lat' dir='ltr'>Aprilis</span> <span class='ocrx_word' id='word_1_134' title='bbox 1421 2336 1864 2398; x_wconf 89' lang='lat' dir='ltr'>rebellarunt</span> <span class='ocrx_word' id='word_1_135' title='bbox 1907 2333 2236 2397; x_wconf 89' lang='lat' dir='ltr'>monachi</span> <span class='ocrx_word' id='word_1_136' title='bbox 2295 2331 2737 2396; x_wconf 88' lang='lat' dir='ltr'>Marchionis</span> <span class='ocrx_word' id='word_1_137' title='bbox 2801 2332 3176 2411; x_wconf 80' lang='lat' dir='ltr'>BadensiS,</span> 
     </span>
     <span class='ocr_line' id='line_1_18' title="bbox 606 2440 3176 2523; baseline -0.002 -18"><span class='ocrx_word' id='word_1_138' title='bbox 606 2443 723 2523; x_wconf 89' lang='lat' dir='ltr'>qui</span> <span class='ocrx_word' id='word_1_139' title='bbox 773 2442 1020 2505; x_wconf 90' lang='lat' dir='ltr'>habito</span> <span class='ocrx_word' id='word_1_140' title='bbox 1070 2463 1228 2504; x_wconf 89' lang='lat' dir='ltr'>cum</span> <span class='ocrx_word' id='word_1_141' title='bbox 1278 2441 1380 2504; x_wconf 89' lang='lat' dir='ltr'>eis</span> <span class='ocrx_word' id='word_1_142' title='bbox 1429 2442 1785 2523; x_wconf 91' lang='lat' dir='ltr'>colloquio</span> <span class='ocrx_word' id='word_1_143' title='bbox 1855 2462 1980 2505; x_wconf 89' lang='lat' dir='ltr'>eos</span> <span class='ocrx_word' id='word_1_144' title='bbox 2029 2442 2344 2521; x_wconf 85' lang='lat' dir='ltr'>sedavit,</span> <span class='ocrx_word' id='word_1_145' title='bbox 2414 2440 2523 2502; x_wconf 89' lang='lat' dir='ltr'>his</span> <span class='ocrx_word' id='word_1_146' title='bbox 2594 2440 2823 2521; x_wconf 87' lang='lat' dir='ltr'>pactis</span> <span class='ocrx_word' id='word_1_147' title='bbox 2883 2448 2961 2501; x_wconf 92' lang='lat' dir='ltr'>ut</span> <span class='ocrx_word' id='word_1_148' title='bbox 3019 2458 3176 2521; x_wconf 88' lang='lat' dir='ltr'>per·</span> 
     </span>
     <span class='ocr_line' id='line_1_19' title="bbox 608 2545 3182 2631; baseline -0.002 -19"><span class='ocrx_word' id='word_1_149' title='bbox 608 2549 843 2612; x_wconf 88' lang='lat' dir='ltr'>mittat</span> <span class='ocrx_word' id='word_1_150' title='bbox 890 2549 1361 2631; x_wconf 87' lang='lat' dir='ltr'>Evangelium</span> <span class='ocrx_word' id='word_1_151' title='bbox 1407 2548 1633 2611; x_wconf 87' lang='lat' dir='ltr'>libere</span> <span class='ocrx_word' id='word_1_152' title='bbox 1692 2560 1761 2611; x_wconf 89' lang='lat' dir='ltr'>et</span> <span class='ocrx_word' id='word_1_153' title='bbox 1828 2570 2006 2630; x_wconf 87' lang='lat' dir='ltr'>pure</span> <span class='ocrx_word' id='word_1_154' title='bbox 2063 2548 2509 2630; x_wconf 88' lang='lat' dir='ltr'>praedicari,</span> <span class='ocrx_word' id='word_1_155' title='bbox 2569 2548 2760 2628; x_wconf 90' lang='lat' dir='ltr'>quod</span> <span class='ocrx_word' id='word_1_156' title='bbox 2814 2545 3182 2628; x_wconf 87' lang='lat' dir='ltr'>permittat</span> 
     </span>
     <span class='ocr_line' id='line_1_20' title="bbox 606 2654 3175 2737; baseline -0.002 -18"><span class='ocrx_word' id='word_1_157' title='bbox 606 2657 815 2719; x_wconf 90' lang='lat' dir='ltr'>Clero</span> <span class='ocrx_word' id='word_1_158' title='bbox 850 2676 1152 2735; x_wconf 78' lang='lat' dir='ltr'>-uxoreS,</span> <span class='ocrx_word' id='word_1_159' title='bbox 1203 2657 1393 2737; x_wconf 90' lang='lat' dir='ltr'>quod</span> <span class='ocrx_word' id='word_1_160' title='bbox 1445 2658 1681 2719; x_wconf 88' lang='lat' dir='ltr'>omnia</span> <span class='ocrx_word' id='word_1_161' title='bbox 1726 2656 2158 2719; x_wconf 86' lang='lat' dir='ltr'>monasteria</span> <span class='ocrx_word' id='word_1_162' title='bbox 2205 2656 2517 2737; x_wconf 90' lang='lat' dir='ltr'>patiatur</span> <span class='ocrx_word' id='word_1_163' title='bbox 2566 2654 2747 2716; x_wconf 89' lang='lat' dir='ltr'>dirui</span> <span class='ocrx_word' id='word_1_164' title='bbox 2795 2663 2938 2716; x_wconf 86' lang='lat' dir='ltr'>tam</span> <span class='ocrx_word' id='word_1_165' title='bbox 3005 2672 3175 2734; x_wconf 89' lang='lat' dir='ltr'>opu·</span> 
     </span>
     <span class='ocr_line' id='line_1_21' title="bbox 606 2760 3176 2845; baseline -0.002 -18"><span class='ocrx_word' id='word_1_166' title='bbox 606 2768 799 2827; x_wconf 89' lang='lat' dir='ltr'>lenta</span> <span class='ocrx_word' id='word_1_167' title='bbox 831 2784 1041 2845; x_wconf 89' lang='lat' dir='ltr'>quam</span> <span class='ocrx_word' id='word_1_168' title='bbox 1074 2763 1628 2829; x_wconf 86' lang='lat' dir='ltr'>mendicantium</span> <span class='ocrx_word' id='word_1_169' title='bbox 1663 2784 1821 2826; x_wconf 90' lang='lat' dir='ltr'>cum</span> <span class='ocrx_word' id='word_1_170' title='bbox 1869 2764 2027 2826; x_wconf 89' lang='lat' dir='ltr'>aliis</span> <span class='ocrx_word' id='word_1_171' title='bbox 2074 2763 2312 2825; x_wconf 87' lang='lat' dir='ltr'>multis</span> <span class='ocrx_word' id='word_1_172' title='bbox 2358 2760 2862 2825; x_wconf 87' lang='lat' dir='ltr'>observantiae</span> <span class='ocrx_word' id='word_1_173' title='bbox 2909 2760 3176 2822; x_wconf 89' lang='lat' dir='ltr'>christi-</span> 
     </span>
     <span class='ocr_line' id='line_1_22' title="bbox 608 2868 3182 2954; baseline -0.002 -18"><span class='ocrx_word' id='word_1_174' title='bbox 608 2894 787 2936; x_wconf 88' lang='lat' dir='ltr'>anae</span> <span class='ocrx_word' id='word_1_175' title='bbox 835 2872 1191 2944; x_wconf 87' lang='lat' dir='ltr'>adversis;</span> <span class='ocrx_word' id='word_1_176' title='bbox 1260 2892 1443 2954; x_wconf 91' lang='lat' dir='ltr'>quae</span> <span class='ocrx_word' id='word_1_177' title='bbox 1509 2870 1834 2936; x_wconf 90' lang='lat' dir='ltr'>Marchio</span> <span class='ocrx_word' id='word_1_178' title='bbox 1894 2872 2017 2934; x_wconf 91' lang='lat' dir='ltr'>ille</span> <span class='ocrx_word' id='word_1_179' title='bbox 2077 2871 2314 2934; x_wconf 89' lang='lat' dir='ltr'>omnia</span> <span class='ocrx_word' id='word_1_180' title='bbox 2375 2868 2632 2932; x_wconf 89' lang='lat' dir='ltr'>dicitur</span> <span class='ocrx_word' id='word_1_181' title='bbox 2695 2868 3062 2940; x_wconf 81' lang='lat' dir='ltr'>annuisse:</span> <span class='ocrx_word' id='word_1_182' title='bbox 3120 2868 3182 2930; x_wconf 91' lang='lat' dir='ltr'>is</span> 
     </span>
     <span class='ocr_line' id='line_1_23' title="bbox 608 2975 3176 3058; baseline -0.002 -14"><span class='ocrx_word' id='word_1_183' title='bbox 608 2983 765 3044; x_wconf 92' lang='lat' dir='ltr'>loco</span> <span class='ocrx_word' id='word_1_184' title='bbox 824 2979 1260 3044; x_wconf 87' lang='lat' dir='ltr'>Ferdinandi</span> <span class='ocrx_word' id='word_1_185' title='bbox 1321 2981 1457 3042; x_wconf 91' lang='lat' dir='ltr'>hoc</span> <span class='ocrx_word' id='word_1_186' title='bbox 1516 3000 1705 3042; x_wconf 89' lang='lat' dir='ltr'>anno</span> <span class='ocrx_word' id='word_1_187' title='bbox 1772 2979 1906 3041; x_wconf 87' lang='lat' dir='ltr'>fuit</span> <span class='ocrx_word' id='word_1_188' title='bbox 1971 2981 2203 3041; x_wconf 88' lang='lat' dir='ltr'>locum</span> <span class='ocrx_word' id='word_1_189' title='bbox 2267 2987 2520 3040; x_wconf 88' lang='lat' dir='ltr'>tenens</span> <span class='ocrx_word' id='word_1_190' title='bbox 2579 2977 3040 3058; x_wconf 87' lang='lat' dir='ltr'>Imperatoris</span> <span class='ocrx_word' id='word_1_191' title='bbox 3105 2975 3176 3038; x_wconf 84' lang='lat' dir='ltr'>in</span> 
     </span>
     <span class='ocr_line' id='line_1_24' title="bbox 606 3085 2611 3172; baseline -0.003 -19"><span class='ocrx_word' id='word_1_192' title='bbox 606 3090 979 3172; x_wconf 89' lang='lat' dir='ltr'>regimine:</span> <span class='ocrx_word' id='word_1_193' title='bbox 1032 3090 1243 3170; x_wconf 87' lang='lat' dir='ltr'>quale</span> <span class='ocrx_word' id='word_1_194' title='bbox 1293 3097 1507 3170; x_wconf 90' lang='lat' dir='ltr'>caput</span> <span class='ocrx_word' id='word_1_195' title='bbox 1554 3088 1698 3150; x_wconf 91' lang='lat' dir='ltr'>tale</span> <span class='ocrx_word' id='word_1_196' title='bbox 1745 3090 2222 3149; x_wconf 90' lang='lat' dir='ltr'>membrorum</span> <span class='ocrx_word' id='word_1_197' title='bbox 2270 3085 2611 3167; x_wconf 87' lang='lat' dir='ltr'>regimen.</span> 
     </span>
    </p>

    <p class='ocr_par' dir='ltr' id='par_1_4' title="bbox 608 3191 3182 4134">
     <span class='ocr_line' id='line_1_25' title="bbox 785 3191 3176 3279; baseline -0.003 -20"><span class='ocrx_word' id='word_1_198' title='bbox 785 3197 1082 3262; x_wconf 84' lang='lat' dir='ltr'>Decima</span> <span class='ocrx_word' id='word_1_199' title='bbox 1131 3197 1421 3279; x_wconf 77' lang='lat' dir='ltr'>Aprilis,</span> <span class='ocrx_word' id='word_1_200' title='bbox 1518 3194 1862 3258; x_wconf 88' lang='lat' dir='ltr'>Albertus</span> <span class='ocrx_word' id='word_1_201' title='bbox 1909 3193 2232 3256; x_wconf 90' lang='lat' dir='ltr'>Marchio</span> <span class='ocrx_word' id='word_1_202' title='bbox 2297 3192 2968 3273; x_wconf 86' lang='lat' dir='ltr'>Brandeburgensis</span> <span class='ocrx_word' id='word_1_203' title='bbox 3029 3191 3176 3253; x_wconf 92' lang='lat' dir='ltr'>Ma-</span> 
     </span>
     <span class='ocr_line' id='line_1_26' title="bbox 611 3299 3178 3387; baseline -0.002 -21"><span class='ocrx_word' id='word_1_204' title='bbox 611 3305 836 3387; x_wconf 87' lang='lat' dir='ltr'>gister</span> <span class='ocrx_word' id='word_1_205' title='bbox 882 3305 1179 3368; x_wconf 90' lang='lat' dir='ltr'>militum</span> <span class='ocrx_word' id='word_1_206' title='bbox 1228 3303 1299 3365; x_wconf 78' lang='lat' dir='ltr'>S.</span> <span class='ocrx_word' id='word_1_207' title='bbox 1348 3303 1623 3366; x_wconf 89' lang='lat' dir='ltr'>Mariae</span> <span class='ocrx_word' id='word_1_208' title='bbox 1682 3303 1749 3364; x_wconf 89' lang='lat' dir='ltr'>in</span> <span class='ocrx_word' id='word_1_209' title='bbox 1804 3300 2094 3364; x_wconf 84' lang='lat' dir='ltr'>Prussia</span> <span class='ocrx_word' id='word_1_210' title='bbox 2151 3299 2796 3364; x_wconf 87' lang='lat' dir='ltr'>Lutheranissimus</span> <span class='ocrx_word' id='word_1_211' title='bbox 2857 3299 3178 3361; x_wconf 86' lang='lat' dir='ltr'>ordinem</span> 
     </span>
     <span class='ocr_line' id='line_1_27' title="bbox 608 3407 3176 3492; baseline -0.002 -20"><span class='ocrx_word' id='word_1_212' title='bbox 608 3412 923 3492; x_wconf 86' lang='lat' dir='ltr'>deponit,</span> <span class='ocrx_word' id='word_1_213' title='bbox 972 3411 1377 3490; x_wconf 86' lang='lat' dir='ltr'>homagium</span> <span class='ocrx_word' id='word_1_214' title='bbox 1426 3417 1745 3490; x_wconf 85' lang='lat' dir='ltr'>praestat</span> <span class='ocrx_word' id='word_1_215' title='bbox 1805 3409 2002 3490; x_wconf 88' lang='lat' dir='ltr'>Regi</span> <span class='ocrx_word' id='word_1_216' title='bbox 2050 3407 2417 3488; x_wconf 90' lang='lat' dir='ltr'>Poloniae,</span> <span class='ocrx_word' id='word_1_217' title='bbox 2473 3407 2542 3469; x_wconf 92' lang='lat' dir='ltr'>in</span> <span class='ocrx_word' id='word_1_218' title='bbox 2595 3407 2868 3468; x_wconf 89' lang='lat' dir='ltr'>Ducem</span> <span class='ocrx_word' id='word_1_219' title='bbox 2934 3409 3026 3469; x_wconf 91' lang='lat' dir='ltr'>ab</span> <span class='ocrx_word' id='word_1_220' title='bbox 3091 3426 3176 3467; x_wconf 90' lang='lat' dir='ltr'>eo</span> 
     </span>
     <span class='ocr_line' id='line_1_28' title="bbox 610 3511 3177 3597; baseline -0.002 -18"><span class='ocrx_word' id='word_1_221' title='bbox 610 3527 889 3580; x_wconf 88' lang='lat' dir='ltr'>creatur</span> <span class='ocrx_word' id='word_1_222' title='bbox 917 3516 1449 3597; x_wconf 86' lang='lat' dir='ltr'>Montisregalis</span> <span class='ocrx_word' id='word_1_223' title='bbox 1496 3525 1569 3579; x_wconf 88' lang='lat' dir='ltr'>et</span> <span class='ocrx_word' id='word_1_224' title='bbox 1612 3516 1848 3578; x_wconf 88' lang='lat' dir='ltr'>omnia</span> <span class='ocrx_word' id='word_1_225' title='bbox 1897 3536 2079 3597; x_wconf 89' lang='lat' dir='ltr'>quae</span> <span class='ocrx_word' id='word_1_226' title='bbox 2129 3515 2306 3576; x_wconf 88' lang='lat' dir='ltr'>ordo</span> <span class='ocrx_word' id='word_1_227' title='bbox 2355 3515 2427 3576; x_wconf 92' lang='lat' dir='ltr'>in</span> <span class='ocrx_word' id='word_1_228' title='bbox 2475 3513 2766 3576; x_wconf 87' lang='lat' dir='ltr'>Prussia</span> <span class='ocrx_word' id='word_1_229' title='bbox 2811 3513 3062 3576; x_wconf 86' lang='lat' dir='ltr'>habuit</span> <span class='ocrx_word' id='word_1_230' title='bbox 3103 3511 3177 3575; x_wconf 89' lang='lat' dir='ltr'>in</span> 
     </span>
     <span class='ocr_line' id='line_1_29' title="bbox 610 3619 3178 3705; baseline -0.001 -21"><span class='ocrx_word' id='word_1_231' title='bbox 610 3623 901 3685; x_wconf 89' lang='lat' dir='ltr'>feudum</span> <span class='ocrx_word' id='word_1_232' title='bbox 964 3624 1245 3704; x_wconf 89' lang='lat' dir='ltr'>accepit</span> <span class='ocrx_word' id='word_1_233' title='bbox 1314 3645 1357 3685; x_wconf 85' lang='lat' dir='ltr'>a</span> <span class='ocrx_word' id='word_1_234' title='bbox 1418 3622 1635 3705; x_wconf 90' lang='lat' dir='ltr'>Rege</span> <span class='ocrx_word' id='word_1_235' title='bbox 1706 3623 1857 3686; x_wconf 86' lang='lat' dir='ltr'>iure</span> <span class='ocrx_word' id='word_1_236' title='bbox 1919 3620 2404 3684; x_wconf 88' lang='lat' dir='ltr'>haereditario</span> <span class='ocrx_word' id='word_1_237' title='bbox 2475 3641 2606 3703; x_wconf 91' lang='lat' dir='ltr'>pro</span> <span class='ocrx_word' id='word_1_238' title='bbox 2669 3641 2746 3682; x_wconf 88' lang='lat' dir='ltr'>se</span> <span class='ocrx_word' id='word_1_239' title='bbox 2819 3629 2890 3682; x_wconf 88' lang='lat' dir='ltr'>et</span> <span class='ocrx_word' id='word_1_240' title='bbox 2952 3619 3178 3682; x_wconf 87' lang='lat' dir='ltr'>tribus</span> 
     </span>
     <span class='ocr_line' id='line_1_30' title="bbox 610 3728 3178 3810; baseline -0.001 -19"><span class='ocrx_word' id='word_1_241' title='bbox 610 3728 982 3804; x_wconf 80' lang='lat' dir='ltr'>fratribus;</span> <span class='ocrx_word' id='word_1_242' title='bbox 1032 3731 1213 3792; x_wconf 89' lang='lat' dir='ltr'>sicut</span> <span class='ocrx_word' id='word_1_243' title='bbox 1259 3729 1639 3810; x_wconf 89' lang='lat' dir='ltr'>Joannitae</span> <span class='ocrx_word' id='word_1_244' title='bbox 1673 3730 2034 3808; x_wconf 85' lang='lat' dir='ltr'>Rhodum,</span> <span class='ocrx_word' id='word_1_245' title='bbox 2086 3729 2184 3790; x_wconf 90' lang='lat' dir='ltr'>sic</span> <span class='ocrx_word' id='word_1_246' title='bbox 2219 3728 2524 3790; x_wconf 89' lang='lat' dir='ltr'>Mariani</span> <span class='ocrx_word' id='word_1_247' title='bbox 2553 3728 2912 3790; x_wconf 86' lang='lat' dir='ltr'>Prussiam</span> <span class='ocrx_word' id='word_1_248' title='bbox 2943 3731 3178 3809; x_wconf 89' lang='lat' dir='ltr'>(quam</span> 
     </span>
     <span class='ocr_line' id='line_1_31' title="bbox 612 3834 3182 3919; baseline -0.003 -18"><span class='ocrx_word' id='word_1_249' title='bbox 612 3836 824 3901; x_wconf 87' lang='lat' dir='ltr'>armis</span> <span class='ocrx_word' id='word_1_250' title='bbox 904 3846 975 3898; x_wconf 90' lang='lat' dir='ltr'>et</span> <span class='ocrx_word' id='word_1_251' title='bbox 1054 3837 1403 3918; x_wconf 89' lang='lat' dir='ltr'>sanguine</span> <span class='ocrx_word' id='word_1_252' title='bbox 1474 3837 1866 3919; x_wconf 86' lang='lat' dir='ltr'>quaesitam</span> <span class='ocrx_word' id='word_1_253' title='bbox 1935 3834 2476 3900; x_wconf 86' lang='lat' dir='ltr'><strong>CCLXXXXI</strong></span> <span class='ocrx_word' id='word_1_254' title='bbox 2525 3855 2634 3898; x_wconf 85' lang='lat' dir='ltr'>an.</span> <span class='ocrx_word' id='word_1_255' title='bbox 2701 3834 3182 3912; x_wconf 89' lang='lat' dir='ltr'>obtinuerunt)</span> 
     </span>
     <span class='ocr_line' id='line_1_32' title="bbox 613 3940 3181 4026; baseline -0.002 -21"><span class='ocrx_word' id='word_1_256' title='bbox 613 3944 1014 4010; x_wconf 86' lang='lat' dir='ltr'>amiserunt.</span> <span class='ocrx_word' id='word_1_257' title='bbox 1096 3944 1424 4026; x_wconf 86' lang='lat' dir='ltr'>Augetur</span> <span class='ocrx_word' id='word_1_258' title='bbox 1485 3944 1803 4007; x_wconf 85' lang='lat' dir='ltr'>haeresis</span> <span class='ocrx_word' id='word_1_259' title='bbox 1869 3964 1999 4026; x_wconf 85' lang='lat' dir='ltr'>per</span> <span class='ocrx_word' id='word_1_260' title='bbox 2048 3953 2271 4005; x_wconf 88' lang='lat' dir='ltr'>totam</span> <span class='ocrx_word' id='word_1_261' title='bbox 2323 3941 2680 4004; x_wconf 87' lang='lat' dir='ltr'>Prussiam</span> <span class='ocrx_word' id='word_1_262' title='bbox 2729 3951 2802 4003; x_wconf 90' lang='lat' dir='ltr'>et</span> <span class='ocrx_word' id='word_1_263' title='bbox 2849 3940 3181 4003; x_wconf 87' lang='lat' dir='ltr'>catholici</span> 
     </span>
     <span class='ocr_line' id='line_1_33' title="bbox 614 4051 1531 4134; baseline 0.001 -19"><span class='ocrx_word' id='word_1_264' title='bbox 614 4073 696 4115; x_wconf 92' lang='lat' dir='ltr'>ac</span> <span class='ocrx_word' id='word_1_265' title='bbox 742 4051 1103 4134; x_wconf 90' lang='lat' dir='ltr'>Religiosi</span> <span class='ocrx_word' id='word_1_266' title='bbox 1150 4054 1531 4134; x_wconf 89' lang='lat' dir='ltr'>pelluntur.</span> 
     </span>
    </p>

    <p class='ocr_par' dir='ltr' id='par_1_5' title="bbox 612 4155 3190 4991">
     <span class='ocr_line' id='line_1_34' title="bbox 790 4155 3182 4242; baseline -0.001 -21"><span class='ocrx_word' id='word_1_267' title='bbox 790 4159 869 4221; x_wconf 91' lang='lat' dir='ltr'>In</span> <span class='ocrx_word' id='word_1_268' title='bbox 925 4157 1203 4222; x_wconf 86' lang='lat' dir='ltr'>Alsatia</span> <span class='ocrx_word' id='word_1_269' title='bbox 1248 4159 1599 4242; x_wconf 88' lang='lat' dir='ltr'>superiori</span> <span class='ocrx_word' id='word_1_270' title='bbox 1648 4169 1719 4220; x_wconf 91' lang='lat' dir='ltr'>et</span> <span class='ocrx_word' id='word_1_271' title='bbox 1766 4156 2118 4236; x_wconf 86' lang='lat' dir='ltr'>inferiori,</span> <span class='ocrx_word' id='word_1_272' title='bbox 2182 4155 2445 4236; x_wconf 92' lang='lat' dir='ltr'>ubique</span> <span class='ocrx_word' id='word_1_273' title='bbox 2503 4155 2856 4217; x_wconf 90' lang='lat' dir='ltr'>rebellant</span> <span class='ocrx_word' id='word_1_274' title='bbox 2915 4155 3182 4236; x_wconf 67' lang='lat' dir='ltr'>rustici,</span> 
     </span>
     <span class='ocr_line' id='line_1_35' title="bbox 616 4261 3182 4349; baseline -0.002 -20"><span class='ocrx_word' id='word_1_275' title='bbox 616 4265 881 4349; x_wconf 91' lang='lat' dir='ltr'>oppida</span> <span class='ocrx_word' id='word_1_276' title='bbox 928 4265 1239 4349; x_wconf 88' lang='lat' dir='ltr'>capiunt,</span> <span class='ocrx_word' id='word_1_277' title='bbox 1289 4265 1713 4330; x_wconf 86' lang='lat' dir='ltr'>monasteria</span> <span class='ocrx_word' id='word_1_278' title='bbox 1762 4276 1834 4326; x_wconf 89' lang='lat' dir='ltr'>et</span> <span class='ocrx_word' id='word_1_279' title='bbox 1882 4283 2086 4327; x_wconf 89' lang='lat' dir='ltr'>arces</span> <span class='ocrx_word' id='word_1_280' title='bbox 2119 4263 2425 4343; x_wconf 90' lang='lat' dir='ltr'>diruunt,</span> <span class='ocrx_word' id='word_1_281' title='bbox 2467 4282 2720 4343; x_wconf 86' lang='lat' dir='ltr'>parum</span> <span class='ocrx_word' id='word_1_282' title='bbox 2751 4261 2983 4325; x_wconf 88' lang='lat' dir='ltr'>abfuit</span> <span class='ocrx_word' id='word_1_283' title='bbox 3017 4263 3182 4343; x_wconf 91' lang='lat' dir='ltr'>quin</span> 
     </span>
     <span class='ocr_line' id='line_1_36' title="bbox 618 4369 3184 4454; baseline -0.002 -18"><span class='ocrx_word' id='word_1_284' title='bbox 618 4373 1090 4454; x_wconf 86' lang='lat' dir='ltr'>Argentinam</span> <span class='ocrx_word' id='word_1_285' title='bbox 1136 4370 1546 4454; x_wconf 90' lang='lat' dir='ltr'>proditione</span> <span class='ocrx_word' id='word_1_286' title='bbox 1592 4373 1988 4453; x_wconf 87' lang='lat' dir='ltr'>aliquorum</span> <span class='ocrx_word' id='word_1_287' title='bbox 2036 4369 2291 4432; x_wconf 86' lang='lat' dir='ltr'>civium</span> <span class='ocrx_word' id='word_1_288' title='bbox 2341 4379 2834 4452; x_wconf 89' lang='lat' dir='ltr'>occupassent,</span> <span class='ocrx_word' id='word_1_289' title='bbox 2865 4369 2993 4432; x_wconf 91' lang='lat' dir='ltr'>sed</span> <span class='ocrx_word' id='word_1_290' title='bbox 3023 4389 3184 4451; x_wconf 89' lang='lat' dir='ltr'>pro-</span> 
     </span>
     <span class='ocr_line' id='line_1_37' title="bbox 616 4475 3184 4562; baseline -0.002 -19"><span class='ocrx_word' id='word_1_291' title='bbox 616 4481 883 4543; x_wconf 89' lang='lat' dir='ltr'>ditione</span> <span class='ocrx_word' id='word_1_292' title='bbox 931 4481 1239 4562; x_wconf 89' lang='lat' dir='ltr'>cognita‚</span> <span class='ocrx_word' id='word_1_293' title='bbox 1290 4479 1713 4561; x_wconf 88' lang='lat' dir='ltr'>supplicium</span> <span class='ocrx_word' id='word_1_294' title='bbox 1761 4487 2118 4560; x_wconf 89' lang='lat' dir='ltr'>sumptum</span> <span class='ocrx_word' id='word_1_295' title='bbox 2167 4486 2276 4540; x_wconf 90' lang='lat' dir='ltr'>est</span> <span class='ocrx_word' id='word_1_296' title='bbox 2315 4478 2406 4539; x_wconf 90' lang='lat' dir='ltr'>de</span> <span class='ocrx_word' id='word_1_297' title='bbox 2452 4475 2957 4558; x_wconf 80' lang='lat' dir='ltr'>proditoribus,</span> <span class='ocrx_word' id='word_1_298' title='bbox 3035 4477 3184 4539; x_wconf 89' lang='lat' dir='ltr'>Iam</span> 
     </span>
     <span class='ocr_line' id='line_1_38' title="bbox 612 4583 3186 4667; baseline -0.001 -18"><span class='ocrx_word' id='word_1_299' title='bbox 612 4589 751 4649; x_wconf 90' lang='lat' dir='ltr'>iam</span> <span class='ocrx_word' id='word_1_300' title='bbox 800 4588 1099 4649; x_wconf 89' lang='lat' dir='ltr'>decursa</span> <span class='ocrx_word' id='word_1_301' title='bbox 1147 4586 1393 4648; x_wconf 88' lang='lat' dir='ltr'>Rheni</span> <span class='ocrx_word' id='word_1_302' title='bbox 1446 4586 1605 4667; x_wconf 90' lang='lat' dir='ltr'>ripa</span> <span class='ocrx_word' id='word_1_303' title='bbox 1652 4585 2041 4648; x_wconf 88' lang='lat' dir='ltr'>dominium</span> <span class='ocrx_word' id='word_1_304' title='bbox 2088 4583 2430 4667; x_wconf 89' lang='lat' dir='ltr'>Episcopi</span> <span class='ocrx_word' id='word_1_305' title='bbox 2479 4584 2828 4646; x_wconf 90' lang='lat' dir='ltr'>invadunt</span> <span class='ocrx_word' id='word_1_306' title='bbox 2889 4593 2960 4646; x_wconf 90' lang='lat' dir='ltr'>et</span> <span class='ocrx_word' id='word_1_307' title='bbox 3008 4585 3186 4646; x_wconf 90' lang='lat' dir='ltr'>obti-</span> 
     </span>
     <span class='ocr_line' id='line_1_39' title="bbox 616 4690 3188 4774; baseline -0.002 -17"><span class='ocrx_word' id='word_1_308' title='bbox 616 4703 822 4774; x_wconf 89' lang='lat' dir='ltr'>nent,</span> <span class='ocrx_word' id='word_1_309' title='bbox 894 4691 1361 4756; x_wconf 88' lang='lat' dir='ltr'>minitabundi</span> <span class='ocrx_word' id='word_1_310' title='bbox 1419 4713 1495 4756; x_wconf 88' lang='lat' dir='ltr'>se</span> <span class='ocrx_word' id='word_1_311' title='bbox 1545 4703 1820 4756; x_wconf 89' lang='lat' dir='ltr'>vastum</span> <span class='ocrx_word' id='word_1_312' title='bbox 1881 4711 2182 4774; x_wconf 89' lang='lat' dir='ltr'>regnum</span> <span class='ocrx_word' id='word_1_313' title='bbox 2247 4701 2317 4753; x_wconf 91' lang='lat' dir='ltr'>et</span> <span class='ocrx_word' id='word_1_314' title='bbox 2377 4690 2918 4773; x_wconf 89' lang='lat' dir='ltr'>Lotharingiam</span> <span class='ocrx_word' id='word_1_315' title='bbox 2984 4711 3188 4754; x_wconf 89' lang='lat' dir='ltr'>occu-</span> 
     </span>
     <span class='ocr_line' id='line_1_40' title="bbox 616 4798 3190 4884; baseline -0.001 -20"><span class='ocrx_word' id='word_1_316' title='bbox 616 4811 929 4884; x_wconf 73' lang='lat' dir='ltr'>paturos</span> <span class='ocrx_word' id='word_1_317' title='bbox 1024 4801 1379 4865; x_wconf 90' lang='lat' dir='ltr'>Antonius</span> <span class='ocrx_word' id='word_1_318' title='bbox 1424 4821 1599 4864; x_wconf 88' lang='lat' dir='ltr'>vero</span> <span class='ocrx_word' id='word_1_319' title='bbox 1650 4803 1818 4864; x_wconf 83' lang='lat' dir='ltr'>Dux</span> <span class='ocrx_word' id='word_1_320' title='bbox 1870 4799 2378 4881; x_wconf 89' lang='lat' dir='ltr'>Lotharingius</span> <span class='ocrx_word' id='word_1_321' title='bbox 2409 4800 2496 4861; x_wconf 91' lang='lat' dir='ltr'>de</span> <span class='ocrx_word' id='word_1_322' title='bbox 2533 4819 2774 4862; x_wconf 88' lang='lat' dir='ltr'>eorum</span> <span class='ocrx_word' id='word_1_323' title='bbox 2805 4798 3190 4862; x_wconf 87' lang='lat' dir='ltr'>insolentia</span> 
     </span>
     <span class='ocr_line' id='line_1_41' title="bbox 618 4905 3183 4991; baseline -0.002 -20"><span class='ocrx_word' id='word_1_324' title='bbox 618 4919 690 4972; x_wconf 91' lang='lat' dir='ltr'>et</span> <span class='ocrx_word' id='word_1_325' title='bbox 736 4909 1103 4991; x_wconf 87' lang='lat' dir='ltr'>proposito</span> <span class='ocrx_word' id='word_1_326' title='bbox 1152 4909 1413 4972; x_wconf 86' lang='lat' dir='ltr'>certior</span> <span class='ocrx_word' id='word_1_327' title='bbox 1467 4909 1729 4990; x_wconf 82' lang='lat' dir='ltr'>factuS,</span> <span class='ocrx_word' id='word_1_328' title='bbox 1797 4907 2298 4971; x_wconf 87' lang='lat' dir='ltr'>adiuvantibus</span> <span class='ocrx_word' id='word_1_329' title='bbox 2361 4905 2734 4968; x_wconf 89' lang='lat' dir='ltr'>comitibus</span> <span class='ocrx_word' id='word_1_330' title='bbox 2783 4915 2854 4968; x_wconf 88' lang='lat' dir='ltr'>et</span> <span class='ocrx_word' id='word_1_331' title='bbox 2900 4905 3183 4969; x_wconf 88' lang='lat' dir='ltr'>baroni-</span> 
     </span>
    </p>
   </div>
   <div class='ocr_carea' id='block_1_3' title="bbox 3550 726 3575 5745">
    <p class='ocr_par' dir='ltr' id='par_1_6' title="bbox 3550 726 3575 5745">
     <span class='ocr_line' id='line_1_42' title="bbox 3550 726 3575 5745; baseline 0 0"><span class='ocrx_word' id='word_1_332' title='bbox 3550 726 3575 5745; x_wconf 95' lang='lat' dir='ltr'> </span> 
     </span>
    </p>
   </div>
  </div>
 </body>
</html>
