3575 5775
1362 587 1853 646 oe<33178>=<>

504 734 850 798 Civitates
897 755 1181 818 quoque
1228 729 1389 797 huic
1438 735 1733 816 negotio
1762 735 2046 798 minime
2079 736 2356 816 desunt,
2407 737 2597 817 quod
2631 759 2707 800 se
2757 737 2889 800 hac

337 843 765 924 potissimum
812 842 933 905 via
994 861 1037 905 a
1084 841 1339 905 ceteris
1389 863 1672 924 quoque
1719 862 1970 924 regum
2016 863 2097 905 ac
2151 829 2665 925 Imperatorum
2729 865 2888 907 one-

338 949 521 1012 ribus
570 959 909 1013 excutere
958 959 1287 1032 sperant;
1354 971 1569 1032 super
1629 951 1765 1012 hoc
1829 970 2199 1013 commune
2249 952 2316 1012 in
2369 952 2891 1016 ecclesiasticos

340 1057 565 1119 odiu'm
616 1066 742 1122 est.
840 1054 1023 1119 Sunt
1070 1066 1141 1118 et
1190 1057 1329 1119 alia
1377 1077 1558 1138 quae
1622 1077 1906 1119 causam
1968 1058 2152 1120 hanc
2211 1067 2403 1120 certe
2471 1080 2610 1122 non
2677 1060 2890 1123 modo

338 1163 668 1227 adiuvant
700 1165 824 1226 sed
862 1174 934 1226 et
960 1165 1425 1226 vehementer
1454 1165 1753 1244 irritant,
1788 1163 2040 1245 quibus
2075 1165 2397 1227 omnibus
2431 1186 2572 1228 una
2603 1167 2892 1228 tandem

339 1289 549 1352 opera
604 1270 1103 1334 succrescendi
1150 1271 1285 1334 erit
1345 1281 1417 1334 et
1482 1270 1764 1334 minime
1844 1270 2297 1352 quiescendi,
2363 1291 2610 1335 verum
2681 1293 2892 1355 quam

338 1377 627 1458 primum
676 1387 845 1440 nato
892 1378 1031 1440 iam
1080 1379 1345 1440 dudum
1393 1377 1723 1442 incendio
1774 1399 1858 1442 ac
1916 1378 2086 1441 alito
2145 1379 2618 1461 obviandum,
2674 1381 2890 1462 idque

338 1505 469 1548 non
502 1484 637 1548 nisi
668 1485 1039 1548 commodo
1069 1485 1387 1549 remedio
1422 1505 1505 1548 ac
1536 1488 1825 1548 valente
1860 1485 2306 1566 restinguere
2334 1507 2422 1549 ne
2459 1485 2627 1550 item
2657 1499 2888 1570 poste—

337 1590 515 1654 riora
596 1591 781 1654 illius
860 1591 1116 1655 fierent
1177 1593 1426 1674 peiora
1492 1593 1870 1676 prioribus,
1984 1591 2218 1672 Super
2281 1613 2420 1674 quo
2487 1593 2656 1674 quid
2721 1595 2891 1656 mihi

340 1701 728 1762 conducere
776 1699 1025 1780 visum,
1074 1719 1217 1762 non
1268 1702 1397 1762 abs
1445 1720 1524 1761 re
1571 1699 1727 1762 ior-e
1775 1698 2024 1781 putavi
2071 1699 2153 1762 T.
2204 1697 2276 1762 S.
2329 1720 2799 1764 commonere.

504 1805 867 1888 Principio
916 1826 1071 1868 cum
1121 1807 1317 1868 nulla
1363 1805 1495 1868 nisi
1544 1806 1771 1868 Verbi
1819 1826 2035 1868 causa
2083 1814 2372 1888 agatur,
2445 1807 2614 1869 nihil
2680 1808 2889 1871 etiam

340 1914 460 1975 nisi
518 1917 817 1977 verbum
885 1914 975 1978 sit
1022 1913 1159 1976 Dei
1223 1915 1416 1996 apud
1477 1934 1607 1976 nos
1663 1915 2025 1977 audiatur:
2097 1913 2620 1995 respiciendum
2680 1936 2894 1997 super

340 2019 815 2101 spiritualibus
861 2021 1074 2083 armis
1124 2029 1233 2083 est
1278 2031 1349 2084 et
1395 2019 1809 2103 potentibus
1859 2041 1944 2082 ex
1997 2021 2155 2082 Deo
2221 2023 2562 2082 adversus
2613 2043 2890 2085 omnem

342 2127 823 2208 munitionem,
901 2127 1157 2210 quibus
1227 2146 1369 2189 non
1455 2128 1676 2189 solum
1759 2127 2131 2208 impiorum
2204 2127 2497 2190 consilia
2569 2129 2890 2192 demoliri

344 2244 645 2316 oportet,
710 2236 834 2297 sed
899 2245 969 2296 et
1026 2233 1253 2297 omnis
1317 2234 1597 2296 illorum
1646 2234 1991 2296 celsitudo
2042 2235 2505 2315 deprimenda
2555 2245 2662 2298 est
2711 2257 2892 2318 quae

344 2362 411 2403 se
458 2341 739 2406 extollit
786 2343 1132 2405 adversus
1181 2341 1657 2423 cognitionem
1710 2341 1883 2421 Dei,
1955 2361 2088 2423 per
2135 2361 2316 2423 quae
2365 2342 2574 2404 etiam
2627 2344 2893 2425 cogita-

342 2449 558 2512 tiones
606 2453 985 2512 multorum
1034 2449 1506 2531 captivandae
1558 2458 1718 2512 sunt
1779 2458 1858 2510 ut
1907 2449 2247 2511 obediant
2296 2449 2595 2513 Christo.
2693 2451 2893 2514 Haec

343 2566 562 2619 autem
610 2577 808 2619 arma
857 2556 995 2619 Dei
1043 2566 1205 2618 sunt
1251 2556 1583 2618 baltheus
1632 2555 1990 2635 veritatis,
2055 2558 2315 2618 thorax
2363 2555 2707 2639 iustitiae,
2757 2561 2893 2621 cal-

344 2681 497 2725 ceus
545 2663 939 2745 evangelii,
1005 2672 1279 2726 scutum
1326 2661 1526 2744 fidei,
1598 2664 1812 2744 galea
1860 2663 2108 2724 salutis
2159 2672 2228 2723 et
2275 2663 2558 2744 gladius
2607 2665 2894 2746 spiritus

344 2769 450 2850 qui
498 2780 608 2833 est
653 2771 975 2834 Verbum
1023 2769 1181 2833 Dei.
1277 2769 1486 2850 Quod
1534 2769 1593 2832 si
1642 2773 1753 2832 vel
1806 2769 2040 2833 carnis
2087 2770 2416 2852 impietas
2456 2781 2576 2833 aut
2624 2773 2892 2835 diaboli

342 2876 511 2941 forte
542 2880 849 2941 assultus
894 2877 1007 2941 his
1055 2878 1313 2941 cedere
1362 2861 1790 2958 non⁴vellet,
1842 2887 2008 2939 tunc
2041 2876 2112 2939 in
2161 2890 2496 2960 promptu
2546 2879 2634 2941 sit
2686 2880 2892 2942 nobis

345 2984 665 3065 vindicta,
730 2987 1074 3047 adversus
1138 3004 1415 3047 omnem
1473 2984 2048 3047 inobedientiam.
2161 2984 2361 3049 Haec
2426 2986 2589 3048 ideo
2654 2984 2753 3049 Sa
2811 2986 2891 3050 T.

344 3110 781 3155 commonere
828 3092 1042 3154 velim
1092 3093 1283 3173 quod
1330 3112 1470 3154 non
1519 3092 1857 3153 suadeam
1907 3090 2270 3173 quippiam
2321 3112 2450 3172 per
2498 3093 2892 3173 potentiam

345 3198 489 3279 agi,
558 3199 678 3280 qui
743 3199 800 3260 si
850 3198 950 3260 ita
998 3200 1401 3261 conducere
1450 3197 1731 3260 videtur
1780 3198 1993 3260 etiam
2043 3208 2298 3279 sponte
2345 3197 2613 3279 aliquid
2667 3198 2757 3260 de
2806 3220 2892 3262 eo

343 3306 724 3385 remittere,
804 3316 1117 3368 ceterum
1174 3325 1456 3367 causam
1514 3304 1777 3367 virtute
1839 3304 2063 3367 Verbi
2129 3324 2220 3367 ex
2283 3326 2456 3367 vero
2516 3306 2889 3387 agendam,

346 3410 768 3475 dissimulato
843 3412 1124 3475 interim
1184 3396 1528 3495 quidquid
1604 3412 1833 3494 ipsam
1910 3432 2341 3493 exasperare
2405 3414 2664 3493 possit3
2730 3434 2891 3477 nam

346 3518 435 3581 sic
506 3519 851 3601 captivari
920 3530 1093 3601 puto
1150 3520 1495 3582 abductas
1562 3518 2068 3600 conscientias,
2133 3519 2190 3582 si
2269 3518 2530 3582 Christi
2609 3542 2892 3584 causam

346 3624 452 3705 agi
494 3625 793 3689 viderint
849 3646 993 3689 non
1041 3636 1377 3704 nostram,
1428 3635 1500 3689 et
1530 3625 2002 3708 proculdubio
2046 3637 2356 3689 nostram
2409 3628 2612 3689 nobis
2662 3650 2889 3691 mane-

346 3732 441 3795 bit
484 3733 808 3814 gloriam,
868 3735 1079 3796 modo
1152 3734 1412 3796 Christi
1496 3732 1769 3813 gloriae
1833 3752 2134 3814 syncere
2206 3734 2632 3799 studeamus,
2737 3735 2892 3797 Res

349 3858 507 3920 ergo
554 3842 776 3902 verbo
827 3842 1108 3921 agenda
1156 3851 1267 3903 est
1314 3849 1385 3902 et
1432 3840 1755 3919 veritate,
1804 3838 2184 3921 tyrannide
2235 3842 2457 3920 nulla,
2509 3842 2702 3903 nulla
2747 3841 2888 3904 vio·

347 3944 580 4029 lentia,
627 3947 762 4009 nisi
834 3948 1058 4009 sicubi
1108 3947 1311 4009 verbi
1360 3966 1491 4028 per
1537 3966 1715 4027 quos
1761 3945 2026 4009 veritas
2073 3946 2288 4009 fuerit
2335 3957 2610 4027 spreta;
2674 3958 2747 4010 at
2792 3948 2890 4010 in-

347 4054 529 4116 terim
574 4056 951 4118 multorum
1002 4053 1468 4116 abductorum
1517 4053 1814 4115 fratrum
1861 4054 2194 4115 habenda
2266 4065 2371 4115 est
2420 4054 2600 4117 ratio
2649 4066 2726 4116 ut
2787 4076 2888 4117 re-

347 4158 696 4225 dimantur.
818 4161 1171 4223 Utendum
1250 4180 1423 4241 ergo
1488 4162 1577 4221 de
1649 4159 1818 4223 viris
1887 4161 2362 4223 theodidactis
2441 4170 2509 4223 et
2588 4160 2886 4241 adflatis,

348 4266 579 4345 quibus
626 4268 903 4331 scilicet
965 4282 1035 4330 et
1089 4268 1317 4331 Verbi
1382 4267 1713 4330 iudicium
1790 4277 1898 4330 est
1961 4278 2030 4329 et
2100 4268 2387 4348 spiritus
2444 4268 2726 4343 unctio;
2793 4269 2892 4332 hii

349 4372 515 4436 enim
558 4386 831 4438 tantum
880 4375 1350 4458 spiritualium
1398 4396 1753 4439 armorum
1783 4374 2018 4457 periti,
2069 4375 2380 4455 gladium
2435 4375 2723 4458 spiritus
2772 4378 2890 4459 qui

350 4488 445 4541 est
498 4483 789 4544 verbum
853 4482 989 4544 Dei
1061 4494 1363 4563 utraque
1434 4501 1643 4545 manu
1712 4502 2002 4545 versare
2080 4492 2420 4563 possunt;
2492 4483 2563 4544 in
2636 4484 2890 4566 quibus

352 4594 527 4649 certa
568 4589 799 4669 prima
846 4600 1011 4671 post
1058 4590 1287 4651 Deum
1339 4608 1505 4670 spes
1554 4599 1679 4655 est.
1774 4589 2055 4651 Deinde
2098 4602 2492 4652 conventus
2540 4590 2658 4653 ille
2693 4592 2890 4655 Prin-

352 4691 561 4772 cipum
619 4695 1157 4777 Nurembergae
1213 4696 1495 4759 minime
1570 4696 2076 4777 negligenduS,
2144 4698 2271 4758 sed
2340 4698 2720 4761 mittendus
2781 4700 2892 4762 vir

354 4800 569 4877 gravis
615 4813 685 4865 et
733 4804 1091 4885 eruditus,
1156 4824 1419 4885 gnarus
1467 4803 1671 4866 verbi
1720 4812 1791 4864 et
1840 4804 1950 4865 cui
1999 4824 2140 4866 non
2193 4804 2376 4867 desit
2423 4825 2706 4887 quoque
2756 4806 2880 4888 spi·

353 4904 507 4969 ritus
551 4908 895 4975 iudicium.
992 4912 1167 4974 Post
1216 4910 1511 4974 Carolus
1558 4930 1641 4973 ac
1690 4910 1908 4974 ceteri
1958 4932 2170 4993 reges
2229 4920 2300 4973 et
2339 4912 2700 4996 principes
2749 4934 2888 4975 non
