3575 5775
1782 523 2241 582 0-43628m

729 673 860 735 che
921 671 990 736 io
1055 671 1241 735 facci
1301 672 1349 735 il
1417 672 1661 735 debito
1722 673 1895 746 mio:
1964 674 2349 736 tuttavolta
2412 681 2608 735 certo
2671 673 2806 735 hoc
2872 682 2978 735 est
3020 674 3303 736 addere

729 780 1035 843 calcaria
1083 789 1341 863 sponte
1386 779 1698 843 currenti
1747 799 1953 860 equ0,
2001 779 2268 862 perche
2318 779 2389 841 di
2436 781 2535 841 tal
2584 780 2797 843 modo
2846 801 2957 842 me
3002 799 3091 842 ne
3124 779 3301 842 affa-

727 887 881 969 tigo
929 889 1061 950 che
1108 888 1202 949 ho
1249 907 1462 969 perso
1512 888 1750 968 quello
1798 895 1989 949 resto
2040 887 2109 948 di
2150 886 2379 950 sanita
2409 887 2759 968 poccheto
2794 887 2926 949 che
2959 886 3028 949 io
3060 889 3306 949 havea

729 1005 798 1056 et
840 1006 950 1056 sto
983 993 1054 1056 in
1102 994 1525 1076 gravissimo
1573 994 1893 1075 periculo
1944 993 2015 1055 di
2064 995 2400 1057 continuo
2451 993 2521 1056 di
2571 1011 2766 1056 esser
2806 1005 3186 1072 amazzatO,
3226 1005 3307 1056 et

727 1111 1064 1182 quantum
1113 1101 1365 1163 attinet
1412 1103 1503 1164 ad
1551 1101 1856 1184 gratiam
1904 1109 1977 1163 et
2022 1100 2283 1164 famam
2328 1100 2733 1181 aliquidque
2769 1099 3069 1164 nominis
3098 1102 3303 1182 quod

725 1208 919 1289 prius
976 1209 1328 1271 habebam
1378 1209 1447 1270 in
1501 1207 1922 1289 Germania,
1988 1217 2172 1270 tutto
2220 1208 2261 1269 e
2309 1226 2520 1288 perso
2572 1218 2643 1269 et
2691 1209 2784 1270 mi
2830 1207 3050 1270 fanno
3098 1207 3305 1270 mille

727 1325 796 1378 et
863 1314 1052 1378 mille
1116 1315 1358 1379 insulti
1417 1327 1489 1380 et
1537 1315 1859 1379 comedie
1910 1316 2026 1378 del
2073 1315 2254 1378 fatto
2305 1315 2478 1394 mi0‚
2545 1335 2729 1396 quae
2778 1315 3013 1377 omnia
3058 1334 3303 1396 aequo

723 1422 958 1485 animo
1004 1423 1200 1504 fer0,
1268 1443 1500 1506 neque
1550 1443 1841 1506 prorsus
1889 1425 1981 1486 ab
2032 1441 2251 1504 opere
2302 1421 2570 1484 desisto
2619 1424 2706 1484 ad
2759 1425 3104 1485 honorem
3154 1420 3305 1484 Dei

724 1537 796 1592 et
861 1527 980 1592 S¹¹¹¹
1047 1529 1313 1593 domini
1373 1530 1597 1594 nostri
1659 1539 1730 1592 et
1796 1549 1860 1592 v.
1928 1527 2107 1592 er
2153 1529 2239 1591 D.
2305 1541 2519 1610 atque
2582 1530 2674 1591 ad
2724 1530 3171 1592 commodum
3224 1539 3303 1592 et

722 1636 1211 1700 defensionem
1269 1638 1708 1719 reipublicae
1769 1637 2234 1716 christianae,
2303 1638 2435 1699 che
2494 1655 2626 1716 per
2688 1640 2829 1698 mia
2876 1636 3040 1698 fede
3088 1646 3301 1699 tanto

721 1755 910 1806 temo
979 1745 1266 1826 quando
1327 1743 1519 1808 fusse
1585 1745 1655 1808 in
1723 1745 2011 1827 meggio
2061 1745 2300 1807 Roma
2360 1765 2401 1806 a
2460 1743 2572 1806 far
2628 1745 2695 1806 le
2743 1743 3091 1806 faccende
3158 1743 3303 1806 che

722 1849 840 1932 qui
891 1871 1000 1914 me
1047 1854 1489 1932 besognanO.
1585 1851 1799 1915 Certo
1857 1851 1897 1914 ὲ
1944 1853 2077 1914 che
2124 1850 2194 1914 io
2241 1851 2431 1913 vado
2478 1853 2618 1914 ben
2670 1861 3119 1914 cantamente
3168 1850 3301 1932 piu

720 1959 852 2020 che
901 1978 1138 2041 possm
1185 1979 1301 2021 ma
1348 1961 1572 2040 perho
1621 1958 1760 2022 mai
1806 1959 1901 2021 ho
1950 1960 2214 2022 lassato
2261 1957 2375 2021 far
2420 1957 2468 2020 il
2518 1959 2759 2021 debito
2810 1968 2882 2020 et
2927 1957 2998 2020 in
3032 1967 3299 2038 questo

720 2085 1080 2148 cognosco
1147 2068 1280 2129 che
1345 2067 1438 2128 mi
1501 2066 1718 2148 giova
1783 2065 1971 2129 assai
2038 2065 2262 2129 havet
2308 2066 2377 2127 la
2425 2066 2562 2128 mia
2609 2085 2892 2128 camera
2940 2085 3298 2146 appresso

721 2182 792 2236 et
838 2173 1040 2255 quasi
1089 2173 1428 2255 contigua
1476 2176 1544 2235 al
1591 2174 1883 2255 palazzo
1933 2175 2048 2236 del
2099 2174 2250 2252 Re,
2315 2172 2572 2253 alioqui
2625 2191 2914 2252 ognuno
2965 2192 3075 2233 me
3127 2171 3297 2234 dice

718 2281 849 2342 che
899 2301 1011 2342 me
1059 2283 1364 2342 sarebbe
1413 2291 1596 2343 stato
1645 2280 1826 2343 fatto
1877 2282 1993 2344 del
2042 2284 2247 2361 male,
2299 2283 2488 2362 quod
2520 2277 2717 2342 Deus
2764 2289 3061 2342 avertat.
3138 2278 3296 2358 Jeri

717 2407 876 2449 sero
940 2387 1224 2450 recevei
1284 2389 1538 2449 lettere
1600 2387 1670 2450 di
1733 2386 1837 2449 Mr
1886 2388 2163 2467 Joanne
2232 2388 2490 2468 Echio,
2552 2386 2775 2470 hoggi
2834 2385 2884 2449 li
2944 2389 3037 2448 ho
3102 2385 3293 2450 fatto

716 2493 1026 2574 risposta
1081 2503 1150 2556 et
1188 2493 1366 2556 'acio
1431 2495 1562 2556 che
1611 2493 1693 2556 N.
1747 2493 1820 2556 S.
1885 2507 1957 2556 et
2005 2494 2095 2558 V.
2161 2495 2233 2558 S.
2298 2493 2450 2558 R¹¹²⁸
2510 2513 2600 2556 ne
2668 2493 2848 2556 siino
2916 2494 3032 2556 del
3098 2503 3291 2555 tutto

717 2599 1054 2678 advisati,
1121 2600 1382 2664 mando
1446 2601 1515 2663 la
1572 2600 1782 2683 copia
1844 2601 1916 2663 di
1980 2603 2234 2666 lettere
2284 2603 2354 2664 di
2404 2601 2751 2664 ambedoi.
2846 2600 2935 2662 Et
2984 2621 3027 2662 a
3078 2601 3167 2664 V.
3220 2599 3290 2663 S.

716 2707 868 2768 Rlm
897 2709 1216 2770 basando
1264 2708 1334 2769 le
1379 2707 1566 2770 mani
1618 2708 2073 2771 humilmente
2122 2729 2234 2772 me
2268 2709 2763 2771 raccomandO.
2836 2705 3291 2768 Wormatiae

717 2814 972 2876 XVIII
1021 2813 1364 2878 Februari
1413 2814 1780 2878 MDXXI.

1950 3032 1967 3040 s
1984 3036 1992 3041 .
2018 3032 2195 3041 numa-n.

1945 3262 2049 3327 25.

1441 3378 2095 3461 vicecancellarius
2150 3380 2526 3461 Aleandm.

1366 3525 1710 3592 (Nuntiat.
1751 3526 2154 3587 Germanum.
2193 3526 2300 3585 fol.
2337 3526 2622 3595 19-20.)

1189 3647 1286 3703 (Ex
1324 3650 1508 3696 Roma
1546 3659 1630 3697 22.
1669 3648 1827 3701 Febr.
1868 3676 1935 3685 -
1978 3650 2237 3697 &Vorman
2286 3659 2362 3695 11.
2405 3648 2583 3695 Martii
2629 3646 2802 3715 1521.)

1140 3772 1572 3834 Reverende
1621 3772 1923 3834 Domine
1974 3771 2386 3835 Hieronime
2436 3774 2753 3835 salutem.

891 3896 1006 3957 Ho
1055 3910 1392 3958 recevuto
1441 3898 1506 3958 le
1553 3899 1807 3961 lettere
1856 3907 2116 3979 vostre,
2169 3917 2302 3979 per
2349 3899 2414 3959 le
2464 3896 2653 3978 quali
2705 3898 2920 3960 molto
2970 3918 3013 3959 a
3060 3897 3276 3980 pieno

712 4010 784 4064 et
830 4002 1596 4065 accuratissimamente
1646 4004 1738 4066 mi
1788 4005 2093 4067 scrivete
2142 4006 2258 4067 del
2306 4002 2692 4086 Magnifico
2741 4004 3018 4067 Messer
3048 4004 3274 4067 Paulo

709 4111 1183 4192 Armastorph
1234 4109 1594 4173 Camerier
1640 4111 1730 4172 de
1779 4112 1848 4173 la
1878 4110 2184 4173 Cesarea
2218 4111 2497 4174 Maesta
2546 4110 3091 4175 exhortandomi
3146 4131 3273 4173 con

706 4216 1074 4278 bellissimi
1144 4225 1215 4279 et
1282 4215 1753 4281 efficacissimi
1816 4218 2005 4280 modi
2067 4240 2108 4279 a
2174 4217 2443 4281 servire
2509 4239 2550 4280 a
2614 4216 2763 4281 Sua
2823 4219 3140 4299 Maesta,
3208 4227 3274 4280 et

708 4343 751 4384 a
799 4334 1167 4386 contentar
1201 4325 1736 4405 l'Armastorph
1784 4344 1875 4386 ne
1925 4326 1993 4387 la
2041 4344 2255 4387 causa
2303 4325 2375 4387 di
2423 4327 2662 4406 quella
2688 4326 3076 4388 benedetta
3120 4344 3269 4407 pre-

708 4431 1027 4511 positura
1075 4431 1496 4511 Argentina.
1593 4432 1694 4493 La
1759 4432 1921 4512 qual
1988 4452 2156 4494 cosa
2217 4453 2293 4494 se
2343 4441 2568 4495 stesse
2617 4452 2659 4494 a
2709 4453 2853 4512 me,
2918 4432 3039 4512 gia
3086 4430 3269 4493 saria

707 4534 898 4598 facta
947 4556 1157 4599 senza
1205 4538 1620 4619 persuasion
1671 4538 1758 4601 ne
1808 4550 2052 4601 vostra
2100 4540 2191 4601 ne
2242 4540 2329 4601 de
2363 4539 2558 4602 altri:
2608 4538 2887 4601 benche
2916 4539 2985 4600 in
3020 4546 3267 4620 questa

707 4660 922 4704 causa
969 4642 1038 4703 io
1086 4644 1178 4705 ho
1227 4644 1420 4706 facto
1472 4654 1654 4707 tutto
1704 4648 1889 4727 quel,
1940 4647 2072 4708 che
2119 4648 2213 4708 ho
2262 4658 2556 4727 possuto
2604 4645 2758 4708 fare
2806 4665 2936 4727 per
2982 4647 3047 4707 el
3080 4646 3264 4708 dicto

710 4747 1202 4832 Armastorph.
1297 4751 1388 4814 Et
1455 4754 1718 4816 duolmi
1785 4754 1919 4815 che
1981 4754 2097 4815 del
2163 4756 2347 4815 bene
2409 4762 2481 4815 et
2542 4754 2793 4818 liberal
2854 4752 2966 4815 far
3012 4753 3155 4815 mio
3200 4751 3262 4813 io

709 4875 797 4917 ne
843 4857 1112 4937 reporti
1166 4866 1222 4919 si
1281 4861 1500 4922 strani
1549 4872 1620 4922 et
1683 4859 2125 4943 inexpectati
2193 4859 2441 4939 fructi,
2507 4870 2579 4923 et
2625 4861 2821 4923 accio
2871 4862 3001 4921 che
3048 4860 3259 4922 inten-
