3575 5775
1702 570 2194 628 o-Qlssssfflo

847 719 1236 782 Domenica
1307 720 1380 782 fu
1431 721 1627 782 detto
1677 723 1743 783 al
1796 721 2172 782 Carazzolo
2206 723 2337 784 che
2372 730 2705 802 questoro
2741 723 3228 803 pretendeano

670 829 950 890 dividet
997 828 1046 890 li
1097 829 1316 890 errori
1368 828 1435 888 di
1490 828 1752 890 liuther
1806 837 1875 890 et
1921 827 2084 892 farli
2132 850 2433 892 revocat
2479 833 2711 892 alcuni
2762 831 2951 893 circa
2998 829 3231 908 fidem,

668 944 740 996 et
789 935 1002 1015 quelli
1055 937 1186 997 che
1238 943 1536 997 toccano
1586 937 1654 998 la
1701 935 1984 1016 potesta
2036 937 2153 998 del
2188 937 2585 1000 santissimo
2618 937 2892 1000 lassat-li
2925 957 3229 1004 scorrer:

669 1041 902 1103 subito
961 1041 1269 1104 fussemo
1331 1063 1372 1103 a
1423 1041 1718 1116 Caesar:
1793 1042 1855 1103 ci
1919 1063 2213 1124 respose
2280 1045 2411 1106 che
2460 1044 2759 1108 sarebbe
2808 1065 2852 1106 o
2898 1046 3112 1107 melio
3163 1043 3231 1105 di

669 1151 904 1228 quello
955 1168 1078 1211 era
1125 1160 1233 1210 sta
1281 1153 1638 1230 conclu80‚
1689 1170 1754 1229 0,
1806 1151 1871 1210 al
1921 1149 2188 1230 peggio
2238 1152 2457 1228 venir,
2508 1154 2821 1216 secundo
2855 1155 2923 1214 la
2954 1154 3231 1215 conclu-

667 1257 819 1321 sion
872 1261 990 1321 del
1039 1260 1356 1341 imperio,
1453 1258 1548 1322 Se
1607 1281 1742 1342 pur
1802 1260 1959 1322 sara
2026 1264 2229 1323 cossi.
2326 1259 2767 1348 Wormatiae
2829 1259 3083 1341 raptim
3162 1280 3229 1336 13

667 1366 940 1448 Aprilis
985 1368 1164 1430 hora
1212 1377 1464 1449 quarta
1513 1367 1760 1431 noctiS.

1889 1815 2001 1877 63.

1299 1929 2101 2011 vicecancellarius
2157 1929 2595 2009 Alcandm.

1533 2059 1824 2132 (Nuntiat.
1864 2059 2115 2118 German.
2152 2058 2216 2117 1..
2252 2059 2359 2130 42.)

1663 2160 1770 2228 (15.
1812 2163 2016 2225 Aprilis
2064 2161 2234 2226 1521.)

845 2284 1040 2349 Sono
1089 2306 1461 2368 comparse
1510 2285 1580 2348 in
1631 2307 1723 2348 un
1774 2296 2016 2370 tempo
2066 2286 2452 2349 medesirno
2500 2287 2568 2348 16
2616 2295 2858 2349 vostre
2908 2286 3022 2347 del
3060 2285 3247 2347 VIII

667 2393 858 2476 quali
908 2393 1322 2455 dubitavate
1370 2392 1646 2455 fossero
1698 2395 1835 2455 mal
1887 2393 2198 2476 capitate
2267 2403 2338 2456 et
2385 2394 2455 2455 la
2512 2392 2582 2454 di
2646 2392 2830 2454 XVI
2897 2393 3010 2454 del
3080 2413 3245 2474 pre-

666 2511 868 2563 sente
887 2499 938 2581 ¹)
1000 2519 1128 2581 per
1177 2502 1246 2562 la
1295 2500 1484 2580 quali
1535 2500 2069 2582 copiosamente
2120 2509 2191 2562 et
2239 2521 2371 2562 con
2424 2498 2795 2582 diligentia
2844 2499 3123 2580 grande
3180 2499 3249 2561 ci

668 2608 834 2670 date
883 2606 1134 2669 notitia
1192 2607 1299 2667 de'
1351 2607 1714 2687 progressi
1762 2608 1949 2669 della
1998 2607 2239 2689 pazzia
2288 2605 2358 2668 di
2406 2605 2671 2669 Luther
2720 2617 2791 2668 et
2838 2607 3025 2668 delle
3076 2625 3247 2687 pro·

669 2713 922 2777 visioni
993 2734 1177 2796 poco
1229 2713 1679 2776 convenienti
1731 2735 1772 2775 a
1834 2724 2033 2776 tanto
2099 2716 2476 2794 scandam,
2538 2713 2689 2776 anzi
2745 2712 3103 2775 contrarie
3176 2715 3251 2776 al

665 2823 1006 2904 bisogno,
1057 2822 1188 2883 che
1252 2821 1428 2883 costi
1477 2821 1533 2882 si
1582 2821 1834 2903 fann0‚
1895 2841 2095 2884 come
2155 2824 2191 2884 ὲ
2242 2822 2312 2883 (11
2376 2821 2688 2885 chiamar
2752 2831 2822 2882 et
2871 2820 2942 2882 di
3007 2821 3251 2883 oldire

666 2931 931 2993 Luther
990 2930 1573 3012 pubblicamente
1635 2940 1707 2992 et
1752 2929 1825 2991 in
1888 2938 2213 3011 cospetto
2276 2928 2347 2991 di
2412 2938 2596 2991 tutta
2659 2932 2727 2990 13
2800 2928 2989 2991 dieta
3042 2941 3115 2990 et
3172 2930 3251 2991 di

666 3037 1105 3119 sospendere
1155 3038 1224 3099 13
1271 3036 1718 3117 executione,
1768 3035 2087 3099 oltreche
2135 3036 2177 3098 1²
2202 3036 2517 3098 habbino
2552 3035 2936 3101 immutata.
3018 3035 3108 3098 N.
3168 3034 3250 3099 S.

664 3147 755 3207 ha
803 3146 978 3207 letto
1030 3153 1101 3207 et
1148 3142 1600 3206 considerato
1665 3145 1731 3205 el
1791 3153 1976 3206 tutto
2056 3151 2125 3205 et
2181 3142 2252 3205 in
2316 3142 2543 3205 verita
2606 3152 2981 3225 aspettava
3049 3145 3251 3206 altro

665 3252 885 3315 frutto
936 3254 1028 3314 da
1077 3253 1315 3331 quella
1363 3251 1650 3312 natione
1701 3251 1889 3312 dalla
1952 3252 2162 3331 quale
2212 3260 2281 3311 et
2348 3247 2495 3316 Sua
2557 3246 2871 3327 Santita,
2940 3257 3009 3310 et
3072 3248 3253 3313 tutti

665 3358 686 3421 i
737 3358 890 3421 suoi
938 3356 1430 3438 predecessori
1479 3377 1654 3419 sono
1703 3367 1904 3419 tanto
1971 3356 2390 3419 benemeriti
2452 3377 2583 3418 con
2647 3359 2715 3418 lo
2782 3358 3003 3418 haver
3052 3357 3251 3419 tolto

663 3467 735 3528 lo
783 3464 1081 3546 imperio
1130 3464 1196 3527 ai
1228 3464 1441 3527 Greci
1492 3474 1564 3524 et
1597 3464 1939 3527 Francesi
1976 3475 2045 3526 et
2080 3464 2168 3525 ad
2204 3464 2411 3525 Italia
2442 3471 2671 3526 stessa
2711 3472 2781 3524 et
2831 3462 3001 3543 ogni
3051 3463 3251 3526 altra

665 3580 882 3654 gente
933 3593 1060 3654 per
1110 3573 1436 3637 metterlo
1487 3572 1556 3633 in
1609 3571 1961 3633 Tedeschi
2025 3571 2320 3633 insieme
2384 3592 2517 3633 con
2582 3571 2651 3631 la
2714 3568 3006 3631 elettion
3074 3590 3248 3651 per·

666 3688 884 3761 petua
933 3679 1004 3741 di
1053 3699 1210 3741 esso
1228 3727 1245 3759 ‚
1311 3680 1519 3760 quale
1586 3698 1713 3739 sua
1765 3677 2219 3739 Beatitudine
2267 3678 2316 3738 li
2362 3678 2455 3738 ha
2505 3685 2917 3739 mantenuta
2966 3674 3061 3737 fin
3117 3679 3249 3759 qui

667 3796 737 3850 et
786 3787 822 3849 ὲ
871 3807 999 3869 per
1049 3795 1460 3849 mantenere
1519 3806 1596 3847 se
1651 3805 2268 3865 persevereranno
2336 3786 2524 3847 nella
2573 3784 2959 3846 medesima
3018 3786 3251 3847 devo·

665 3894 858 3957 tione
909 3902 979 3955 et
1027 3892 1192 3956 fede
1241 3912 1450 3955 verso
1515 3904 1767 3973 questa
1832 3892 2057 3955 Santa
2123 3890 2347 3963 Sede:
2415 3912 2527 3953 ma
2592 3892 2628 3953 ὁ
2692 3890 3036 3973 possibile
3104 3894 3251 3955 che

665 4023 808 4065 non
857 4002 912 4063 si
964 4001 1419 4063 confondano
1489 3999 1557 4061 di
1621 4008 1819 4061 tanta
1886 3998 2396 4081 ingratitudine
2462 4010 2531 4061 et
2596 4000 2727 4061 che
2792 4000 2990 4062 sieno
3056 4002 3249 4063 tanti

666 4109 1020 4171 acceccati
1053 4108 1283 4171 alcuni
1318 4106 1632 4169 seditiosi
1671 4115 1740 4167 et
1773 4106 2065 4187 maligni
2099 4107 2230 4169 che
2279 4127 2418 4167 non
2455 4106 2753 4188 pensino
2793 4108 2944 4186 che,
2996 4127 3248 4189 perse—

663 4217 981 4277 verando
1032 4215 1221 4276 nella
1268 4214 1422 4275 loro
1452 4212 1965 4294 ingratitudine
2015 4222 2087 4275 et
2133 4212 2433 4291 heresia‚
2485 4215 2552 4275 la
2588 4210 2777 4275 Sede
2808 4214 3249 4296 Apostolica

663 4320 857 4401 possi
923 4340 1261 4383 revocare
1331 4319 1380 4381 il
1440 4318 1777 4382 benefitio
1846 4321 2055 4401 quale
2118 4320 2221 4401 gli
2267 4323 2359 4382 ha
2410 4321 2579 4383 dato
2638 4331 2709 4383 et
2760 4320 3117 4384 conferito
3172 4324 3245 4385 in

663 4426 862 4505 altri,
936 4426 992 4489 si
1057 4447 1256 4489 come
1328 4447 1456 4507 per
1523 4430 1592 4489 la
1667 4426 2055 4489 medesima
2121 4438 2192 4489 et
2264 4448 2514 4490 manco
2573 4426 3093 4509 ingratitudine
3166 4430 3247 4491 fu

661 4536 838 4596 tolto
887 4535 977 4595 ad
1027 4534 1188 4595 altri
1257 4543 1326 4595 et
1375 4534 1785 4595 transferito
1836 4533 1904 4595 in
1955 4536 2131 4597 lor0.
2228 4534 2496 4615 Questo
2566 4554 2708 4598 non
2756 4534 2829 4596 vi
2879 4534 3247 4599 scrivemo

659 4639 780 4721 gia
807 4639 1070 4721 perchc
1101 4640 1187 4703 N.
1221 4638 1294 4703 S.
1327 4640 1420 4701 fin
1459 4639 1578 4722 qui
1608 4639 1831 4702 habbi
1862 4642 2003 4702 tale
2036 4640 2293 4720 animO,
2345 4661 2457 4702 ma
2486 4642 2749 4723 perche
2781 4661 3247 4705 vorressemo

717 4833 755 4901 ¹)
799 4838 890 4883 Est
939 4850 1084 4884 error
1121 4838 1171 4884 in
1214 4837 1328 4895 ‹lie;
1381 4838 1652 4885 evidenter
1702 4851 1838 4899 quae
1876 4836 1929 4884 in
1970 4836 2069 4883 hac
2110 4837 2336 4900 epistola
2374 4837 2661 4884 innuuntur
2712 4844 2833 4885 sunt
2884 4838 2951 4885 de
2990 4838 3245 4902 epistolis-

799 4918 1062 4965 Aleandri
1101 4918 1186 4965 die
1235 4930 1311 4978 19.
1351 4926 1402 4964 et
1443 4930 1526 4981 24.
1567 4918 1746 4965 Martii
1787 4916 1943 4965 datis,
