3575 5775
1395 564 1890 623 0-43335&

352 732 501 777 rem
551 734 828 779 mecum
876 722 1210 794 tractare,
1257 713 1554 776 delectis
1600 713 1694 776 ad
1740 713 1815 775 id
1863 712 2135 795 aliquot
2182 712 2353 777 viris
2401 712 2715 796 eruditis,
2762 734 2922 797 pro-

353 818 484 897 bis,
535 830 612 883 et
653 820 976 885 honestis
992 868 1010 902 ‚
1061 840 1197 902 ego
1245 840 1358 883 me
1406 819 1631 883 offero
1678 820 1997 903 benigne
2044 820 2444 885 auditurum
2492 821 2747 885 omnia.
2813 822 2923 885 Ac

355 928 744 993 secundum
786 926 1100 1009 J'ustitiae
1143 928 1561 1009 honestati8‚
1611 936 1684 991 et
1729 927 2109 1010 aequitatis
2157 929 2505 1009 regulam,
2552 948 2921 1011 quaecum-

355 1055 492 1117 que
541 1034 808 1107 fuerint
857 1033 1324 1117 corrigenda,
1370 1036 1731 1116 mutanda,
1779 1032 2196 1115 minuenda,
2231 1020 2601 1117 cassanda,
2651 1044 2774 1099 aut
2820 1056 2919 1099 re·

353 1142 732 1205 formanda
756 1190 772 1219 ,
831 1150 1342 1223 correcturum,
1405 1150 1869 1223 mutaturum,
1932 1142 2397 1223 minuturum‚
2463 1152 2925 1225 cassaturum,

357 1258 478 1311 aut
526 1248 1098 1313 reformaturum.
1145 1286 1232 1297 —

1127 1390 1550 1475 Ejusdem
1612 1390 2148 1473 replicatio.

549 1516 728 1579 Viso
789 1515 1104 1601 capitulo
1179 1524 1658 1580 concernente
1715 1516 2083 1581 materiam
2156 1538 2499 1583 novarum
2554 1521 2929 1585 haeresum

357 1622 587 1686 Nobis
634 1644 766 1707 per
812 1622 1016 1688 Sacri
1061 1622 1376 1689 Romani
1422 1622 1711 1705 Imperii
1761 1624 2142 1706 deputatos
2199 1626 2443 1689 ultimo
2508 1628 2667 1691 loco
2735 1627 2927 1691 exhi-

362 1730 512 1794 bito
557 1752 664 1813 ae,
690 1740 767 1793 ut
783 1740 1259 1811 asseruerunt,
1284 1751 1416 1814 per
1451 1751 1573 1794 eos
1605 1732 1963 1813 concluSO,
1991 1730 2287 1795 dicimus
2314 1742 2386 1795 et
2414 1734 2929 1816 respondemus

362 1848 654 1901 nostrae
711 1837 1123 1901 intentionis
1182 1858 1340 1901 esse
1407 1839 1600 1901 nullo
1655 1847 1869 1921 pacto
1934 1836 2123 1901 circa
2191 1839 2489 1903 Concilii
2554 1839 2930 1905 Generalis

362 1946 1002 2027 congregationem
1083 1955 1154 2009 et
1235 1965 1677 2011 communem
1748 1946 2383 2027 congregationem
2459 1946 2931 2012 Germanicae

361 2051 690 2115 Nationis
739 2054 830 2115 ad
880 2053 1066 2115 diem
1113 2052 1281 2115 Divi
1325 2052 1618 2115 Martini
1664 2050 1992 2135 proxime
2040 2051 2257 2115 futuri
2316 2053 2388 2116 in
2437 2053 2727 2118 civitate
2775 2052 2929 2139 Spi-

363 2158 556 2223 rensi
621 2157 963 2241 fiendam,
1039 2159 1414 2242 quicquam
1489 2158 1844 2241 polliceri,
1911 2157 2293 2239 assentire,
2356 2162 2473 2223 vel
2529 2162 2935 2225 consentire

366 2267 556 2329 ultra
615 2274 686 2329 et
747 2276 1026 2349 praeter
1097 2276 1419 2329 tenorem
1483 2286 1756 2347 eorum,
1825 2285 2008 2347 quae
2063 2285 2196 2349 per
2250 2265 2399 2329 Nos
2462 2266 2670 2332 dictis
2732 2266 2935 2331 Sacri

364 2372 680 2437 Romani
731 2372 1019 2457 Imperii
1067 2372 1428 2455 deputatis
1476 2372 1545 2436 in
1597 2372 1881 2456 scriptis
1928 2372 2117 2453 data,
2166 2384 2237 2436 et
2284 2372 2608 2437 exhibita
2654 2385 2835 2438 sunt.

1448 2604 1861 2617 mat-ms

1582 2860 1731 2930 153.

1078 2987 1331 3068 Brevis
1385 2987 1782 3068 mittendus
1840 2985 2083 3068 Garolo
2139 2985 2217 3072 V.

1337 3137 1505 3210 (Aeta
1538 3134 1810 3196 Womao.
1844 3121 1982 3204 228.)

1283 3251 1418 3324 (Sub
1455 3255 1558 3305 fine
1597 3255 1804 3320 Aprilis
1847 3252 2025 3322 1524.)

551 3389 716 3454 Non
785 3389 1190 3454 dubitamus
1258 3409 1391 3472 per
1452 3391 1692 3474 plures
1759 3388 1903 3452 iam
1962 3388 2281 3453 Nuncios
2340 3390 2432 3453 ad
2491 3381 2941 3473 MaJ'estatem

373 3497 597 3560 Tuam
646 3517 805 3561 esse
851 3499 1228 3579 perlatum,
1277 3503 1542 3577 quanta
1589 3515 1825 3559 rerum
1858 3497 2168 3560 omnium
2200 3495 2615 3562 confusione
2663 3497 2735 3561 in
2786 3499 2940 3562 dies

372 3605 602 3686 magis
647 3603 942 3669 fluctuet
989 3603 1372 3669 Germania
1418 3604 1511 3667 ob
1560 3603 2038 3668 Lutheranam
2086 3614 2375 3686 sectam,
2424 3606 2608 3669 adeo
2670 3614 2747 3668 ut
2808 3605 2943 3670 nisi

375 3733 587 3794 quam
636 3711 972 3776 citissime
1017 3710 1179 3774 huic
1239 3710 1428 3794 pesti
1500 3710 1783 3774 obviam
1856 3719 2091 3794 eatur„
2164 3731 2303 3774 non
2377 3713 2467 3775 de
2531 3711 2943 3775 obedientia

376 3820 590 3882 modo
637 3817 996 3900 Majestati
1043 3819 1242 3882 Tuae
1289 3817 1569 3899 debita,
1620 3817 1747 3880 sed
1797 3817 1887 3880 de
1934 3815 2287 3900 religione
2330 3814 2491 3902 i'psa
2538 3817 2942 3882 Christiana

376 3924 446 3988 in
498 3947 586 3989 ea
631 3924 1004 4008 provincia
1051 3935 1284 3989 actum
1351 3945 1510 3989 esse
1569 3923 1803 3988 videri
1858 3924 2109 4006 possit.
2208 3925 2575 3989 Nollemus
2638 3925 2945 4008 quidem,

379 4034 506 4096 sed
555 4041 796 4096 tamen
842 4032 1010 4115 quia
1055 4053 1172 4096 res
1220 4032 1322 4096 sic
1368 4033 1718 4115 postulat,
1783 4031 2055 4096 referre
2117 4031 2470 4114 cogimur,
2540 4051 2627 4095 eo
2682 4032 2941 4114 passim

380 4139 448 4202 in
499 4139 887 4204 Germania
936 4141 1316 4203 deventum
1377 4137 1766 4220 impietatis
1832 4147 1905 4202 et
1963 4139 2343 4219 insaniae,-
2384 4148 2459 4201 ut
2518 4157 2727 4202 nemo
2793 4139 2947 4202 fere

379 4246 524 4310 illic
596 4247 720 4328 sit,
793 4247 911 4329 qui
973 4267 1116 4310 non
1181 4248 1314 4310 sub
1362 4245 1845 4327 Evangelicae
1900 4246 2255 4309 libertatis
2303 4246 2619 4327 nornine,
2692 4247 2819 4310 sed
2865 4266 2944 4310 re

382 4373 557 4417 vera
601 4354 1002 4417 diabolicae
1052 4352 1384 4418 licentiae
1439 4352 1734 4433 insidiis,
1791 4371 1921 4416 suo
1968 4373 2181 4416 sensu
2214 4353 2444 4428 vivat3
2497 4353 2705 4416 Adeo
2752 4355 2947 4416 nulla

381 4460 625 4524 habita
687 4461 1126 4542 divinarum,
1190 4461 1745 4524 humanarumve
1801 4461 2041 4541 legum
2100 4459 2409 4542 ratione,
2482 4461 2677 4523 nulla
2743 4461 2949 4524 huius

389 4564 698 4631 Sanctae
746 4565 958 4631 Sedis
1003 4567 1448 4647 reverentia,
1508 4567 1722 4649 (unde
1780 4566 2200 4649 religionem
2250 4565 2721 4630 Christianam
2769 4570 2947 4631 haec

387 4674 580 4738 natio
625 4673 900 4755 hab-uit)
949 4675 1144 4738 nullo
1191 4683 1358 4738 tuae
1403 4672 1799 4756 Majestatis
1857 4683 1928 4736 et
1974 4673 2371 4756 Imperialis
2435 4673 2667 4738 Edicti
2736 4684 2949 4756 metu,

389 4779 854 4846 Sacramenta
883 4781 1388 4846 Ecclesiastica
1436 4789 1919 4863 contemnunt,
1968 4779 2281 4844 divinum
2330 4783 2593 4846 cultum
2642 4791 2783 4846 tarn
2831 4782 2951 4866 pie

391 4889 728 4953 hactenus
802 4891 1259 4953 observatum
1327 4891 1718 4972 abrogant,
1805 4896 2208 4952 sanctorum
2276 4888 2628 4973 imagines
2645 4939 2663 4974 ,
2736 4901 2950 4973 atque
