3575 5775
1396 538 1888 593 0<35418>⁴>

346 684 565 748 tensis
591 684 1025 748 Clementiae
1054 694 1123 748 et
1151 682 1562 747 Sanctitatis
1587 684 1893 749 Vestrae
1929 705 2136 748 aures
2179 686 2485 766 pulsare.
2551 685 2734 750 Nam
2761 707 2919 750 cum

346 794 407 855 is
430 795 757 876 pluribus
778 794 914 855 iam
947 793 1151 855 annis
1175 792 1457 855 fortiter
1478 802 1726 872 egeret
1755 802 2002 855 contra
2029 792 2270 855 hostes
2298 789 2470 856 fidei
2493 794 2920 867 catholicae;

348 901 563 963 nullis
593 920 877 981 quoque
900 898 1309 981 pepercerit
1330 900 1715 977 laboribus„
1752 909 1861 962 tot
1902 918 1978 961 se
2025 901 2442 981 exposuerit
2486 916 2622 981 pro
2645 902 2920 965 honore

347 1008 561 1071 Sedis
609 1007 1074 1089 Apostolicae
1120 1007 1421 1069 tutando
1472 1026 1705 1068 rerum
1754 1017 1826 1067 et
1855 1006 2045 1068 vitae
2078 1022 2248 1068 suae
2281 1006 2636 1089 periculiS,
2687 1026 2918 1090 neque

346 1116 417 1177 in
468 1117 657 1177 hunc
707 1114 895 1176 diem
944 1121 1175 1176 cesset
1222 1132 1355 1195 pro
1404 1123 1653 1175 sancta
1703 1112 2025 1175 Ecclesia
2059 1113 2192 1175 Dei
2225 1114 2552 1193 militare,
2582 1094 2920 1198 indignis·

348 1223 607 1285 simum
659 1232 765 1284 est
800 1220 1005 1283 Sedis
1052 1220 1523 1301 Apostolicae
1569 1230 1647 1282 ut
1692 1240 1737 1281 a
1785 1240 2136 1302 quoquam
2185 1220 2561 1284 immodice
2612 1220 2686 1283 in
2736 1232 2921 1285 tran·

348 1330 707 1411 quillitate
757 1328 1151 1391 studiorum
1201 1346 1486 1389 suorum
1534 1330 2026 1408 perturbetur,
2087 1326 2147 1389 si
2209 1330 2424 1390 modo·
2481 1330 2626 1393 ulla
2681 1339 2921 1411 potest

318 1444 509 1499 'esse
560 1435 1067 1517 tranquillitaS,
1132 1436 1253 1497 ubi
1320 1444 1673 1517 perpetua
1734 1450 1982 1516 pugna
2043 1452 2199 1497 curn
2247 1436 2586 1499 hereticis
2635 1447 2706 1499 et
2753 1432 2922 1500 fidei

348 1554 643 1607 nostrae
712 1542 1037 1606 hostibus
1108 1541 1657 1604 conflictandum
1730 1552 1858 1604 est.
1981 1541 2426 1624 Conquestus
2502 1549 2748 1607 autem‘
2814 1552 2922 1608 est

350 1652 581 1731 nobis,
632 1652 987 1733 quomodo
1060 1660 1223 1731 post
1292 1650 1743 1730 impetratum
1813 1648 2117 1711 iudicem
2179 1668 2222 1711 a
2283 1650 2356 1711 S.
2427 1652 2513 1716 V.
2577 1652 2646 1714 in
2709 1671 2922 1717 causa

350 1758 723 1842 pensionis
797 1757 1162 1820 Ecclesiae
1238 1756 1706 1837 parrochialis
1781 1756 2392 1838 GuntpurgensiS,
2465 1746 2920 1822 adversarius

353 1884 526 1929 suus
572 1886 733 1928 eum
782 1866 1149 1927 absentem
1198 1866 1362 1945 (quo
1412 1864 1475 1926 ei
1526 1866 1810 1925 sublata
1871 1874 2062 1926 esset
2109 1862 2432 1927 defensio
2495 1875 2566 1927 et
2635 1866 2737 1929 sic
2803 1868 2920 1929 do-

356 1977 509 2035 lose
578 1970 1001 2034 sententiam
1050 1970 1358 2051 aliquam
1406 1971 1475 2031 in
1525 1970 1762 2032 fictam
1833 1968 2348 2033 contumaciam
2415 1973 2921 2055 extorqueret,)

353 2080 561 2143 citari
610 2080 910 2141 iudicem
960 2080 1203 2141 datum
1252 2078 1405 2139 sine
1452 2096 1671 2139 causa
1717 2078 2058 2156 revocari,
2111 2088 2184 2139 et
2225 2096 2511 2143 causam
2554 2075 2646 2142 ad
2694 2090 2917 2143 rotam

355 2190 519 2253 Cur.
571 2188 784 2250 Rom.
836 2185 1170 2248 committi
1240 2185 1615 2247 curaverit.
1720 2183 1879 2245 Non
1947 2184 2354 2247 dubitamus
2412 2198 2647 2249 autem
2708 2186 2780 2253 Sa
2833 2190 2919 2251 V.

354 2295 804 2359 intellexisse
850 2302 1186 2375 quantum
1238 2292 1858 2354 daanuniversa
1908 2292 2240 2354 nobilitas
2303 2303 2377 2353 et
2437 2304 2626 2356 totus
2676 2296 2922 2358 Clerus

354 2424 447 2465 ex
498 2402 733 2466 heresi
780 2402 1188 2463 Lutherana
1236 2420 1279 2461 a
1326 2399 1713 2461 rebellibus
1763 2410 1834 2460 et
1881 2398 2249 2461 sediciosis
2295 2404 2682 2482 acceperit:
2731 2406 2922 2484 qu'od

352 2512 573 2573 iudex
628 2520 895 2591 quanto
942 2507 1283 2585 vicinior,
1332 2526 1419 2570 eo
1468 2506 1733 2569 certius
1780 2526 2174 2589 agnoscere
2221 2509 2504 2588 poterit,
2555 2520 2628 2570 et
2673 2509 2922 2571 iustius

354 2618 793 2699 expendere.
891 2614 1101 2676 Unde
1151 2613 1223 2676 S.
1274 2613 1363 2676 V.
1413 2632 1545 2695 pro
1595 2616 1842 2675 eodem
1893 2624 2137 2676 nostro
2203 2613 2398 2677 fideli
2445 2617 2924 2697 supplicamus

352 2736 709 2806 quatenus
758 2722 1094 2803 dignetur
1155 2720 1592 2783 committere
1650 2733 1727 2781 ut
1787 2720 2004 2781 iudex
2066 2721 2260 2801 prius
2328 2739 2371 2783 a
2441 2720 2514 2787 S.
2573 2722 2650 2785 V.
2719 2728 2923 2787 datus

356 2839 595 2918 (quem
648 2831 801 2893 sine
852 2829 1040 2892 omni
1068 2826 1467 2891 renovabili
1500 2846 1714 2890 causa
1754 2826 2207 2892 adversarius
2252 2830 2538 2911 repulit)
2583 2830 2650 2894 in
2686 2834 2918 2913 cogni·

357 2941 553 3001 tione
588 2959 845 3001 causae
879 2938 1245 3020 procedat,
1276 2946 1396 2997 aut
1428 2933 1499 2997 S.
1540 2933 1623 2996 V.
1675 2935 1886 2996 alicui
1933 2937 2212 3015 prelato
2250 2937 2726 3017 Augustensis
2775 2940 2914 3002 dio-

360 3046 543 3109 cesis
614 3066 899 3108 causam
965 3046 1055 3106 de
1116 3064 1304 3106 novo
1367 3044 1794 3120 committat,
1846 3063 1985 3122 quo
2052 3042 2374 3104 iusticiae
2424 3040 2494 3105 et
2542 3046 2920 3125 aequitatis

365 3165 663 3234 utraque
696 3171 864 3235 pars
913 3150 1254 3232 suscipiat
1286 3152 1902 3232 complementum.
1957 3149 2418 3212 Clementiam
2451 3161 2688 3213 tamen
2721 3153 2792 3215 S.
2833 3153 2918 3216 V.

365 3263 649 3323 deceret
715 3269 787 3321 et
850 3260 1191 3321 honorem
1240 3255 1451 3318 Sedis
1502 3257 1966 3338 Apostolicae
2015 3267 2347 3336 augeret,
2417 3258 2474 3318 si
2545 3259 2738 3321 litem
2800 3281 2917 3323 ex·

362 3367 753 3448 tinguendo
802 3365 1205 3448 praefatum
1254 3363 1552 3427 Eckium
1624 3362 1695 3427 S.
1750 3364 1835 3426 V.
1909 3374 1981 3426 et
2047 3365 2212 3428 Sed.
2289 3365 2426 3446 Ap.
2501 3367 2918 3429 servitorem

362 3473 949 3538 officiosissimum
982 3474 1074 3534 ab
1106 3470 1503 3534 huiusmodi
1533 3471 1875 3534 molestiis
1907 3471 2266 3534 liberaret.
2335 3473 2920 3536 Commendamus

360 3603 487 3646 nos
536 3591 609 3644 et
658 3580 970 3644 dominia
1029 3587 1271 3641 nostra
1338 3576 1409 3640 S.
1462 3577 1547 3640 V.
1608 3598 1817 3658 quam
1885 3579 2078 3640 Deus
2135 3598 2391 3660 regere
2455 3601 2536 3642 ac
2609 3580 2920 3662 dirigere

360 3691 695 3770 dignetur
743 3689 834 3750 ad
884 3685 1193 3748 Sanctae
1244 3685 1608 3747 Ecclesiae
1659 3685 1848 3746 Suae
1898 3685 2466 3765 prosperitatem.

536 3797 701 3858 Dat.
764 3793 833 3855 in
901 3792 1169 3873 oppido
1240 3801 1485 3855 nostro
1556 3789 1939 3852 Monachio
2003 3773 2596 3874 vicesimaquarta
2661 3794 2920 3856 mensis

358 3901 802 3985 Septembris
854 3901 1066 3961 Anno
1117 3895 1383 3960 Salutis
1434 3896 1876 3960 Christianae
1925 3897 2301 3961 Millesimo
2351 3899 2918 3980 quingentesimo

355 4010 695 4073 vicesimo
742 4007 1011 4088 quinto.

532 4117 611 4181 E.
667 4114 1079 4178 Sanctitatis
1127 4113 1431 4176 Vestrae
1482 4122 1550 4175 et
1598 4111 1803 4174 Sedis
1853 4112 2314 4193 Apostolicae

1776 4230 2160 4278 Devotissimus
2197 4217 2572 4288 Vtflllfllffllffl,

1454 4319 1643 4366 Comes
1681 4319 1945 4382 palatinus
1991 4319 2170 4368 Rheni
2207 4320 2502 4382 Superioris
2539 4327 2588 4366 et
2633 4320 2917 4379 insen-imis,

1897 4406 2149 4456 Bavariae
2188 4411 2308 4461 Dux
2345 4417 2445 4462 etc.
