3575 5775
1686 586 2180 645 &Gt-390&

1859 868 2006 933 176.
2084 942 2091 951 ,

1193 988 1486 1069 Carolus
1541 986 1619 1066 V.
1676 985 1896 1065 fratri
1947 983 2398 1065 Fordinando
2457 982 2651 1062 arch.

1517 1134 1714 1207 (Epist.
1747 1132 1987 1207 Princip.
2024 1132 2069 1189 1.
2104 1130 2199 1189 fol.
2234 1132 2342 1201 46.)

1603 1254 1742 1321 (Ult.
1781 1253 2031 1302 Octobris
2076 1248 2251 1319 1524.)

827 1382 1124 1445 Carolus
1171 1378 1434 1443 Divina
1478 1378 1770 1440 favente
1820 1374 2198 1439 clementia
2245 1374 2323 1436 E.
2376 1359 2864 1437 Romanorum
2904 1372 3219 1453 Impera—

646 1500 758 1553 tor
805 1510 1086 1571 semper
1151 1489 1520 1570 Augustus
1568 1506 1652 1547 ac
1701 1484 2175 1563 Germaniae,
2242 1480 2780 1562 Hispaniarum,
2845 1479 3223 1561 utriusque

645 1596 955 1676 Siciliae,
1005 1595 1454 1657 Hierusalem
1503 1603 1635 1655 etc.
1731 1592 1923 1671 Rex,
1976 1590 2349 1654 Archidux
2401 1586 2771 1666 Austriae‚
2820 1588 2991 1649 Dux
3042 1586 3224 1649 Bur-

647 1704 999 1787 gundiae,
1063 1702 1498 1765 Brabantiae
1547 1709 1681 1763 etc.
1799 1698 2053 1761 Comes
2100 1696 2553 1779 Habspurgi,
2622 1694 3011 1757 Flandriae
3084 1702 3224 1757 ete.

647 1810 1115 1874 Serenissimo
1163 1807 1482 1888 Principi
1529 1806 1837 1869 Domino
1887 1804 2340 1867 Ferdinando
2388 1800 2654 1864 Infanti
2708 1799 3222 1883 Hispaniarum

648 1916 1036 1980 Archiduci
1103 1914 1438 1978 Austriae
1517 1922 1648 1977 etc.
1715 1912 1917 1976 fratri
1989 1923 2232 1974 nostro
2298 1909 2711 1972 charissimo
2768 1912 3077 1971 salutem
3152 1920 3226 1974 et

646 2023 940 2087 fraterni
987 2022 1250 2085 amoris
1299 2020 1705 2084 continuum
1753 2020 2283 2082 incrementum.
2360 2015 2829 2080 Serenissime
2863 2016 3229 2099 Princeps

645 2132 867 2195 frater
917 2128 1347 2193 charissime.
1421 2127 1766 2209 Acceptis
1814 2126 2040 2189 literis
2088 2123 2508 2188 Serenitatis
2555 2123 2861 2187 Vestrae
2910 2124 3001 2185 de
3058 2144 3227 2186 con-

646 2238 907 2301 stitutis
971 2238 1042 2299 in
1099 2234 1617 2317 Ratisponensi
1679 2243 2071 2311 conventu,
2128 2240 2327 2295 tanta
2383 2250 2621 2294 sumus
2684 2230 2910 2293 letitia
2970 2230 3227 2295 affecti

648 2356 721 2407 ut
769 2344 1015 2407 maiori
1065 2353 1258 2407 certe
1310 2363 1450 2405 non
1499 2341 1995 2424 potuissemuS,
2046 2338 2789 2424 promptissimumque
2838 2337 3231 2401 consilium

646 2450 1068 2515 Serenitatis
1115 2450 1422 2512 Vestrae
1471 2459 2051 2529 ceterorumque,
2100 2447 2217 2529 qui
2268 2448 2358 2509 ad
2406 2456 2547 2507 tam
2600 2447 2961 2509 excellens
3026 2466 3229 2527 opus

647 2557 987 2641 suffragia
1041 2577 1170 2619 sua
1217 2556 1816 2636 administrarunt,
1866 2576 2007 2617 non
2056 2556 2281 2641 solum
2329 2562 2481 2616 toto
2531 2552 2766 2616 animo
2799 2555 3228 2633 probamus„

645 2666 772 2729 sed
821 2667 914 2729 ob
962 2663 1035 2727 id
1083 2664 1424 2727 maximas
1471 2662 1678 2725 vobis
1727 2661 2053 2725 omnibus
2100 2661 2421 2743 agendas
2478 2660 2751 2741 gratias
2813 2680 3227 2742 censemuS,

645 2772 1037 2854 Utramque
1085 2769 1562 2833 Serenitatem
1609 2771 1998 2849 hortamur,
2046 2779 2122 2830 ut
2170 2768 2485 2849 ipsorum
2534 2767 2866 2848 singu1i5‚
2917 2766 3041 2849 qui
3098 2782 3229 2831 aut

647 2876 988 2941 eiusmodi
1037 2878 1338 2942 comitiis
1385 2878 1884 2958 interfuerunt,
1933 2897 2189 2939 suosve
2237 2875 2553 2953 nunciOS,
2604 2884 2677 2938 et
2724 2876 3230 2941 mandatarios

643 2985 1003 3066 miserunt,
1051 2985 1390 3067 plurimas
1439 2993 1681 3047 nostro
1731 2985 2013 3047 nomine
2062 2984 2333 3065 gratias
2381 2987 2571 3064 agat,
2622 3004 2704 3045 ac
2753 2983 2871 3065 ita,
2914 2991 2991 3045 ut
3022 2984 3227 3067 ipso-

641 3113 795 3156 rum
861 3092 1338 3174 unusquisque
1408 3111 1492 3154 ac
1539 3091 1913 3174 presertim
1966 3091 2316 3154 Bavariae
2374 3091 2613 3153 Duces
2689 3091 3226 3172 consanguinei

646 3201 864 3263 nostri
928 3199 1317 3263 charissimi
1381 3199 1787 3282 intelligant
1860 3220 1935 3261 se
1997 3219 2145 3261 rem
2214 3199 2419 3261 nobis
2474 3198 2723 3262 mirum
2786 3199 2855 3260 in
2922 3201 3227 3264 modum

644 3319 924 3388 gratam
973 3307 1249 3388 fecisse,
1301 3327 1734 3390 sperareque
1783 3326 1914 3368 nos
1962 3319 2286 3369 caeteros
2336 3304 2535 3368 Sacri
2575 3305 2887 3368 Romani
2917 3305 3226 3388 Imperii

643 3415 1010 3477 Electores
1067 3414 1469 3495 PrincipeS,
1521 3425 1593 3477 et
1640 3423 1894 3493 statuS,
1953 3413 2009 3476 si
2076 3435 2368 3495 quorum
2427 3417 2519 3475 ab
2580 3412 2921 3476 eiusmodi
2971 3435 3220 3478 sacro·

642 3519 907 3584 sanctis
957 3529 1030 3582 et
1077 3541 1244 3583 vere
1294 3520 1694 3585 christianis
1749 3520 2088 3584 institutis
2154 3520 2449 3584 consilia
2510 3519 2721 3582 modo
2784 3519 3022 3602 aliquo
3092 3523 3197 3584 ad

645 3648 850 3690 versa
897 3636 1078 3708 sunt,
1130 3628 1252 3691 tali
1301 3630 1632 3710 exemplo
1683 3627 2008 3691 adductis
2044 3627 2299 3709 hisque
2340 3627 2542 3690 malis
2589 3625 2968 3706 deterritiS,
3020 3649 3226 3709 quae

639 3733 777 3796 iam
826 3733 1048 3815 pestis
1096 3733 1215 3797 illa
1281 3735 1691 3798 Lutherana
1761 3735 2100 3798 suscitare
2165 3735 2442 3816 coepit,
2507 3733 2843 3816 optimam
2904 3743 2977 3796 et
3046 3735 3225 3800 Deo

637 3839 992 3922 placidam
1040 3842 1227 3905 viam
1276 3855 1738 3925 sequuturos,
1789 3852 1861 3905 et
1911 3844 2195 3923 quando
2245 3843 2444 3905 Deus
2492 3841 2646 3924 ipse
2696 3841 3005 3923 optimus
3056 3841 3225 3906 Ma-

639 3949 867 4012 ximus
916 3959 1058 4012 tam
1107 3970 1454 4032 prospere
1501 3950 1638 4012 hiis
1686 3950 1903 4013 initiis
1952 3949 2217 4013 affulsit
2265 3950 2593 4032 iactaque
2624 3959 2785 4012 sunt
2814 3957 2957 4011 tam
3010 3953 3230 4015 bona

637 4055 1099 4119 fundamenta
1149 4059 1340 4120 nulla
1387 4077 1584 4120 mora
1631 4056 2124 4120 interiicienda
2172 4067 2309 4136 est,
2360 4077 2500 4138 quo
2552 4056 2777 4119 minus
2827 4075 3009 4137 opus
3060 4069 3225 4122 tam

637 4171 956 4225 sanctum
1004 4173 1422 4246 peragatur,
1475 4165 1730 4228 ceteris
1779 4163 1990 4227 etiam
2038 4165 2127 4228 iis
2176 4163 2584 4227 melioribus
2634 4162 2965 4226 remediis
3017 4185 3225 4247 quae

637 4269 963 4332 adhiberi
1010 4281 1366 4351 poterunt,
1416 4273 1506 4334 ad
1555 4291 1797 4334 veram
1847 4273 2375 4353 agnoscendam
2424 4270 2763 4352 pietatem
2796 4270 3227 4338 excitandis

635 4375 1002 4456 modisque
1052 4377 1375 4440 omnibus
1424 4376 1837 4455 alliciendiS,
1889 4399 2025 4459 qua
2072 4378 2143 4440 in
2190 4398 2267 4440 re
2316 4399 2761 4460 nequaquam
2813 4375 3227 4446 diffidimus

637 4490 709 4544 et
755 4482 1061 4546 studium
1111 4494 1182 4546 et
1230 4476 1671 4565 diligentiam
1721 4483 2140 4547 Serenitatis
2172 4485 2474 4548 Vestrae
2506 4484 2927 4548 defuturam.
3026 4486 3225 4553 Cae·

639 4597 864 4651 terum
917 4609 1054 4670 quo
1125 4591 1374 4652 melius
1434 4590 1644 4653 etiam
1711 4591 2075 4670 negotium
2130 4589 2476 4673 perficere
2524 4591 2770 4673 possit,
2820 4591 3224 4660 scribimus

635 4704 704 4758 et
754 4715 882 4757 nos
949 4693 1153 4758 Sacri
1200 4696 1514 4760 Romani
1561 4697 1847 4778 Imperii
1896 4698 2363 4778 ElectoribuS,
2413 4719 2495 4761 ac
2530 4699 2959 4762 Germaniae
3010 4699 3220 4766 Civi-

631 4802 919 4884 tatibuS,
970 4801 1261 4867 dimissa
1307 4805 1668 4868 literarum
1716 4805 2341 4888 suprascriptione,
2391 4817 2466 4868 ut
2513 4807 2670 4888 ipsa
2698 4807 2961 4868 Vestra
2988 4805 3220 4875 Sere·

632 4907 815 4971 nitas
861 4929 992 4990 pro
1042 4909 1336 4973 arbitrio
1385 4931 1512 4974 suo
1562 4911 1721 4973 illas
1769 4911 2081 4992 dirigere
2129 4911 2376 4993 possit.
2470 4912 2696 4975 Nobis
2760 4913 3048 4996 quidem
3108 4917 3219 4980 ni-
