3575 5775
1429 551 1924 612 oe<31178>w

393 704 592 784 rituS,
659 701 1081 766 cerimonias
1129 711 1408 766 nostras
1471 713 1592 765 aut
1661 705 1894 765 bonos
1940 723 2175 766 mores
2238 724 2281 766 a
2328 725 2406 767 se
2454 704 2759 788 scripta,
2831 715 2956 769 aut

395 811 810 873 scandalosa
871 819 944 872 et
1007 808 1282 872 famosa
1329 818 1529 888 sunt,
1594 819 1757 890 post
1812 808 2367 874 admonitionem
2416 815 2509 874 ab
2559 813 2962 875 oratoribus

395 916 715 980 Caesaris
763 915 1075 980 Martino
1125 915 1425 996 factam,
1489 927 1561 978 et
1609 936 1885 978 rursum
1934 919 2025 979 ab
2076 915 2343 980 eisdem
2397 916 2685 982 Caesari
2734 919 2963 983 reddi-

395 1033 554 1105 tum,
609 1036 862 1088 contra
909 1023 1143 1106 ipsum⁴
1188 1023 1574 1086 Martinum
1619 1023 1970 1105 procedet
2018 1022 2286 1087 Caesar
2332 1025 2485 1088 sine
2535 1046 2754 1106 mora,
2824 1047 2962 1090 om-

395 1131 598 1198 nibus
647 1131 806 1194 aliis
855 1130 1438 1194 excusationibus
1485 1129 1939 1212 posthabitis,

565 1238 648 1300 si
694 1243 930 1302 aute'm
979 1237 1136 1318 ipse
1181 1236 1538 1300 Martinus
1586 1237 2001 1318 supradicta
2049 1239 2233 1300 mala
2282 1242 2781 1321 recantaverit,
2840 1253 2961 1304 aut

395 1365 675 1410 sensum
735 1348 1004 1408 clarum
1066 1343 1494 1408 catholicum
1559 1344 1875 1424 dederit,
1945 1343 2340 1409 abiurando
2403 1345 2617 1410 alium
2679 1369 2963 1412 sensum

396 1472 596 1534 quem
663 1452 886 1534 ipsius
947 1450 1214 1534 scripta
1279 1453 1626 1516 hactenus
1693 1452 1887 1533 apud
1950 1453 2215 1516 clerum
2266 1461 2337 1516 et
2384 1457 2727 1536 populum
2777 1477 2963 1518 com-

401 1560 710 1624 muniter
775 1559 1316 1642 generaverint,
1384 1559 1700 1640 benigne
1747 1557 2135 1640 recipiatur
2184 1569 2253 1622 et
2302 1579 2515 1643 super
2561 1562 2671 1625 his
2718 1563 2969 1626 librum

401 1668 950 1732 declaratorium
1001 1667 1188 1731 edat.

569 1773 780 1856 Quod
831 1773 890 1836 si
939 1773 1216 1856 aliquos
1264 1773 1485 1836 libros
1538 1785 1615 1836 ut
1663 1794 1830 1836 suos
1880 1775 2289 1858 agnoverit,
2340 1775 2615 1858 aliquos
2658 1779 2967 1859 abnega·

394 1883 610 1962 verit,
684 1894 850 1945 tunc
917 1901 1160 1946 eorum
1225 1881 1566 1944 librorum
1627 1901 1808 1964 quos
1857 1890 2182 1944 secernet
2250 1904 2292 1944 a
2353 1882 2497 1946 suis
2514 1931 2531 1962 ,
2599 1884 2971 1964 catalogus

392 1989 843 2052 describatur
889 1991 1022 2052 sub
1073 1999 1242 2051 nota
1288 1989 1558 2070 publici
1606 1987 2038 2070 tabellioniS,
2091 2000 2160 2051 et
2209 2009 2424 2072 super
2458 1989 2761 2052 caeteris
2793 2008 2971 2072 quos

390 2116 558 2159 suos
607 2096 799 2160 dicet
845 2095 1349 2177 interrogetur,
1399 2105 1478 2158 ut
1522 2095 1595 2158 in
1645 2096 1961 2158 secundo
2012 2105 2083 2158 et
2130 2094 2342 2157 tertio
2390 2085 2730 2160 articulo:

571 2203 770 2266 Libri
820 2213 1054 2266 autem
1103 2200 1378 2264 interea
1410 2211 1947 2284 sequestrentur
1980 2212 2057 2263 ut
2087 2212 2345 2283 postea
2374 2212 2735 2286 tamquam
2768 2223 2962 2265 scan-

393 2310 625 2374 dalosi
675 2310 932 2374 famosi
983 2319 1054 2372 et
1100 2309 1475 2391 pernitiosi
1524 2312 2052 2389 comburantur,
2109 2311 2227 2371 vel
2276 2310 2366 2372 de
2414 2309 2553 2372 illis
2602 2321 2814 2391 prout
2862 2310 2972 2372 ius

387 2419 709 2498 postulat
755 2416 908 2480 fiat!

1629 2898 1716 2962 43

537 3017 986 3117 Responsum
1042 3012 1364 3095 Caesaris
1422 3016 1514 3095 ad
1573 3014 2178 3095 consultationem
2234 3012 2483 3095 Status
2538 3015 2843 3116 imperii.

1301 3154 1467 3225 (nota
1502 3152 1773 3212 woman.
1809 3152 1901 3212 foi.
1936 3152 2075 3223 ιον.)

579 3282 802 3346 Sacra
851 3280 1206 3345 Caesarea
1252 3280 1595 3345 Maiestas
1643 3290 1778 3344 etc.
1872 3282 2221 3345 Dominus
2278 3290 2523 3345 noster
2579 3285 2965 3348 clementis·

387 3390 612 3454 simus
661 3389 934 3453 audivit
981 3399 1052 3453 et
1101 3388 1452 3452 intellexit
1497 3388 1905 3455 Electorum
1946 3389 2497 3471 Principumque
2548 3401 2619 3454 et
2665 3402 2970 3455 statuum

387 3496 580 3561 sacri
631 3496 916 3579 Imperii
965 3496 1520 3578 disputationem
1569 3496 2111 3559 consultationis
2159 3496 2539 3561 Martinum
2586 3498 2971 3563 Lutherum

389 3604 920 3681 concernentiS,
969 3614 1041 3666 et
1074 3624 1166 3665 ex
1199 3605 1334 3667 hac
1365 3624 1509 3667 non
1539 3602 1732 3666 aliud
1765 3613 2006 3685 potest
2038 3602 2431 3685 percipere,
2466 3624 2677 3687 quam
2710 3608 2973 3671 bonam

385 3732 698 3793 aequam
736 3711 1178 3773 voluntatem
1223 3720 1294 3773 et
1326 3710 1790 3793 diligentiam,
1828 3730 2003 3793 quas
2036 3709 2174 3792 ipsi
2206 3721 2544 3792 tanquam
2572 3710 2973 3777 Christiana

389 3818 636 3901 capita
697 3837 840 3883 non
901 3819 1128 3881 solum
1192 3819 1284 3879 ad
1348 3819 1690 3881 honorem
1751 3827 1823 3881 et
1869 3816 2295 3881 beneficium
2344 3816 2526 3880 sacri
2574 3818 2848 3900 imperii
2900 3830 2971 3881 et

389 3925 802 3989 teutonicae
869 3924 1178 4000 nationis
1245 3925 1374 3987 sed
1424 3924 1638 3987 etiam
1686 3933 2003 3987 sanctam
2053 3923 2527 3987 Christianam
2576 3924 2967 3989 Ecclesiam

389 4041 468 4096 et
515 4030 730 4095 fidem
777 4032 1068 4111 habent,
1117 4030 1386 4094 confisa
1435 4032 1626 4112 quod
1673 4030 1813 4113 ipsi
1860 4040 2249 4113 propterea
2287 4032 2477 4112 apud
2510 4030 2969 4112 Omnipoten-

391 4151 542 4203 tem
601 4141 834 4203 Deum
898 4148 1423 4220 consequantur
1491 4139 1837 4222 premium
1905 4147 1975 4201 et
2038 4138 2231 4219 apud
2294 4139 2627 4201 mundum
2690 4140 2971 4202 laudem

392 4258 470 4310 et
533 4246 1244 4327 congratulationem.
1341 4246 1508 4329 Ipsa
1567 4266 1848 4327 quoque
1901 4244 2253 4309 Caesarea
2301 4245 2643 4308 Maiestas
2692 4247 2782 4308 de
2829 4256 2971 4309 tam

395 4352 803 4417 Christiana
837 4362 910 4415 et
940 4352 1280 4417 benivola
1308 4353 1670 4417 oblatione
1707 4354 1927 4415 habet
1960 4352 2062 4414 eis
2096 4352 2449 4435 benignas
2482 4364 2554 4414 et
2586 4353 2973 4417 clementes

395 4460 694 4539 gratias,

579 4566 968 4647 Postquam
1029 4576 1266 4631 autem
1327 4588 1570 4630 eorum
1631 4563 2059 4629 consultatio
2121 4566 2350 4629 tendit
2413 4587 2499 4628 eo
2562 4568 2653 4629 acl
2718 4588 2971 4630 vocan-

399 4674 566 4735 dum
602 4673 630 4734 Ι
637 4674 1012 4755 .υῒ11ει·υῐῐι,
1062 4684 1134 4737 et
1174 4696 1334 4739 eum
1368 4675 1809 4739 solummodo
1844 4675 1933 4736 ad
1970 4674 2555 4757 interrogandum
2587 4684 2658 4737 et
2686 4674 2969 4737 audien-

365 4782 588 4861 ⁷dum,
624 4780 792 4862 quid
829 4792 1078 4847 contra
1108 4793 1422 4846 nostram
1455 4791 1774 4847 sanctam
1808 4779 2041 4863 fidem,
2068 4781 2576 4863 praedicatum,
2611 4782 2971 4864 scriptum,

403 4898 478 4949 et
534 4886 952 4969 impressum
1015 4888 1357 4972 fateatur,
1425 4892 1558 4953 hoc
1609 4889 1837 4975 ipsum
1890 4898 2303 4964 revocetur;
2381 4888 2440 4953 si
2486 4908 2659 4953 vero
2707 4888 2778 4951 id
2830 4909 2969 4953 non
