3575 5775
1395 593 1854 649 0-‘3478>-0

341 744 547 807 Dieta
592 745 994 827 provedino
1046 751 1116 805 et
1164 743 1512 806 smorzino
1559 743 1603 805 1'
1639 740 1969 804 incendio
2020 738 2260 802 avanti
2308 739 2441 801 che
2476 738 2753 818 prenda
2785 737 2904 819 piii

338 852 514 914 oltre
563 853 698 914 che
747 851 869 932 poi
917 870 1058 913 non
1110 849 1272 913 sara
1319 850 1438 931 piii
1488 848 1558 911 in
1608 846 1878 911 faculta
1925 849 2114 926 lor0‚
2175 856 2246 909 et
2293 846 2530 927 quella
2576 844 2904 924 Natione,

337 960 542 1040 quale
607 960 704 1021 fin
770 958 888 1040 qui
938 958 979 1021 ὲ
1026 966 1213 1020 stata
1265 960 1338 1020 la
1384 958 1506 1039 piu
1557 956 1913 1019 catholica
1960 963 2031 1016 et
2078 952 2199 1035 piu
2250 962 2669 1015 osservante
2718 954 2905 1014 della

337 1066 527 1129 Sede
578 1066 1001 1147 Apostolica
1068 1068 1200 1129 che
1267 1073 1448 1127 tutte
1507 1064 1550 1127 1’
1584 1066 1799 1135 altre:
1868 1062 2030 1125 sara
2096 1061 2166 1123 la
2212 1059 2334 1141 piu
2382 1058 2788 1140 vituperata
2837 1071 2906 1121 et

335 1172 598 1237 infame
661 1175 792 1236 che
856 1175 926 1236 la
973 1174 1293 1236 Boherna
1361 1181 1432 1235 et
1494 1180 1674 1234 tutte
1737 1170 1782 1233 l'
1815 1173 2025 1242 altre3
2098 1176 2166 1230 et
2229 1168 2362 1229 che
2411 1165 2470 1228 si
2518 1166 2669 1228 dira
2721 1169 2906 1229 nelle

335 1282 552 1343 storie
603 1291 674 1344 et
723 1280 989 1344 Annali
1039 1280 1094 1343 si
1144 1290 1332 1343 sotto
1383 1285 1437 1343 si
1488 1279 1766 1361 grande
1798 1279 2239 1358 Imperatore
2286 1274 2420 1336 che
2470 1274 2562 1336 da
2594 1274 2906 1336 Romani

332 1388 402 1450 in
444 1388 590 1469 qua
621 1408 762 1450 non
813 1388 888 1449 fu
933 1387 983 1449 il
1033 1387 1426 1470 maggiore,
1477 1390 1547 1449 la
1579 1385 1967 1448 Germania
2015 1384 2072 1446 si
2117 1382 2375 1445 'ribella
2418 1390 2488 1443 et
2519 1380 2710 1443 dalla
2740 1381 2907 1443 fede

334 1506 402 1557 et
450 1496 572 1557 dal
625 1514 751 1557 suo
785 1494 1136 1574 Imperio?
1187 1514 1300 1556 ma
1349 1494 1468 1556 voi
1516 1503 1801 1574 saprete
1852 1494 2071 1554 molto
2122 1489 2383 1570 meglio
2432 1487 2585 1550 fare
2622 1498 2695 1550 et
2734 1488 2906 1565 dire,

333 1604 463 1664 che
509 1602 630 1665 noi
663 1602 1047 1680 ricordare‚
1096 1601 1272 1682 pero
1321 1620 1412 1663 ne
1463 1600 1885 1662 rimettiamo
1934 1600 2075 1659 alla
2123 1596 2505 1679 prudentia
2552 1605 2793 1658 vostra
2839 1607 2908 1656 et

332 1711 446 1772 del
488 1708 984 1791 protonotario
1019 1707 1336 1787 insieme,
1383 1728 1472 1769 ne
1521 1708 1713 1787 quali
1751 1706 2009 1768 Nostro
2047 1702 2353 1784 Signore
2386 1701 2668 1765 confida
2700 1712 2905 1766 tutto.

513 1816 609 1877 Vi
673 1815 732 1878 si
793 1814 1052 1878 manda
1112 1835 1203 1877 un
1255 1816 1436 1877 altro
1485 1814 1672 1877 libro
1721 1815 1837 1876 del
1888 1813 2104 1875 Frate
2153 1810 2539 1873 Ambrosio
2596 1811 2907 1871 secondo

331 1926 400 1985 la
460 1922 803 1985 dimanda
867 1931 1148 2001 vostra,
1217 1932 1289 1983 et
1345 1942 1388 1983 a
1435 1921 1530 1983 lui
1593 1920 1652 1982 si
1702 1922 1738 1982 ὲ
1789 1921 1959 1983 data
2026 1940 2196 1983 cura
2258 1921 2390 1981 che
2459 1918 2819 1997 responda
2868 1936 2909 1977 a

330 2030 566 2112 questi
615 2029 872 2091 veneni
929 2028 996 2090 di
1042 2030 1206 2110 quel
1255 2029 1566 2109 pessimo
1611 2027 1803 2108 quali
1841 2028 2017 2088 hora
2055 2026 2360 2089 scrivete
2394 2024 2712 2087 mandati
2748 2024 2907 2105 qua.

515 2142 584 2200 A
633 2136 753 2200 noi
799 2138 1018 2199 molto
1069 2135 1386 2216 dis-piace
1434 2135 1481 2197 il
1531 2136 1672 2197 mal
1723 2144 1967 2195 vostro
2002 2144 2073 2195 et
2109 2132 2182 2195 vi
2216 2132 2663 2195 exhortiamo
2696 2152 2909 2213 sopra

333 2256 520 2309 tutto
572 2267 616 2307 a
663 2264 912 2307 curare
961 2246 1027 2306 la
1075 2242 1307 2305 sanita
1355 2254 1598 2305 vostra
1648 2250 1716 2304 et
1767 2252 1957 2303 stare
2001 2242 2071 2302 di
2103 2243 2295 2302 bono
2336 2240 2591 2319 animo,
2619 2259 2907 2320 persua-

330 2353 650 2417 dendovi
699 2354 831 2414 che
879 2354 950 2413 la
999 2350 1277 2412 Santita
1329 2350 1398 2411 di
1451 2350 1712 2412 Nostro
1763 2348 2071 2429 Signore
2121 2349 2161 2409 e
2210 2348 2282 2409 di
2330 2347 2446 2409 voi
2495 2358 2695 2409 tanto
2752 2366 2908 2408 con-

327 2471 534 2524 tenta
594 2470 860 2542 quanto
921 2457 1236 2541 possiate
1287 2456 1764 2535 desiderarvi,
1832 2476 2033 2519 come
2082 2456 2202 2536 poi
2250 2476 2381 2536 per
2429 2454 2477 2517 li
2526 2454 2749 2516 effetti
2800 2474 2907 2516 co-

329 2576 734 2645 noscerete‚
783 2566 832 2627 li
897 2566 1090 2646 quali
1139 2564 1258 2627 noi
1306 2564 1528 2626 siamo
1579 2584 1861 2645 sempre
1908 2583 2042 2647 per
2086 2582 2491 2643 procurare.
2590 2562 2909 2623 Beneva-

329 2678 500 2755 lete,
553 2672 1066 2737 Consortamini
1117 2682 1188 2734 et
1233 2672 1458 2734 nolite
1506 2671 1776 2750 timere,
1827 2690 1989 2732 nam
2045 2672 2236 2731 'Deus
2284 2688 2415 2749 pro
2465 2668 2691 2730 nobiS.

513 2779 924 2855 Florentiae
974 2778 1038 2839 V
1049 2780 1097 2842 1.
1147 2778 1357 2841 Febr.
1407 2776 1772 2840 MDXXI.

2243 2891 2444 2955 Venter
2480 2891 2694 2962 Frater,

2106 2983 2841 3034 Vice-CancellariuS.

1569 3397 1672 3460 19.

1012 3514 1431 3595 Aloander
1487 3512 2231 3594 VioeoanoellariO.

1197 3645 1478 3708 mundat.
1519 3645 1771 3704 German.
1809 3643 1871 3700 Ῑι.
1908 3643 2041 3716 184.)

1126 3744 1226 3814 (Ex
1277 3748 1580 3796 Wormatia
1630 3747 1678 3795 6.
1731 3747 1889 3794 Febr.
1952 3743 2126 3814 1521.)

521 3855 662 3918 Per
721 3855 974 3918 obviar
1028 3853 1151 3936 piu
1200 3854 1438 3917 chesi
1486 3863 1656 3936 pote
1706 3873 1748 3916 a
1797 3853 2028 3935 questi
2077 3851 2355 3915 tumulti
2406 3852 2477 3914 di
2526 3849 2944 3934 Germania·

335 3975 406 4025 et
439 3962 766 4044 prohibit
797 3962 998 4024 stridi
1032 3963 1165 4024 che
1207 3961 1427 4024 fanno
1477 3961 1548 4023 in
1598 3971 1853 4042 questa
1903 3958 2159 4040 diaeta,
2208 3979 2383 4041 pare
2434 3978 2630 4020 esser
2670 3977 2909 4020 neces-

337 4070 532 4133 sario
565 4069 906 4152 imprimis
955 4069 1554 4134 universalmente
1604 4087 1905 4130 revocat
1954 4069 2123 4149 ogni
2172 4086 2483 4144 reserva,
2531 4065 2909 4146 presertim

338 4177 525 4240 satta
587 4198 744 4239 cum
807 4176 1278 4258 derogatione
1326 4176 1955 4254 concordatorurn,
2024 4183 2096 4237 et
2141 4174 2210 4236 in
2262 4173 2571 4235 futurum
2623 4171 2911 4235 schiffar

337 4286 486 4347 tale
535 4284 1006 4365 derogatione
1055 4285 1342 4366 quando
1390 4282 1581 4346 mille
1629 4287 1823 4346 volte
1874 4281 2093 4344 Cesar
2140 4283 2209 4343 la
2258 4281 2750 4342 demandasse.

525 4392 864 4454 Preterea
912 4401 986 4454 et
1029 4391 1102 4453 in
1149 4391 1468 4472 presenti
1515 4391 1740 4452 veder
1787 4388 1859 4451 di
1906 4388 2017 4450 far
2066 4409 2141 4450 se
2186 4388 2489 4468 qualche
2519 4386 2644 4451 lite
2675 4387 2910 4467 pende

341 4517 560 4561 ancor
611 4498 926 4561 indecisa
975 4518 1108 4579 per
1155 4497 1366 4579 vigor
1413 4497 1484 4559 di
1533 4498 1632 4560 tal
1683 4495 2151 4578 derogatione
2200 4515 2243 4557 o
2293 4495 2455 4557 altri
2503 4495 2744 4576 meggi
2779 4495 2911 4556 che

344 4605 562 4668 fanno
609 4607 994 4668 tumultuat
1041 4614 1398 4686 questoro,
1449 4606 1582 4666 che
1617 4603 1697 4664 N.
1735 4601 1809 4666 S.
1856 4606 1925 4666 la
1960 4603 2285 4684 extingui
2320 4611 2391 4664 et
2422 4602 2471 4664 li
2502 4602 2910 4683 impetranti

345 4712 684 4776 habbiino
723 4712 1071 4795 patientia
1103 4732 1234 4794 per
1282 4721 1534 4793 questa
1565 4713 1780 4789 volta,
1811 4710 2078 4792 perche
2108 4709 2402 4791 expedit
2433 4729 2705 4791 paucos
2734 4707 2911 4770 mori

347 4839 479 4899 pro
527 4823 814 4902 populu,
864 4832 1064 4883 tanto
1113 4820 1236 4900 piu
1285 4822 1417 4882 che
1466 4818 1580 4881 chi
1628 4819 1867 4879 hanno
1915 4817 2297 4898 impetrato
2328 4837 2504 4880 sono
2538 4815 2787 4889 ricchi;
2840 4825 2911 4877 et

351 4927 408 4988 si
457 4930 774 5007 proveda
819 4949 864 4990 a
911 4926 1102 4990 mille
1135 4925 1841 5008 stangheggiamenti
1874 4926 2007 4986 che
2042 4934 2378 5008 questoro
2409 4925 2467 4987 si
2503 4928 2909 4986 lamentano
