3575 5775
1697 544 2190 604 043288&

664 690 869 753 vobis
920 693 1357 766 transmitto;
1409 693 1651 774 quanti
1700 695 1998 775 periculi
2047 697 2137 758 sit
2171 695 2321 757 eius
2352 703 2690 757 contenta
2737 705 2808 756 et
2857 693 3228 756 materiam

663 797 734 860 in
788 800 1043 880 vulgus
1090 801 1302 881 prodi
1350 810 1587 863 vestre
1639 821 1937 864 censure
1985 812 2058 864 et
2103 801 2364 864 iudicio
2428 801 2600 864 duxi
2661 801 3228 884 relinquendum.

668 904 1084 968 Verendum
1136 915 1242 972 est
1289 906 1420 969 nisi
1485 928 1775 971 cesaree
1833 909 2221 972 maiestatis
2283 909 2706 972 auctoritate
2765 907 3086 971 censuris
3159 917 3234 970 et

666 1012 871 1094 penis
919 1013 1318 1076 huiusmodi
1370 1016 1752 1096 dampnate
1803 1026 1873 1078 et
1922 1016 2207 1098 pessimi
2259 1017 2568 1097 exempli
2619 1016 3018 1078 libellorum
3085 1015 3227 1076 edi-

668 1118 901 1182 tiones
952 1129 1023 1182 et
1070 1120 1193 1183 illa
1239 1121 1689 1204 imprimendi
1738 1123 2026 1186 licentia
2074 1135 2146 1186 et
2210 1123 2477 1186 effrene
2537 1123 3089 1204 bibliopolarum
3159 1122 3232 1184 li·

665 1229 981 1290 bertates
1046 1228 1556 1311 adhibeantur,
1634 1230 1944 1312 pessima
2016 1250 2296 1313 queque
2359 1239 2590 1293 tractu
2653 1230 2994 1311 temporis
3061 1229 3234 1292 inde

667 1343 1029 1398 eventura.
1126 1335 1465 1416 Quamvis
1538 1339 1627 1400 de
1688 1358 2037 1420 prospero
2102 1358 2432 1401 successu
2497 1358 2612 1400 res
2673 1346 2916 1400 nostre
2979 1346 3237 1400 contra

666 1440 915 1505 Gallos
942 1443 1421 1524 expeditionis
1455 1445 1663 1508 michi
1698 1445 2016 1527 quotidie
2050 1447 2434 1509 secundum
2462 1464 2782 1508 rumores
2809 1443 3232 1523 afferuntur,

665 1549 995 1612 desidero
1046 1559 1281 1613 tamen
1332 1571 1615 1632 quoque
1664 1571 1757 1615 ex
1808 1552 2202 1633 prestantia
2249 1563 2487 1616 vestra
2519 1552 2922 1634 intelligere
2971 1573 3114 1634 quo
3165 1552 3236 1614 in

666 1663 855 1718 statu
902 1677 1018 1719 res
1068 1657 1259 1720 curie
1308 1658 1694 1740 imperialis
1744 1671 2156 1739 versentur,
2207 1681 2344 1742 que
2395 1660 2535 1722 illic
2585 1679 2774 1722 nova
2821 1658 3094 1722 feratur
3145 1659 3236 1721 de

665 1764 1025 1826 horrenda
1072 1763 1463 1846 irruptione
1512 1765 1978 1830 infidelissimi
2044 1768 2266 1830 hostis
2328 1767 2711 1829 christiane
2775 1765 2941 1828 fidei
3006 1775 3080 1828 et
3143 1766 3236 1827 de

667 1869 825 1934 aliis
874 1869 1053 1932 scitu
1101 1871 1337 1954 dignis
1386 1893 1524 1954 que
1572 1873 1763 1936 licite
1813 1873 2026 1936 scribi
2073 1882 2391 1956 possunt.

848 1977 995 2040 Oro
1044 1977 1353 2041 vicissim
1401 2001 1511 2042 me
1561 1979 1936 2043 certiorem
1984 1982 2288 2044 reddere
2321 1980 2556 2044 velitis
2608 1988 2936 2061 preterea
2985 1983 3233 2060 benig-

670 2085 959 2148 nitatem
1010 2097 1319 2148 vestram
1370 2095 1737 2150 exoratam
1788 2087 1974 2151 facio
2023 2109 2164 2170 quo
2213 2109 2298 2151 ea
2347 2109 2484 2170 que
2533 2107 2676 2150 non
2725 2089 2940 2168 longe
3007 2108 3050 2148 a
3111 2089 3232 2148 ba·

673 2191 875 2254 silica
919 2191 991 2254 in
1040 2192 1286 2255 Husen
1337 2202 1543 2256 extra
1590 2214 1828 2256 muros
1878 2195 2456 2258 Wormacienses
2505 2195 2638 2256 sita
2691 2215 2827 2256 una
2875 2191 3236 2256 familiari·

669 2308 816 2361 tate
865 2299 1284 2363 contulimus
1330 2300 1475 2363 fida
1523 2302 1862 2364 memoria
1909 2303 2179 2365 habere
2219 2302 2392 2364 velit
2442 2310 2513 2364 et
2569 2310 2645 2363 ut
2692 2312 2856 2363 tunc
2889 2297 3238 2380 temporis

667 2405 853 2468 inter
900 2427 1031 2470 nos
1078 2417 1401 2488 tempore
1450 2407 1784 2471 abitionis
1849 2417 1920 2472 et
1979 2429 2304 2472 recessus
2365 2407 2586 2471 nostri
2648 2406 3007 2489 peramice
3069 2425 3236 2468 eon-

668 2523 960 2577 ventum
1009 2524 1115 2578 est
1162 2535 1293 2596 pro
1346 2536 1502 2578 mea
1548 2515 1892 2598 singulari
1942 2535 2117 2598 erga
2147 2536 2278 2579 vos
2325 2514 2586 2578 fiducia
2633 2535 2749 2577 res
2797 2533 2990 2576 meas
3038 2513 3238 2593 apud

670 2621 1049 2685 Cesaream
1079 2621 1528 2686 Maiestatem
1561 2623 1943 2686 Dominum
1971 2633 2291 2686 nostrum
2337 2621 2920 2706 gloriosissimum
2969 2621 3236 2682 ducere

670 2727 1157 2791 sollicitandas
1220 2737 1292 2791 et
1360 2731 1888 2811 promovendas
1963 2751 2102 2812 que
2175 2729 2387 2804 michi
2465 2749 2642 2810 erga
2726 2727 3237 2790 humanitatem

670 2844 983 2899 vestram
1032 2835 1271 2901 veniet
1341 2836 1763 2901 amicissime
1822 2846 1894 2902 et
1959 2838 2208 2901 summi
2267 2835 2484 2901 officii
2555 2839 2715 2901 loco
2777 2835 3237 2898 demerenda.

670 2944 843 3006 Cum
892 2944 1025 3007 hiis
1072 2945 1278 3007 vobis
1328 2946 1471 3007 vite
1520 2954 1743 3008 status
1789 2956 1867 3008 ut
1915 2944 2279 3027 regiminis
2312 2945 2772 3008 festivitatem
2820 2952 3236 3024 peroptans.

671 3052 777 3113 Ex
830 3052 1097 3133 oppido
1147 3063 1387 3116 nostro
1441 3053 1752 3116 Zoibveu
1802 3051 2026 3115 Nonis
2075 3050 2520 3134 Septembris
2569 3072 2755 3115 anno
2805 3048 3173 3113 MDXXI.

1774 3176 2128 3249 wulfinum,
2169 3186 2272 3234 Dei
2308 3184 2478 3248 gratia.
2515 3185 2797 3247 episcopus
2836 3182 3166 3242 Argentinus

2123 3274 2470 3339 Alsatiaeque
2507 3272 2877 3335 Lantgravius.

1750 3454 2161 3468 &arumna-§mmmm

1879 3688 2024 3750 122.

1437 3823 1795 3903 meander
1867 3818 2492 3902 VioeomoellariO.

1530 3970 1814 4042 (Nuntiat.
1863 3969 2114 4028 German.
2149 3967 2209 4026 L.
2247 3966 2390 4036 1³6.)

1633 4097 1703 4151 (9.
1742 4088 2066 4154 Septembris
2111 4085 2284 4153 1521.)

853 4226 1091 4308 Dopoi
1139 4229 1205 4289 le
1254 4226 1391 4289 mie
1443 4227 1619 4289 altre
1668 4224 1910 4287 scritte
1975 4223 2013 4285 a
2077 4222 2149 4283 di
2211 4221 2332 4283 doi
2399 4221 2515 4283 del
2581 4227 2948 4302 presente,
3010 4216 3079 4279 io
3143 4218 3235 4279 ho

676 4334 857 4398 fatto
905 4337 1146 4395 buona
1192 4332 1648 4415 inquisitione
1719 4331 1793 4393 di
1841 4330 2172 4393 intender
2219 4349 2418 4391 come
2489 4327 2548 4389 si
2593 4336 2806 4409 porta
2856 4324 3238 4388 Antwersa

677 4443 792 4505 nel
843 4442 1021 4503 fatto
1070 4442 1161 4503 de
1208 4441 1506 4519 Luther,
1571 4448 1645 4501 et
1710 4446 1916 4500 trovo
1966 4437 2098 4499 che
2146 4435 2396 4498 invero
2445 4434 2486 4496 l'
2521 4433 2879 4497 universal
2926 4440 3110 4495 tutto
3159 4452 3236 4494 se

676 4560 891 4632 porta
934 4546 1315 4610 benissimo
1366 4554 1641 4609 eccetto
1692 4542 1925 4607 alcuni
1973 4542 2401 4607 Mercatanti
2450 4540 2575 4605 alti
2622 4539 2975 4620 Alamani,
3025 4546 3098 4602 et
3143 4538 3234 4600 al-

680 4656 841 4721 cuni
890 4654 1160 4718 marani
1207 4652 1257 4717 li
1309 4653 1499 4735 quali
1549 4653 1806 4715 dicono
1875 4663 1946 4713 et
2010 4649 2227 4713 fanno
2297 4670 2434 4731 pur
2506 4649 2808 4730 qualche
2870 4646 3110 4729 pazzia
3165 4644 3236 4705 in

678 4765 885 4828 favor
931 4762 1004 4825 di
1052 4762 1321 4824 Luther
1378 4761 1494 4823 del
1561 4760 1691 4821 che
1752 4758 1974 4821 Cesar
2036 4758 2075 4820 ὲ
2143 4759 2282 4819 ben
2346 4754 2702 4820 advertito
2763 4764 2836 4819 et
2890 4755 2986 4816 ha
3051 4751 3234 4815 forte

678 4870 912 4935 animo
961 4870 1163 4935 farne
1210 4868 1485 4953 grande
1537 4865 2112 4931 demostratione.
2207 4864 2330 4927 Ma
2359 4884 2488 4948 per
2525 4862 2836 4929 Consilio
2887 4860 2960 4923 di
3008 4856 3236 4943 questi
