3575 5775
1531 546 2154 615 ,‹><:33928>-0

626 695 896 759 Svizeri
957 693 1590 776 sopragiugnendo
1640 704 1887 774 queste
1936 691 2180 755 novita
2252 694 2340 756 de
2388 692 2689 773 Milan0‚
2760 712 2895 775 per
2939 708 3188 776 questa

624 804 998 866 invernata
1063 822 1202 863 non
1271 800 1330 862 si
1395 798 1550 863 fara
1617 800 1820 863 altr0.
1918 800 2220 863 Intendo
2286 802 2601 863 anchora
2666 802 2799 863 che
2849 802 2893 864 ’1
2957 802 3187 883 reggi-

624 922 862 974 mento
908 908 1277 990 imperiale
1323 908 1396 970 in
1443 906 1740 989 Eslinga
1785 928 1879 969 va
1924 909 2063 970 mal
2114 915 2450 971 contento
2510 918 2581 969 et
2626 908 2860 970 vuolsi
2909 911 3000 970 de
3046 929 3189 971 non

627 1038 865 1081 essere
927 1019 1112 1079 bene
1159 1015 1592 1077 intertenuto
1656 1016 1746 1077 de
1796 1014 1843 1077 li
1892 1014 2047 1077 suoi
2096 1012 2332 1077 salarii
2395 1015 2720 1098 segondo
2786 1016 2919 1079 che
2967 1013 3069 1097 gli
3112 1015 3191 1077 fu

623 1144 994 1207 promesso
1045 1133 1116 1185 et
1159 1144 1246 1185 ne
1294 1122 1370 1184 fa
1417 1122 1709 1203 querela
1758 1123 1871 1183 col
1902 1122 2260 1205 Principe,
2310 1125 2377 1186 el
2426 1124 2637 1204 quale
2669 1121 3009 1204 risponde
3058 1124 3191 1185 che

625 1253 757 1315 per
803 1251 945 1293 una
991 1240 1188 1293 certa
1235 1238 1441 1310 parte
1490 1228 1590 1309 gli
1637 1228 2075 1310 provedera3
2127 1230 2374 1292 dubito
2409 1232 2541 1292 che
2573 1231 2908 1292 andando
2944 1240 3193 1312 queste

625 1358 792 1403 cose
860 1340 950 1401 de
998 1336 1204 1400 Italia
1253 1336 1534 1399 sinistre
1602 1355 1745 1399 non
1812 1335 1871 1398 si
1937 1335 2207 1399 voltino
2267 1356 2311 1399 a
2356 1356 2663 1417 pensare
2728 1338 3029 1417 qualche
3094 1337 3193 1399 di·

627 1466 882 1509 sconzo
948 1453 1018 1506 et
1079 1444 1148 1506 di
1199 1444 1432 1525 quelle
1483 1462 1649 1505 cose
1711 1443 1802 1504 de
1852 1443 1967 1505 chi
2014 1462 2147 1506 con
2197 1444 2241 1507 l'
2276 1445 2455 1507 altre
2502 1444 2641 1507 mie
2690 1444 2861 1507 dissi
2908 1464 3196 1508 esserne

626 1552 926 1636 qualche
975 1560 1331 1632 suspetto;
1383 1570 1518 1632 pur
1564 1570 1790 1631 penso
1840 1552 1971 1612 che
2022 1559 2305 1613 costoro
2356 1571 2490 1613 con
2533 1551 2603 1613 la
2636 1550 3007 1633 diligentia
3038 1554 3193 1615 loro

626 1660 1175 1745 provederanno
1211 1678 1253 1719 a
1286 1667 1488 1719 tutto.
1571 1656 1758 1739 Ogni
1795 1657 2154 1721 disordine
2203 1658 2335 1720 che
2368 1675 2591 1737 segue
2622 1659 2941 1721 darebbe
2974 1660 3193 1721 molto

625 1766 1076 1829 incommodo
1125 1766 1264 1827 alle
1314 1783 1482 1826 cose
1531 1774 1790 1828 nostre.
1844 1812 1859 1827 .
1898 1812 1912 1827 .
1950 1811 1965 1827 .
2002 1811 2016 1825 .

809 1872 1012 1935 Colui
1060 1873 1192 1935 che
1228 1892 1350 1935 era
1382 1872 1893 1953 luogotenente
1937 1868 2055 1952 qui
2090 1870 2207 1933 del
2242 1870 2577 1952 Principe
2612 1872 2647 1933 ὸ
2679 1880 2865 1935 stato
2896 1872 3197 1936 rimosso

627 1990 699 2044 et
745 1979 818 2043 in
865 1981 1132 2061 luogho
1181 1998 1308 2041 suo
1355 1997 1684 2040 messono
1734 1977 1847 2039 un'
1885 1979 2088 2040 altro.

805 2086 1073 2149 Mando
1123 2106 1166 2147 a
1207 2085 1295 2147 V.
1347 2082 1414 2147 S.
1465 2084 1674 2166 copia
1721 2085 1811 2147 de
1860 2104 2002 2146 una
2047 2086 2243 2148 bolla
2291 2085 2471 2148 satta
2520 2086 2587 2148 in
2623 2085 2915 2148 Prussia
2962 2086 3055 2148 da
3102 2096 3199 2149 un

627 2214 938 2259 vescovo
986 2193 1058 2256 in
1107 2192 1357 2255 favore
1407 2192 1496 2254 de
1545 2192 1615 2253 la
1660 2191 1943 2254 heresia
1989 2192 2397 2263 lutherana.;
2449 2212 2675 2273 penso
2724 2194 2857 2255 che
2890 2195 3201 2255 sarebbe

627 2304 847 2365 molto
893 2309 1296 2382 opportuno
1347 2308 1417 2361 et
1450 2300 1854 2361 necessario
1888 2301 2285 2382 procedere
2315 2308 2565 2362 contro
2616 2300 2687 2361 di
2718 2299 2837 2381 lui,
2888 2301 2953 2363 el
2989 2301 3201 2381 quale

628 2410 920 2473 intendo
969 2408 1101 2469 che
1152 2405 1216 2468 la
1265 2407 1446 2468 oltre
1497 2406 1536 2468 e
1583 2407 1851 2469 lassato
1881 2408 2149 2488 luogho
2182 2415 2473 2469 tenente
2503 2409 2621 2469 del
2654 2407 2851 2470 Gran
2886 2419 3201 2471 maestro

632 2517 720 2579 de
763 2514 1086 2587 Prussia3
1134 2532 1266 2594 per
1314 2512 1384 2575 la
1430 2514 1596 2593 qual
1643 2532 1815 2577 cosa
1862 2513 1920 2576 si
1968 2514 2111 2596 puo
2158 2534 2293 2597 pur
2341 2534 2535 2577 esser
2582 2516 2825 2579 chiaro
2876 2518 2966 2579 de
3014 2515 3203 2579 illius

633 2623 1022 2686 voluntate.

811 2730 1112 2792 Intendo
1162 2712 1431 2789 arichor
1479 2729 1610 2789 che
1647 2726 1691 2790 'l
1741 2726 2083 2792 Casimiro
2113 2728 2767 2812 Brandeburgense
2814 2749 2905 2791 ne
2952 2732 3023 2792 lo
3074 2750 3205 2793 suo

629 2858 848 2921 paese
896 2838 988 2900 ha
1037 2842 1284 2899 tenuta
1330 2854 1470 2898 una
1521 2833 1712 2898 dieta
1773 2856 1862 2899 ne
1912 2837 1981 2898 la
2030 2836 2239 2917 quale
2286 2835 2336 2899 li
2384 2834 2539 2900 suoi
2606 2834 2705 2918 gli
2751 2836 2992 2900 hanno
3040 2856 3203 2919 pro·

629 2955 838 3028 posto
905 2943 1102 3007 molti
1151 2941 1427 3006 articoli
1495 2943 1624 3006 che
1691 2943 1855 3005 tutti
1920 2963 2157 3006 vanno
2225 2944 2366 3006 alla
2431 2943 2547 3006 via
2594 2945 3006 3025 lutherana‚
3078 2943 3207 3007 alli

634 3052 823 3135 quali
875 3051 1018 3133 egli
1065 3053 1159 3114 ha
1207 3051 1404 3113 detto
1437 3059 1576 3112 nori
1625 3057 1877 3131 potere
1924 3052 2101 3112 hora
2130 3049 2549 3132 rispondere
2598 3068 2731 3131 per
2762 3071 3001 3114 essere
3033 3072 3209 3115 cose

633 3162 722 3222 de
771 3159 1229 3242 importanza‚
1280 3167 1351 3220 et
1398 3156 1544 3220 cosi
1592 3155 1641 3219 li
1687 3159 1780 3218 ha
1830 3155 2103 3220 rimessi
2153 3175 2196 3219 a
2241 3155 2357 3220 un'
2392 3157 2607 3228 altra:
2657 3159 2726 3220 la
2774 3157 2985 3239 copia
3030 3159 3211 3222 deli

631 3265 823 3347 quali
873 3265 960 3328 V.
1011 3264 1078 3328 S.
1139 3263 1406 3326 havera
1471 3264 1590 3345 qui
1650 3263 1946 3346 alligata
2008 3275 2081 3326 et
2126 3261 2352 3346 perho
2412 3263 2649 3327 iudico
2713 3265 2845 3326 che
2894 3268 3207 3329 sarebbe

634 3375 872 3435 buono
919 3373 1097 3434 hora
1143 3372 1484 3434 mandare
1534 3389 1673 3432 uno
1724 3372 1815 3432 de
1866 3369 2081 3452 quelli
2128 3369 2392 3434 fratelli
2442 3371 2515 3432 di
2548 3371 2786 3434 Roma
2834 3371 2907 3433 in
2956 3391 3100 3453 qua
3148 3375 3207 3436 sl

635 3498 766 3560 per
811 3479 858 3540 li
908 3478 1314 3542 andamenti
1365 3477 1434 3539 di
1483 3476 1729 3557 costui‚
1781 3497 1982 3540 corne
2031 3493 2161 3561 per
2210 3476 2427 3560 quelli
2476 3479 2591 3540 del
2640 3495 2821 3559 gran
2871 3489 3208 3561 maestro,

635 3584 957 3667 segondo
1007 3585 1139 3646 che
1187 3583 1368 3646 altre
1416 3586 1609 3647 volte
1656 3583 1884 3665 penso
1932 3581 2017 3647 N.
2068 3581 2142 3649 S.
2193 3632 2209 3648 .
2246 3635 2259 3650 .
2294 3633 2309 3648 .
2344 3634 2359 3649 .

812 3707 1139 3771 Viennae
1189 3708 1291 3770 IV
1341 3707 1768 3771 Novembris
1818 3707 2255 3775 MDXXIV.

1699 3913 1707 3918 .
1722 3911 1731 3917 ι-
1750 3904 1908 3917 maeuva
1921 3905 2112 3918 ,ΑΝ--αμΑν

1858 4137 2003 4204 178.

1297 4253 1631 4336 Consules
1685 4255 2079 4355 Pragenses
2136 4195 2530 4356 Campegiu

1541 4393 1657 4467 (Ep.
1694 4393 2013 4466 Principum
2050 4391 2121 4450 11.
2160 4391 2296 4464 34⁷.)

1579 4501 1689 4572 (10.
1727 4503 2049 4554 Novembris
2094 4501 2269 4572 1524.)

819 4644 1136 4708 Salutem
1206 4663 1364 4709 cum
1434 4665 1668 4709 rerum
1738 4644 2047 4709 omnium
2118 4645 2618 4729 prosperitatis
2689 4645 3051 4711 desiderio
3125 4669 3211 4712 ac

640 4753 1036 4818 officiorum
1084 4752 1290 4818 simul
1339 4763 1410 4817 et
1457 4753 1959 4834 obsequiorum
2008 4762 2409 4817 nostrorum
2452 4751 2883 4816 sincerorum
2932 4751 3213 4818 exhibi-

640 4863 834 4926 tione
876 4881 1158 4944 semper
1185 4873 1515 4944 prompta
1545 4861 1843 4923 dicimus
1889 4869 1959 4923 et
1994 4859 2492 4942 significamus
2574 4857 3213 4928 Reverendissime
