3575 5775
1590 559 1707 614 (ΗΒ
1782 560 1890 618 496
1969 559 2084 618 {bv

1154 1041 1375 1142 Epist.
1434 926 1916 1122 Tridenti121i31}
1954 1040 2299 1124 Clementi
2353 1041 2512 1124 VII.

1513 1189 1631 1264 (Ep.
1666 1191 1842 1264 prino.
1879 1189 1983 1247 111.
2023 1187 2154 1258 201.)

1592 1307 1699 1378 (23.
1739 1310 1872 1376 Julii
1919 1312 2093 1376 1524.)

740 1455 1180 1534 Quamquam
1230 1463 1467 1515 vestra
1517 1451 1900 1515 Beatitudo
1951 1454 2038 1514 de
2079 1472 2410 1515 successu
2441 1452 2632 1514 diete
2665 1453 3130 1536 provincialis

566 1559 769 1621 huius
817 1561 1189 1636 comitatus
1242 1562 1483 1642 procul
1549 1559 1766 1621 dubio
1839 1579 1970 1640 per
2025 1558 2386 1622 nunctium
2449 1580 2650 1622 suum
2697 1563 2888 1641 apud
2939 1581 3126 1624 sere·

566 1665 924 1729 nis-simum
973 1666 1367 1748 principem
1417 1675 1749 1747 agentem
1801 1665 1893 1727 sit
1940 1666 2335 1747 admonita,
2403 1688 2669 1730 memor
2729 1679 2962 1730 tamen
3011 1689 3127 1730 eo—

564 1793 716 1835 rum
770 1795 905 1855 que
954 1785 1163 1837 antea
1213 1775 1302 1837 de
1352 1794 1463 1836 me
1511 1773 1749 1835 futura
1799 1772 2028 1835 eidem
2057 1771 2648 1854 significaveram,
2695 1775 2942 1856 putavi
2971 1795 3128 1857 pre-

563 1890 801 1942 sentes
849 1902 1043 1944 meas
1091 1881 1365 1944 litteras
1428 1880 1563 1942 sibi
1614 1879 1994 1942 mittendas
2044 1901 2202 1944 esse
2265 1891 2343 1942 ut
2402 1881 2840 1964 intelligeret
2899 1882 3129 1964 ipsum

566 2000 991 2051 conventum
1040 1987 1537 2070 provintialem
1590 1997 1752 2068 post
1802 1987 2173 2050 diuturnos
2218 1989 2506 2051 labores
2555 2001 2625 2052 et
2673 1989 2859 2054 inter
2915 1990 3129 2072 pluri-

567 2116 714 2157 mas
763 2096 921 2158 hinc
972 2105 1043 2158 et
1090 2095 1253 2158 inde
1304 2093 1819 2173 contentioneS,
1871 2095 2159 2157 tandem
2206 2093 2416 2158 finem
2464 2095 2832 2170 habuisse;
2885 2096 2954 2159 in
2986 2119 3132 2180 quo

566 2222 965 2284 quanquam
996 2223 1263 2266 summe
1288 2201 1769 2285 provinciales
1805 2202 2299 2265 contenderint
2333 2213 2404 2265 et
2451 2203 2888 2268 incessanter
2935 2204 3136 2268 enixi

569 2309 834 2372 fuerint
882 2331 967 2372 ea
1014 2308 1357 2391 consequi
1402 2328 1534 2390 per
1583 2327 1720 2389 que
1770 2308 2236 2372 sacerdotalis
2292 2309 2602 2392 dignitas
2663 2312 3136 2376 labefactare-

572 2425 685 2478 tur
734 2425 805 2478 et
854 2417 1139 2479 omnino
1189 2413 1743 2498 opprimeretur,
1795 2435 2040 2479 omnes
2089 2423 2325 2479 tamen
2389 2419 2776 2480 eorundem
2838 2430 3139 2482 conatus

568 2535 810 2605 preter
857 2544 1067 2605 quam
1114 2523 1183 2584 in
1220 2531 1553 2604 quattuor
1601 2521 1916 2584 articulis
1950 2521 2127 2586 irriti
2176 2522 2348 2586 facti
2397 2533 2590 2597 sunt;
2643 2546 2938 2606 quorum
2985 2527 3134 2608 qui·

570 2633 731 2694 dem
781 2629 1146 2694 concessio
1196 2629 1477 2693 tametsi
1526 2627 1789 2693 Sedem
1842 2632 2332 2711 Apostolicam
2380 2651 2685 2713 gravare
2735 2641 2804 2694 et
2853 2633 3137 2696 liberta-

570 2751 710 2802 tern
784 2739 1340 2818 ecclesiasti-cam
1413 2738 1728 2801 nonnihil
1807 2739 2253 2820 supprimere
2319 2739 2678 2820 videatur,
2737 2739 3140 2822 putaverim

570 2845 639 2911 in
691 2844 1233 2910 Serenissimum
1266 2845 1670 2928 Principem
1706 2867 1791 2910 eo
1828 2845 2123 2910 consilio
2173 2857 2244 2910 et
2293 2846 2690 2911 intentione
2739 2848 3142 2913 huiusmodi

569 2956 1006 3019 concessisse
1056 2957 1245 3037 quod
1297 2954 1680 3036 aliquando
1728 2954 2038 3018 futurum
2074 2966 2315 3037 speret
2347 2959 2595 3019 eadem
2628 2957 2781 3019 tolli
2815 2978 3025 3039 posse
3065 2972 3142 3019 et

576 3084 693 3125 res
742 3066 831 3125 ad
882 3062 1275 3144 primevum
1325 3072 1604 3141 statum,
1654 3062 2080 3125 auctoritate
2129 3062 2426 3125 consilio
2475 3063 2854 3145 studioque
2905 3076 3146 3128 vestre

574 3170 968 3233 sanctitatis
1017 3172 1427 3249 accedente,
1477 3169 1911 3250 redigendas
1961 3191 2138 3232 esse.
2233 3170 2502 3233 Verum
2560 3171 2887 3234 nunctius
2941 3192 3146 3235 meus

574 3298 784 3359 quem
832 3298 989 3339 meo
1042 3277 1325 3339 nomine
1376 3277 1444 3338 in
1511 3276 1705 3338 dieta
1760 3277 1978 3340 habui
2035 3289 2248 3339 antea
2311 3298 2399 3339 ex
2459 3298 2570 3340 me
2642 3278 2965 3355 monituS,
3017 3280 3144 3341 ubi

573 3387 705 3447 hec
754 3394 1087 3465 quattuor
1134 3384 1421 3446 rescivit
1482 3386 1718 3465 palam
1783 3395 2160 3448 attestatus
2210 3394 2317 3447 est
2345 3432 2360 3463 ,
2429 3385 2768 3448 adhibitis
2818 3386 3146 3465 testibuS,

574 3513 729 3555 sese
778 3512 933 3554 meo
984 3490 1267 3553 nomine
1325 3490 1495 3553 nihil
1544 3500 1922 3572 acceptare
1973 3492 2161 3573 quod
2212 3489 2384 3554 Sedi
2433 3493 2854 3572 Apostolice
2903 3492 2993 3555 sit
3039 3493 3142 3555 in·

578 3600 841 3661 decens
900 3608 970 3660 et
1030 3596 1341 3661 libertati
1409 3597 1892 3661 ecclesiastice
1961 3598 2424 3677 contrarium,
2476 3599 2564 3661 de
2627 3619 2768 3680 quo
2833 3612 3148 3663 vestram

577 3705 1025 3769 sanctitatem
1077 3706 1595 3769 admonendam
1647 3726 1804 3768 esse
1853 3704 2118 3788 putavi,
2186 3715 2262 3767 ut
2312 3725 2522 3787 quum
2580 3719 2794 3770 antea
2851 3706 3148 3788 scripse-

578 3813 706 3876 rim
756 3834 869 3876 me
900 3813 1093 3892 nihil,
1146 3822 1481 3894 quantum
1530 3811 1599 3874 in
1652 3833 1761 3875 me
1821 3823 1993 3890 erat,
2052 3822 2586 3894 acceptaturum
2655 3816 2844 3895 quod
2895 3816 3148 3879 durum

582 3921 993 4002 iniquumve
1054 3919 1282 3983 ordini
1352 3920 1777 3982 sacerdotali
1842 3920 2093 3982 haberi
2155 3932 2436 4001 posset,
2510 3920 2648 3983 iam
2714 3921 3153 4003 intelligeret

580 4039 911 4112 agentem
972 4048 1206 4091 meum
1267 4026 1527 4089 fecisse
1579 4027 1766 4107 quod
1830 4026 2094 4109 potuit,
2160 4048 2248 4089 ne
2311 4028 2480 4109 quid
2547 4032 2727 4105 tale,
2795 4049 3150 4093 consensu

582 4157 739 4199 meo
789 4137 1198 4199 conclusum
1249 4133 1631 4196 videretur.
1752 4134 1982 4215 Quum
2041 4144 2276 4197 autem
2342 4133 2454 4196 his
2501 4134 2784 4216 scriptis
2833 4137 3152 4199 nondum

582 4254 819 4306 tamen
870 4242 1305 4324 obsignatiS,
1365 4240 1763 4322 acceperim
1821 4241 2096 4303 litteras
2154 4262 2196 4303 a
2261 4241 2472 4303 Serm⁰
2521 4241 2888 4323 Principe,
2957 4244 3152 4305 volui

584 4350 861 4430 copiam
911 4369 1152 4412 earum
1200 4348 1309 4411 his
1357 4346 1768 4429 adiungere,
1819 4356 1896 4410 ut
1943 4349 2133 4429 quod
2183 4349 2270 4409 de
2304 4347 2615 4410 articulis
2648 4348 2782 4411 illis
2817 4360 3158 4431 quattuor

586 4455 909 4536 superius
941 4455 1214 4537 scripsi,
1249 4455 1321 4516 id
1354 4454 1452 4517 ita
1487 4476 1641 4516 esse
1676 4463 2145 4535 cognosceret
2179 4510 2190 4520 .
2221 4503 2235 4518 .
2274 4508 2284 4519 .
2349 4454 2460 4517 Ex
2509 4455 2566 4517 T
2569 4455 2850 4519 ridento
2885 4456 3156 4519 XXIII

589 4562 703 4625 die
750 4561 917 4641 Julii
964 4562 1364 4625 MDXXV.
