3575 5775
1734 552 2193 611 0-4318&

683 702 838 763 dem
905 700 1108 781 penis
1171 700 1660 764 mandavimus
1717 722 1808 765 ne
1870 702 2155 766 libellos
2215 700 2410 784 ipsos
2458 700 2705 781 legere
2752 704 3249 778 presumerent

681 809 807 870 sed
873 808 1034 870 illos
1095 811 1591 870 comburerent
1639 829 1764 871 seu
1813 808 2131 872 comburi
2192 807 2543 884 facerent,
2606 803 2884 887 ipsique
2932 803 3245 865 Mai-tino

683 914 894 977 etiam
948 913 1375 977 inhibuimus
1422 926 1499 977 ut
1545 936 1588 977 a
1635 914 2129 997 predicatione
2177 914 2573 995 desisteret,
2636 912 3009 992 ipsumque
3058 919 3131 972 et
3177 908 3245 969 ei

679 1022 1106 1085 adherentes
1154 1042 1238 1084 ac
1287 1022 1438 1085 eius
1483 1031 1975 1103 receptatores
2022 1024 2154 1084 sub
2204 1020 2547 1083 similibus
2592 1016 2799 1100 penis
2848 1016 3246 1080 monuimus

680 1126 922 1208 eisque
971 1127 1434 1211 precipiendo
1483 1129 1977 1193 mandavimus
2024 1138 2101 1193 ut
2147 1127 2333 1191 infra
2380 1126 2760 1207 sexaginta
2809 1124 2960 1187 dies
3010 1144 3052 1185 a
3089 1142 3247 1203 pre·

677 1234 845 1297 fatis
893 1234 1252 1297 erroribus
1299 1255 1684 1318 eorumque
1733 1236 2221 1318 publicatione
2270 1244 2341 1297 et
2372 1233 2787 1296 defensione
2818 1230 3249 1293 desisterent

678 1352 750 1403 et
797 1342 1016 1405 libros
1046 1342 1244 1424 ipsos
1273 1345 1773 1406 comburerent
1806 1363 1933 1407 seu
1980 1342 2301 1407 comburi
2346 1342 2691 1420 facerent,
2734 1340 3029 1421 ipseque
3060 1337 3246 1399 Mar·

677 1449 864 1511 tinus
932 1470 1209 1513 errores
1273 1450 1468 1533 ipsos
1528 1462 1905 1515 revocaret
1960 1461 2033 1514 et
2090 1451 2180 1513 de
2228 1449 2687 1513 revocatione
2733 1446 3049 1528 ipsorum
3097 1464 3245 1506 cer·

677 1555 896 1619 tiores
943 1576 1074 1619 nos
1120 1557 1416 1639 faceret,
1466 1567 1538 1621 et
1585 1558 1720 1621 nisi
1750 1558 1821 1620 id
1858 1558 2044 1622 infra
2073 1558 2337 1621 dictum
2368 1556 2741 1619 terminum
2774 1554 3046 1616 faceret
3085 1572 3247 1613 eum

677 1672 748 1725 et
814 1662 915 1725 illi
976 1665 1404 1729 adherentes
1452 1685 1535 1728 ac
1584 1665 1903 1729 fautores
1953 1665 2271 1727 notorios
2320 1674 2391 1727 et
2439 1662 2841 1746 pertinaces
2888 1658 3247 1724 hereticos

675 1769 896 1832 fuisse
943 1780 1016 1832 et
1065 1791 1222 1833 esse
1271 1772 1722 1835 declarantes
1770 1775 2061 1836 eosdem
2109 1782 2187 1835 ut
2234 1774 2416 1834 tales
2446 1765 3121 1850 condempnavimus
3155 1784 3243 1826 ac

675 1896 798 1940 eos
861 1879 956 1939 ab
1021 1878 1348 1942 omnibus
1410 1877 2003 1943 Christifidelibus
2064 1900 2196 1963 pro
2258 1879 2519 1941 talibus
2580 1875 2830 1939 haberi
2891 1873 3241 1937 voluimus

673 1993 890 2064 atque
947 1985 1437 2049 mandavimus
1503 2007 1767 2070 eosque
1832 1988 2037 2071 penis
2100 1997 2349 2052 contra
2414 1987 2595 2048 tales
2657 2004 2699 2045 a
2741 1984 2896 2063 jure
2958 1978 3241 2043 inflictis

675 2090 1102 2153 subiecimus
1166 2100 1237 2155 et
1281 2093 1941 2158 ‚eisdem-irretitos
1995 2115 2152 2157 esse
2199 2114 2331 2176 per
2378 2091 2721 2174 quasdam
2768 2091 2898 2152 sub
2948 2088 3239 2170 plumbo

675 2196 1119 2262 decrevimus
1154 2208 1225 2262 et
1264 2201 1803 2281 declaravimus,
1854 2222 1937 2266 ac
1986 2223 2118 2284 per
2163 2200 2342 2264 alias
2388 2208 2668 2262 nostras
2712 2198 2783 2259 in
2824 2196 3054 2259 forma
3084 2197 3238 2255 bre-

673 2302 781 2365 vis
829 2303 1102 2369 litteras
1150 2307 1858 2389 circumspectionem
1907 2320 2119 2388 tuam,
2170 2310 2472 2371 Alberte
2510 2303 2927 2381 CardinaliS,
2975 2298 3239 2363 hortati

672 2410 932 2473 fuimus
991 2422 1070 2474 ut
1132 2412 1406 2476 litteras
1477 2414 1839 2496 predictas
1906 2416 1973 2477 in
2044 2418 2389 2479 ambabus
2459 2414 2597 2476 tuis
2666 2407 3241 2491 Metropolitanis

673 2517 1095 2598 Maguntina
1159 2531 1229 2583 et
1274 2521 1891 2605 Magdeburgensi
1946 2544 2028 2585 ac
2079 2523 2335 2586 ceteris
2382 2522 2709 2585 omnibus
2757 2516 3237 2597 suffraganeo-

671 2644 822 2687 rum
875 2635 945 2687 et
979 2624 1530 2709 Episcopatuum
1564 2639 1843 2693 tuorum
1884 2630 2204 2693 ecclesiis
2253 2630 2753 2711 publicandaS,
2804 2644 3068 2705 easque
3117 2642 3237 2702 po-

672 2733 860 2813 pulis
905 2732 1089 2797 inter
1136 2733 1378 2797 divina
1426 2737 1896 2801 declarandas
1944 2758 2027 2799 ac
2075 2748 2239 2819 post
2287 2736 2842 2818 publicationem
2893 2742 2963 2794 et
3007 2731 3236 2792 decla-

671 2839 1018 2906 rationem
1065 2840 1464 2905 huiusmodi
1514 2845 1839 2908 eumdem
1870 2844 2253 2908 Martinum
2303 2864 2459 2908 cum
2507 2844 2651 2907 suis
2700 2838 3126 2922 sequacibus
3183 2834 3240 2898 si

671 2947 1134 3030 pertinaciter
1181 2963 1730 3032 perseverarent
1775 2953 1845 3015 in
1899 2972 2139 3016 errore
2190 2954 2280 3014 ab
2330 2951 2656 3015 omnibus
2704 2948 3071 3014 vitandum
3123 2946 3239 3008 vel

673 3056 886 3118 etiam
953 3056 1376 3138 capiendum
1445 3078 1734 3123 curares
1798 3071 1869 3124 et
1916 3063 2261 3140 studereS,
2323 3058 2757 3139 Nunciisque
2827 3054 3085 3119 nostris
3146 3057 3238 3116 ab

669 3165 804 3225 hac
867 3174 1115 3226 sancta
1177 3165 1349 3227 sede
1410 3167 1502 3226 ad
1564 3168 1699 3228 hoc
1767 3168 2145 3248 negocium
2212 3167 2583 3230 destinatis
2632 3184 2910 3227 omnem
2958 3173 3029 3225 et
3077 3182 3237 3225 con-

671 3268 808 3330 silii
871 3269 1190 3332 favorem
1254 3281 1324 3332 et
1383 3272 1626 3336 auxilii
1692 3294 1933 3336 curam
1998 3274 2451 3356 impenderes
2523 3281 2737 3354 prout
2805 3272 2875 3334 in
2943 3270 3240 3352 singulis

669 3375 926 3439 litteris
972 3377 1318 3457 predictis
1344 3378 1628 3460 plenius
1663 3380 2087 3444 continetur.
2157 3379 2331 3443 Cum
2364 3400 2591 3462 nuper
2620 3388 2879 3459 autem,
2912 3398 3052 3440 non
3086 3377 3237 3440 sine

671 3482 881 3574 gravi
931 3483 1144 3545 animi
1211 3484 1432 3546 nostri
1481 3485 1805 3548 molestia
1855 3494 1926 3549 et
1974 3487 2227 3550 mentis
2276 3487 2837 3568 perturbatione,
2885 3484 3235 3567 acceperi-

671 3610 824 3652 mus
890 3590 1078 3672 quod
1140 3590 1295 3671 ipse
1339 3591 1687 3655 Martinus
1735 3593 2129 3674 iniquitatis
2173 3593 2361 3658 filius
2406 3595 2479 3658 in
2524 3597 2907 3676 reprobum
2954 3612 3236 3656 sensum

672 3716 908 3779 ymmo
957 3717 1128 3760 vero
1177 3697 1246 3759 in
1295 3697 1641 3763 insaniam
1689 3720 1940 3764 versus
1988 3721 2128 3765 non
2180 3704 2405 3766 solum
2456 3721 2735 3765 errores
2784 3721 2950 3763 suos
3004 3699 3235 3782 predi-

671 3811 840 3865 ctos*
895 3822 1238 3867 revocare
1311 3816 1383 3868 et
1451 3807 1805 3870 mandatis
1877 3809 2137 3872 nostris
2205 3828 2465 3890 parere
2530 3807 2958 3889 contempsit
3022 3816 3237 3888 atque

670 3911 1020 3992 neglexit,
1067 3931 1314 3974 verum
1365 3912 1577 3975 etiam
1628 3915 2033 3996 complures
2080 3915 2261 3977 alios
2308 3915 2591 3978 libellos
2638 3915 2989 3978 boemiam
3036 3915 3231 3975 here—

671 4017 798 4080 sim
857 4018 1225 4101 professus
1287 4019 1642 4100 prioribus
1694 4022 1979 4102 peiores
2028 4032 2278 4085 contra
2328 4032 2641 4085 nostrum
2693 4033 2762 4085 et
2809 4023 2997 4084 dicte
3047 4021 3237 4084 sedis

671 4126 1013 4188 honorem
1085 4128 1302 4191 edere
1367 4139 1437 4189 et
1484 4129 1854 4209 publicare
1916 4149 2055 4191 non
2108 4129 2416 4210 erubuit,
2468 4140 2539 4192 et
2586 4140 2931 4211 operante
2982 4128 3237 4192 Satore

671 4233 956 4315 zizanie,
1005 4233 1421 4315 pestiferum
1470 4235 1665 4298 virus
1713 4256 1913 4298 suum
1944 4237 2013 4299 in
2047 4238 2201 4300 dies
2229 4237 2459 4319 magis
2490 4257 2825 4302 evomens
2859 4239 3235 4299 multorum

672 4339 1094 4421 simplicium
1141 4341 1411 4404 animas
1459 4344 1592 4404 sub
1640 4352 1975 4423 pretextu
2016 4343 2341 4408 simulate
2372 4344 2693 4408 veritatis
2726 4345 3063 4427 decipere
3092 4364 3233 4406 non

672 4446 972 4528 desistit,
1021 4447 1179 4511 illas
1209 4459 1458 4511 eterno
1490 4459 1830 4532 satagens
1862 4448 2013 4532 igni
2046 4452 2527 4515 transmittere
2572 4453 3113 4530 consumendaS,
3166 4461 3237 4514 et

670 4554 958 4634 quidam
1007 4553 1467 4619 Willibaldus
1535 4558 2056 4640 brechhaymer
2118 4569 2191 4621 et
2237 4558 2521 4622 Ulricus
2585 4559 2675 4621 de
2721 4561 2943 4622 huten
2988 4579 3073 4620 ac
3120 4558 3235 4637 Jo—

668 4661 944 4724 hannes
1007 4657 1366 4744 Spengler
1433 4661 1690 4728 Scriba
1753 4661 2061 4728 Senatus
2124 4665 2677 4746 Noribergensis
2745 4667 2895 4729 eius
2960 4665 3235 4728 insanie

672 4769 1100 4833 adherentes
1132 4789 1216 4832 ac
1251 4770 1404 4833 eius
1452 4771 1717 4853 scripta
1765 4771 2325 4854 magnificanteS,
2372 4793 2514 4836 non
2557 4773 2787 4837 minus
2820 4774 3234 4855 impendere

671 4885 744 4938 et
791 4873 1030 4939 facere
1078 4876 1430 4959 nituntur,
1480 4877 1630 4940 Nos
1680 4878 1845 4960 quia
1902 4900 2177 4943 veneno
2225 4880 2603 4962 heresique
2652 4880 2921 4944 nefarie
2972 4891 3043 4943 et
3090 4879 3235 4943 labi
