3575 5775
1677 544 2100 602 0-{34sp-<2

1852 710 1893 773 2

1179 817 1447 900 Salvus
1505 820 1895 899 conductus
1952 818 2167 897 datus
2222 817 2599 897 Aloandro.

1451 949 1619 1019 (Auta
1653 948 2085 1007 wormaciens&
2120 946 2216 1006 fol..
2254 948 2329 1017 3.)

1636 1051 1747 1117 (20.
1785 1050 1919 1115 Julii
1966 1046 2141 1118 1520.)

785 1158 932 1219 Leo
981 1156 1380 1239 Episcopus
1427 1154 1694 1221 Servus
1728 1155 2115 1221 Servorum
2154 1157 2312 1235 Dei,
2348 1156 2721 1219 Universis
2756 1167 2828 1218 et
2870 1155 3203 1236 singulis,

607 1260 699 1325 ad
748 1284 924 1346 quos
970 1274 1390 1345 praesentes
1438 1265 1919 1347 pervenerint,
1970 1266 2269 1327 salutem
2318 1276 2389 1327 et
2446 1263 2909 1345 apostolicam
2960 1266 3169 1325 bene-

607 1369 1008 1434 dictionem.
1105 1371 1277 1435 Cum
1329 1372 1662 1434 dilectum
1709 1370 1931 1434 filium
1980 1372 2490 1453 Hieronymum
2542 1370 2982 1433 Alcandrum
3030 1369 3167 1433 No·

605 1477 857 1541 tarium
926 1491 999 1541 et
1045 1479 1676 1543 Bibliotheearium
1739 1488 2055 1541 nostrum
2122 1481 2215 1541 ob
2264 1480 2489 1541 ardua
2538 1489 2609 1540 et
2652 1477 2867 1540 fidem
2918 1477 3167 1539 Catho-

605 1584 811 1647 licam
883 1594 1281 1667 statumque
1345 1584 1788 1648 Christianae
1836 1585 2203 1647 Ecclesiae
2274 1584 2777 1647 concernentia
2845 1582 3170 1665 negocia,

605 1693 697 1754 ad
737 1692 1220 1755 charissimum
1253 1692 1324 1755 in
1368 1691 1649 1755 Christo
1696 1691 1915 1755 filium
1965 1702 2279 1755 nostrum
2315 1691 2643 1754 Carolum
2680 1690 3171 1753 Romanorum

607 1809 676 1861 et
723 1798 1229 1880 Hispaniarum
1277 1816 1522 1879 regem
1573 1798 2013 1862 Catholicum
2062 1798 2131 1861 in
2162 1800 2674 1880 Imperatorem
2726 1799 3049 1878 electum,
3100 1808 3170 1860 et

605 1906 882 1988 aliquos
908 1905 1084 1969 alios
1111 1906 1535 1969 christianos
1567 1906 1929 1987 principes
1960 1906 2311 1969 Nuncium
2346 1916 2417 1968 et
2450 1915 2803 1967 oratorem
2835 1905 3171 1967 Nostrum

605 2012 980 2093 mittamu5‚
1046 2013 1500 2077 devotionem
1551 2023 1864 2078 vestram
1914 2024 1986 2076 et
2030 2022 2348 2076 vestrum
2406 2012 2725 2095 singulos
2786 2014 3170 2092 hortamur,

604 2119 904 2182 subditis
969 2138 1142 2183 vero
1206 2120 1466 2183 nostris
1533 2130 1604 2183 et
1670 2121 1986 2201 gentium
2055 2121 2566 2201 armigerorum
2633 2119 3029 2200 capitaneis
3099 2128 3168 2181 et

605 2225 1018 2289 ductoribus
1044 2246 1177 2289 nec
1215 2248 1354 2291 non
1397 2227 1734 2291 militibus
1774 2230 1866 2290 ad
1890 2228 2152 2290 Nostra
2192 2240 2259 2289 et
2279 2228 2387 2288 5²⁰
2408 2227 2784 2289 Romanae
2806 2226 3169 2289 Ecclesiae

604 2332 961 2413 stipendia
979 2333 1462 2415 militantibus,
1487 2338 1617 2397 sub
1644 2334 2155 2416 indignationis
2182 2345 2467 2397 nostrae
2495 2354 2731 2415 poena
2755 2334 3171 2396 mandamus

603 2450 680 2501 ut
727 2439 1170 2520 praedictum
1201 2441 1715 2525 Hieronymum
1765 2463 1923 2505 cum
1972 2443 2115 2505 suis
2164 2441 2539 2504 comitibus
2586 2441 3051 2504 familiaribus
3100 2451 3171 2503 et

605 2546 1097 2623 servitoribuS,
1168 2567 1299 2611 nec
1362 2569 1501 2610 non
1555 2548 1700 2611 suis
1747 2548 2006 2613 Salmis
2055 2559 2125 2611 et
2178 2547 2441 2629 bulgiis
2493 2548 2760 2611 valisiis
2824 2559 2895 2612 et
2956 2552 3169 2610 rebus

604 2651 762 2715 aliis
822 2673 954 2735 per
1017 2674 1264 2717 omnes
1325 2656 1650 2718 civitates
1710 2666 1941 2719 terras
1989 2666 2246 2737 pontes
2294 2676 2549 2737 passus
2596 2667 2844 2736 portus
2892 2665 2964 2717 et
3012 2658 3169 2717 loca

605 2759 969 2840 quaelibet
1005 2770 1148 2823 tam
1184 2772 1424 2825 nostra
1482 2782 1693 2844 quam
1744 2774 2005 2839 vestra,
2056 2766 2327 2843 absque
2376 2762 2673 2826 alicuius
2721 2762 2906 2826 dacii
2956 2763 3167 2844 peda-

605 2865 702 2947 gii
766 2870 1096 2948 gabellae
1155 2871 1580 2934 bulletarum
1626 2870 1927 2952 portorii
1974 2869 2387 2934 fundinavis
2436 2880 2557 2933 aut
2603 2870 2893 2934 alterius
2950 2870 3167 2932 cuius-

605 2975 712 3036 vis
761 2975 1008 3038 indicti
1056 2978 1172 3038 vel
1218 2977 1576 3040 indicendi
1629 2977 1867 3040 oneris
1930 2979 2309 3050 solutione;
2378 2979 2480 3040 ire
2546 2979 2808 3041 morari
2869 2977 3171 3041 transire

599 3082 977 3163 redireque
1044 3103 1292 3146 secure
1341 3084 1708 3165 libereque
1756 3085 2211 3166 permittatiS‚
2262 3087 2671 3167 nullumque
2721 3085 2951 3148 eidem
3000 3083 3167 3146 Hie-

603 3209 902 3270 ronymo
953 3199 1026 3251 et
1072 3191 1216 3252 suis
1263 3192 1649 3272 praedictis
1697 3191 1768 3253 in
1818 3212 2130 3273 persona
2178 3193 2327 3254 sive
2377 3193 2583 3255 bonis
2621 3194 3015 3256 molestiam
3050 3193 3167 3253 im-

605 3296 1087 3377 pedimentum
1153 3296 1304 3359 sive
1368 3299 1698 3361 damnum
1767 3299 2020 3378 quovis
2086 3301 2297 3362 modo
2365 3299 2687 3362 inferatis
2748 3320 2875 3362 seu
2922 3299 3169 3362 inferri

605 3402 1059 3482 permittatis:
1129 3403 1296 3483 quin
1359 3403 1498 3467 imo
1561 3405 1652 3466 de
1709 3403 1982 3467 itineris
2032 3407 2413 3468 securitate
2463 3407 2877 3487 viarumque
2927 3409 3167 3468 ducto-

605 3508 822 3588 ribuS,
871 3509 928 3570 si
964 3527 1144 3590 opus
1172 3510 1385 3573 fuerit
1419 3521 1489 3572 et
1521 3512 2025 3593 requirendum
2074 3514 2381 3594 duxerit,
2430 3514 2530 3576 ita
2577 3514 2891 3595 benigne
2940 3535 3166 3595 prom-

607 3625 870 3698 pteque
917 3617 1377 3698 provideatiS,
1432 3629 1583 3680 ut‘a
1631 3619 1837 3683 nobis
1868 3616 2277 3700 Sanctaque
2324 3621 2459 3681 hac
2509 3617 2699 3683 Sede
2750 3621 3169 3702 Apostolica

603 3723 889 3804 possitis
945 3724 1197 3787 merito
1253 3726 1753 3790 commendari.
1850 3729 2112 3790 Datum
2157 3727 2443 3791 Romae
2491 3729 2679 3808 apud
2731 3727 2803 3792 S.
2856 3731 3167 3808 Petrum,

605 3851 790 3892 anno
818 3829 1334 3894 Incarnationis
1357 3832 1774 3895 Dominicae
1799 3834 2173 3897 Millesimo
2202 3835 2771 3916 quingentesimo
2800 3836 3167 3909 vicesimo:

603 3937 1096 4000 tertiodecimo
1145 3937 1288 4000 kal.
1341 3939 1670 4020 Augusti.
1733 3939 2199 4004 Pontificatus
2246 3941 2469 4004 nostri
2517 3963 2704 4004 anno
2754 3954 3032 4007 octavo,

2422 4057 2599 4118 nal-r.
2638 4057 2707 4120 do
2744 4059 2955 4120 Pincia.

1938 4146 2015 4155 ,ουκ

1847 4324 1889 4388 3

1285 4431 1417 4510 Leo
1475 4431 1560 4512 X.
1617 4374 2048 4531 Hieronssrmo
2104 4433 2480 4515 Meandm.

1436 4562 1606 4630 (Auta
1641 4559 1913 4620 Wormae.
1948 4561 2039 4621 fol.
2076 4562 2111 4622 3
2146 4565 2351 4636 tergo.)

1635 4662 1748 4729 (16.
1785 4663 1921 4728 Julii
1966 4663 2138 4727 1520.)

785 4767 932 4832 Leo
997 4768 1232 4852 Epise.
1302 4767 1568 4832 Servus
1632 4768 1921 4834 Servor.
1972 4772 2137 4850 Dei,
2202 4773 2464 4835 dilecto
2528 4773 2675 4836 filio
2725 4775 3167 4858 Hieronymo

606 4875 973 4938 Aleandro
1042 4875 1465 4956 Praeposito
1537 4877 1903 4942 Ecclesiae
1974 4877 2219 4942 Sancti
2290 4879 2586 4958 Joannis
2662 4882 3167 4962 Evangelistae
