3575 5775
1464 568 1959 630 0-43293&

426 735 637 800 durlo
685 757 728 800 a
774 735 1087 820 perfetta
1134 736 1382 800 sanita.
1477 736 1619 800 Voi
1666 749 1818 802 sete
1865 738 1936 801 in
1983 737 2165 801 fatto
2215 748 2287 801 et
2324 747 2705 802 conoscete
2753 739 2987 822 quello

426 845 565 906 che
610 864 743 926 per
789 846 965 908 hora
1012 844 1117 908 sia
1163 843 1616 926 expediente.
1708 845 1870 907 Non
1933 846 1968 908 ὲ
2032 847 2208 908 hora
2259 847 2350 909 da
2399 855 2636 910 tentar
2683 867 2851 910 cosa
2897 851 2991 910 al-

430 971 619 1013 cuna
668 954 802 1015 che
832 970 1048 1032 possa
1079 950 1191 1014 far
1221 951 1583 1032 scandale,
1634 951 1834 1013 accio
1883 972 2024 1014 non
2071 971 2404 1015 nascesse
2451 955 2752 1036 qualche
2801 975 2990 1037 mag-

430 1057 599 1139 gior
642 1058 1212 1122 inconveniente.
1306 1057 1607 1121 Possete
1671 1059 2194 1122 communicare
2261 1061 2373 1122 col
2437 1059 2994 1126 Prothonotario

428 1175 505 1226 et
552 1165 848 1228 insieme
896 1164 1190 1228 obviare
1238 1165 1359 1228 alli
1407 1165 1753 1228 disordini
1802 1167 2116 1229 secondo
2155 1167 2201 1229 il
2236 1187 2491 1248 parere
2525 1170 2614 1231 de
2643 1170 2990 1234 ambedui.

426 1273 503 1335 A
551 1272 782 1354 questi
831 1274 899 1335 di
946 1271 1018 1334 vi
1066 1272 1440 1335 mandamo
1486 1291 1581 1334 un
1632 1273 2040 1335 memoriale
2071 1275 2405 1337 mandato
2455 1275 2526 1337 di
2554 1274 2622 1338 la
2656 1276 2774 1339 dal
2797 1275 2992 1338 Rmo

424 1379 856 1462 Magontino
912 1400 955 1442 a
1024 1378 1110 1444 N.
1182 1377 1256 1443 S.
1330 1380 1515 1442 delle
1587 1379 2067 1462 sceleraggini
2137 1381 2413 1463 grande
2484 1391 2555 1445 et
2623 1381 2992 1446 violationi

424 1487 612 1550 fatte
661 1497 911 1550 contro
957 1487 1008 1549 il
1056 1487 1247 1550 clero
1296 1487 1413 1549 nel
1461 1506 1679 1569 paese
1729 1486 1803 1548 di
1849 1483 2222 1560 Sassonia;
2286 1490 2520 1570 quelle
2568 1509 2744 1552 sono
2791 1497 2991 1553 tanto

420 1593 701 1656 enormi
735 1595 867 1656 che
898 1593 939 1656 e
968 1593 1409 1675 impossibile
1442 1615 1485 1656 a
1532 1593 2036 1668 dissimularle;
2087 1595 2347 1658 vedete
2395 1593 2566 1678 ogni
2613 1596 2828 1658 modo
2861 1595 2980 1658 voi

428 1711 504 1763 et
552 1701 603 1764 il
650 1700 1205 1764 Prothonotario
1253 1721 1388 1763 con
1437 1702 1507 1763 13
1553 1701 1830 1764 Maesta
1880 1699 2190 1764 Cesarea
2235 1703 2367 1764 che
2415 1702 2489 1764 vi
2549 1701 2610 1764 si
2671 1703 2994 1784 proveda

425 1807 859 1890 vivamente,
908 1809 1039 1870 che
1089 1810 1510 1871 alti-amente
1560 1807 2040 1871 infetteranno
2087 1817 2272 1872 tutto
2305 1809 2348 1872 ’1
2376 1818 2569 1872 resto
2604 1810 2720 1872 del
2752 1829 2991 1893 paese,

428 1922 506 1978 et
569 1936 700 1997 per
760 1915 1007 1979 ultimo
1073 1924 1145 1978 et
1212 1916 1402 1978 dalla
1467 1915 1913 1978 ubbidientia
1978 1917 2170 1979 della
2243 1915 2501 1981 Chiesa
2566 1925 2638 1980 et
2702 1917 2774 1980 di
2839 1913 2994 1980 ’Sua

424 2023 712 2086 Maesta
780 2022 837 2085 si
900 2023 1385 2103 rebelleranO,
1463 2031 1535 2084 et
1599 2024 2039 2105 potrebbero
2105 2024 2177 2086 in
2242 2032 2442 2086 tanto
2519 2023 2992 2106 multiplicare

422 2132 567 2193 0110
615 2130 729 2193 fra
788 2132 941 2192 loro
1015 2139 1086 2193 et
1146 2129 1409 2192 Turchi
1475 2128 1644 2211 guai
1704 2149 1748 2192 3
1816 2129 1980 2192 tutti
2044 2129 2068 2192 i
2132 2129 2532 2194 Christiani.
2641 2131 2992 2194 Advisate

424 2235 583 2300 Sua
628 2236 909 2299 Maesta
956 2246 1030 2300 et
1077 2245 1261 2299 tutto
1330 2235 1373 2298 'l
1432 2235 1816 2317 Conseglio
1865 2247 1935 2299 et
1983 2239 2168 2300 bene
2230 2239 2490 2300 valete.
2583 2237 2992 2300 Florentiae

424 2344 737 2406 XXVII
786 2342 985 2425 Sept.
1034 2343 1403 2408 MDXXI.

1501 2557 1914 2570 ΝΜ

1640 2789 1785 2854 126.

1097 2906 1516 2988 Aleander
1570 2905 2312 2989 VioeoanoellariO.

1330 3054 1614 3127 (Nuntiat.
1650 3054 1832 3114 Germ.
1869 3053 1930 3112 L.
1964 3053 2094 3125 m.)

1406 3168 1514 3232 (13·
1555 3167 1806 3215 Octobris
1851 3162 2025 3235 1521.)

611 3292 761 3356 Che
808 3292 877 3357 io
925 3312 1067 3356 non
1114 3292 1309 3354 habii
1368 3292 1613 3355 scritto
1663 3291 1781 3374 gia
1829 3290 2028 3353 molti
2077 3290 2372 3354 corrieri
2435 3310 2480 3353 a
2525 3290 2614 3355 V.
2665 3288 2738 3355 S.
2803 3292 2994 3355 Rma

424 3403 465 3464 ὁ
518 3420 863 3482 processo
910 3400 1172 3482 perche
1222 3420 1364 3462 non
1412 3400 1645 3461 havea
1693 3399 1785 3460 da
1833 3418 2020 3461 novo
2070 3399 2202 3462 che
2249 3398 2520 3461 scriver
2587 3408 2660 3461 et
2725 3400 2992 3482 perche

426 3528 611 3571 sono
661 3517 848 3571 stato
897 3509 1195 3570 absente
1245 3508 1338 3569 da
1383 3507 1453 3569 la
1501 3504 1715 3569 Corte
1764 3514 1836 3567 et
1883 3524 2058 3567 sono
2106 3504 2226 3586 qui
2263 3504 2651 3569 aLovanio
2697 3526 2830 3588 per
2878 3528 2994 3570 ex-

432 3610 647 3698 pedir
696 3615 933 3697 quello
980 3614 1267 3677 residuo
1316 3614 1427 3677 de'
1476 3612 1774 3677 remedii
1822 3614 1956 3675 che
2015 3632 2128 3675 me
2181 3633 2453 3696 pareno
2524 3614 2907 3677 necessarii
2956 3634 2999 3676 a

428 3730 689 3804 questo
748 3702 999 3785 morbo
1064 3730 1136 3784 et
1197 3720 1505 3801 heresia‚
1586 3729 1659 3783 et
1728 3740 1940 3801 spero
2000 3721 2131 3783 che
2221 3718 2520 3801 giovara
2579 3740 2725 3783 non
2788 3740 2996 3802 poco·

429 3827 764 3908 Interim,
833 3828 1135 3891 essendo
1183 3826 1253 3891 io
1304 3826 1444 3909 qui,
1495 3824 1806 3889 Cochleo
1855 3827 2196 3909 theologo
2247 3826 2520 3890 decano
2570 3826 2641 3890 di
2689 3827 2995 3891 Franch-

434 3934 707 4015 ferdia,
772 3954 916 3998 uno
966 3935 1055 3997 de
1102 3933 1321 4016 quelli
1368 3935 1501 3998 che
1552 3932 1878 3997 examino
1928 3933 2200 3996 Luther
2262 3932 2593 4016 privatim
2639 3933 2711 3997 in
2761 3934 2998 3997 diaeta

432 4052 511 4105 et
558 4044 627 4105 al
675 4052 1013 4124 presente
1062 4042 1192 4104 che
1241 4040 1474 4104 scrive
1520 4050 1771 4105 contra
1818 4039 1916 4103 lui
1963 4039 2148 4103 assai
2218 4043 2442 4121 bene,
2501 4040 2594 4102 mi
2653 4042 2746 4103 ha
2809 4062 2997 4104 man-

434 4151 607 4211 dato
674 4157 931 4230 questo
995 4150 1179 4212 libro
1236 4149 1369 4211 che
1434 4148 1504 4212 io
1553 4149 1813 4211 mando
1863 4144 2095 4228 costa,
2156 4145 2359 4227 Quod
2397 4148 2648 4209 Petrus
2693 4168 2999 4231 unquam

436 4253 660 4318 fuerit
719 4256 996 4319 Romae.
1109 4255 1260 4318 Imo
1324 4254 1537 4317 etiam
1591 4254 1781 4317 intus
1843 4255 2148 4316 habetur
2212 4254 2511 4317 Paulum
2572 4274 2714 4317 non
2779 4253 3000 4317 fuisse

438 4364 723 4425 Romae
770 4381 1094 4444 passum;
1159 4362 1227 4425 el
1292 4363 1460 4443 qual
1516 4360 1699 4425 libro
1768 4361 1838 4424 in
1901 4360 2004 4425 tal
2063 4361 2276 4423 modo
2338 4360 2374 4423 ὲ
2423 4359 2765 4424 extimato
2814 4362 2908 4423 da
2953 4360 3001 4423 11

438 4468 829 4533 Lutherani
878 4471 1008 4533 che
1056 4490 1190 4551 par
1236 4471 1369 4532 che
1416 4469 1499 4531 sii
1547 4489 1641 4532 un
1689 4468 1945 4531 achille
1994 4478 2242 4531 contra
2287 4468 2379 4529 de
2425 4468 2584 4548 noi,
2632 4487 2762 4550 per
2810 4468 3002 4549 qual-

440 4578 574 4641 che
623 4577 1026 4658 argumenti
1074 4576 1493 4659 apparenti,
1539 4575 1918 4659 presertim
1965 4575 2085 4638 alli
2133 4574 2426 4656 maligni
2474 4574 2740 4657 spiriti,
2789 4594 3002 4656 quum

448 4692 684 4747 tamen
735 4684 1039 4766 plurima
1086 4686 1228 4747 sint
1273 4684 1492 4764 falsa,
1541 4682 1777 4747 omnia
1822 4702 1996 4745 vero
2045 4681 2591 4746 virulentissime
2641 4701 3001 4764 expressa.

442 4792 547 4855 Lo
594 4790 938 4873 episcopo
987 4792 1060 4855 di
1108 4790 1513 4875 Argentina
1559 4792 1653 4853 ha
1700 4791 2037 4853 mandato
2087 4790 2176 4853 de
2223 4789 2374 4853 dita
2406 4810 2630 4871 opera
2675 4791 2775 4853 tal
2821 4789 3002 4852 libro

444 4898 515 4960 in
561 4899 785 4962 latino
836 4908 907 4962 et
953 4901 1279 4963 alemano
1327 4900 1397 4962 al
1445 4898 1637 4961 Rmo
1687 4896 2066 4961 Cardinale
2115 4899 2206 4960 de
2255 4898 2508 4980 Liege,
2556 4896 3004 4981 pregandolo
