3575 5775
1342 579 1834 637 0-<33158>-0

326 727 663 809 publicae,
716 727 827 791 cui
875 727 1265 809 studemus,
1328 729 1723 792 consultum
1789 725 1914 807 iri,
1983 746 2195 808 quum
2255 726 2528 789 habeas
2589 724 2666 789 in
2724 726 2866 788 hoc

328 833 540 896 laudis
604 854 873 916 genere
934 855 1076 898 non
1143 837 1369 899 solum
1423 835 1728 899 maiores
1783 844 1945 897 tuos
2007 833 2134 897 sed
2189 843 2262 896 te
2326 834 2600 915 ipsum,
2661 852 2868 914 quem

328 941 625 1007 imiteriS.
728 941 881 1006 Nos
926 961 1100 1005 vero
1166 952 1311 1005 tam
1374 962 1507 1025 pro
1569 943 1834 1005 Nostra
1897 961 2071 1023 erga
2132 940 2596 1004 Nobilitatem
2658 949 2872 1020 tuam,

330 1057 675 1132 totamque
723 1049 1220 1114 Germanicam
1274 1049 1654 1113 Nationem
1701 1058 2002 1130 paterna
2049 1058 2120 1111 et
2165 1046 2508 1129 peculiari
2564 1049 2869 1109 benevo-

329 1157 552 1237 lentia,
603 1177 814 1239 quam
858 1177 991 1239 pro
1040 1177 1127 1220 eo
1176 1157 1445 1238 studio,
1518 1177 1657 1239 quo
1714 1157 1785 1218 in
1837 1155 2238 1219 universale
2305 1157 2566 1217 bonum
2613 1153 2870 1216 incum-

330 1265 543 1328 bimus
559 1314 578 1347 ,
641 1266 768 1328 tali
816 1285 899 1328 ac
961 1273 1161 1328 tanto
1224 1264 1608 1327 conventui
1674 1264 1962 1341 deesse,
2029 1272 2149 1325 aut
2213 1263 2465 1324 abesse
2526 1262 2870 1324 nolumus

331 1373 566 1454 Itaque
613 1372 793 1436 istuc
840 1371 1189 1435 Nuncium
1237 1370 1732 1453 Apostolicum
1784 1369 1872 1433 de
1906 1369 2324 1432 Venerabili
2373 1367 2670 1430 fratrum
2720 1387 2874 1429 nos·

331 1488 587 1542 trorum
635 1477 946 1543 Sanctae
995 1481 1373 1542 Romanae
1420 1477 1785 1540 Ecclesiae
1836 1476 2315 1541 Cardinalium
2353 1475 2670 1553 consili0,
2719 1493 2875 1556 pro-

331 1585 603 1667 pediem
663 1586 976 1668 missurn
1043 1587 1325 1650 interim
1392 1584 1726 1647 dilectum
1788 1583 2007 1646 filium
2063 1582 2576 1665 Hieronymum
2647 1581 2875 1643 Rora-

334 1693 497 1757 rium
545 1693 989 1775 familiarem,
1040 1703 1111 1756 et
1146 1691 1625 1757 Camerarium
1672 1700 2013 1771 nostrum,
2062 1691 2181 1772 qui
2228 1691 2358 1752 has
2407 1691 2680 1770 reddet,
2728 1688 2875 1752 mit-

334 1799 565 1880 timus,
638 1801 840 1882 quasi
910 1801 1096 1863 illius
1144 1798 1435 1863 alterius
1498 1817 2058 1882 praecursorem.
2166 1797 2394 1877 Quem
2455 1796 2741 1878 quidem
2789 1796 2880 1856 ad

334 1906 786 1970 Nobilitatem
832 1917 1055 1987 tuam,
1113 1918 1185 1970 et
1244 1906 1542 1989 egregia
1587 1907 1659 1969 in
1708 1905 1939 1968 Deum
1987 1904 2294 1986 pietate,
2358 1914 2426 1966 et
2476 1922 2652 1984 erga
2697 1904 2881 1964 hanc

337 2011 659 2077 Sanctam
709 2011 970 2077 Sedem
1019 2013 1477 2076 observantia
1525 2033 1808 2094 semper
1855 2019 2251 2093 spectatam
2313 2009 2384 2072 in
2432 2008 2675 2091 primis
2723 2005 2880 2069 diri-

332 2121 582 2202 gimuS,
651 2131 723 2184 et
769 2120 966 2184 illum
1020 2123 1319 2183 alterum
1366 2140 1534 2183 mox
1584 2118 2004 2202 dirigemus,
2071 2129 2148 2179 ut
2207 2120 2417 2179 ambo
2474 2113 2884 2178 Nobilitatis

334 2236 486 2291 tuae
532 2227 845 2291 consiliis
894 2227 1313 2310 dirigantur,
1363 2236 1435 2290 et
1482 2225 1766 2289 auxiliis
1813 2225 2163 2288 inventur.
2266 2223 2414 2285 Nos
2463 2223 2595 2286 etsi
2645 2242 2880 2304 super-

335 2354 671 2414 vacaneO,
737 2345 973 2398 tamen
1052 2333 1259 2396 nobis
1339 2333 1772 2396 incumbenti
1835 2331 2072 2396 officio
2085 2380 2102 2412 ,
2171 2329 2634 2397 Nobilitatem
2692 2338 2885 2391 tuam

335 2441 721 2521 hortamur,
770 2451 847 2503 ut
898 2439 1343 2505 Christianae
1388 2438 1594 2521 fidei,
1643 2449 1715 2502 et
1761 2436 2228 2521 Apostolicae
2277 2435 2606 2518 dignitati
2654 2433 2883 2517 pristi-

337 2567 487 2610 num
533 2568 867 2626 amorem,
918 2568 999 2611 ac
1048 2546 1505 2611 devotionem
1558 2555 1955 2608 conservet.
2053 2542 2171 2607 Sic
2235 2565 2276 2607 a
2324 2544 2480 2607 Deo
2531 2563 2672 2605 non
2723 2562 2883 2604 con-

336 2654 723 2719 servabitur
770 2656 995 2718 solum
1047 2653 1360 2737 dignitas
1409 2663 1565 2733 tua,
1615 2652 1742 2716 sed
1793 2649 2205 2734 augebitur,
2264 2650 2444 2712 sicut
2509 2649 2665 2712 fore
2733 2668 2883 2730 spe-

337 2781 577 2843 ramus,
628 2771 701 2825 et
731 2771 807 2825 ut
843 2761 991 2842 fiat,
1022 2761 1253 2824 Deum
1283 2780 1584 2823 oramuS.
1680 2759 2293 2842 Quemadmodum
2340 2758 2520 2819 haec
2568 2755 2888 2839 pluribus

337 2869 565 2932 verbis
612 2868 803 2933 dicet
848 2867 1036 2932 idem
1084 2868 1571 2951 Hieronymus
1590 2918 1607 2950 ,
1658 2865 1770 2930 cui
1821 2889 1863 2930 a
1909 2865 2300 2929 Nobilitate
2349 2873 2470 2927 tua
2517 2883 2731 2944 super
2781 2860 2888 2923 his

341 2977 646 3058 cupimus
694 2976 909 3040 fidem
956 2976 1301 3041 adhiberi.

504 3101 646 3165 Dat
696 3102 977 3164 Romae
1028 3110 1161 3164 ete.
1212 3099 1499 3164 XXIV.
1552 3098 1971 3163 Decembris
2030 3118 2189 3177 1523
2242 3116 2428 3161 anno
2477 3095 2724 3177 prim0.

1390 3296 1627 3311 ‘me‘aequ
1634 3297 1751 3310 'fr-N
1758 3298 1802 3311 3⁸⁴

1536 3546 1684 3610 140.

567 3661 892 3743 Clemens·
938 3662 1095 3743 VH.
1150 3661 1477 3763 Archiep.
1535 3660 1956 3742 Treverensi
2010 3661 2296 3741 electori
2349 3658 2663 3761 Imperii.

969 3810 1154 3878 (olem.
1191 3809 1312 3868 Vn.
1348 3808 1525 3883 Epist.
1563 3808 1624 3869 Ia.
1662 3810 1707 3867 1.
1747 3825 1829 3883 ep.
1867 3808 1945 3867 ⁷2.
1982 3807 2075 3866 fol.
2114 3806 2244 3871 1³4.)

1273 3918 1381 3986 (24.
1424 3922 1734 3970 Decembris
1777 3918 1956 3986 1523.)

514 4044 968 4110 Venerabilis
1014 4044 1238 4107 frater
1294 4055 1427 4109 ete.
1546 4044 1777 4125 Quum
1841 4064 2066 4126 nuper
2123 4043 2527 4105 audiremus
2587 4059 2886 4103 conven-

350 4159 485 4214 tum
528 4152 937 4235 Principum
999 4152 1519 4233 Norimbergae
1585 4153 1992 4215 habendum
2055 4170 2256 4230 esse,
2325 4170 2464 4230 quo
2526 4158 2596 4211 et
2641 4148 2888 4210 frater-

352 4257 525 4321 nitas
563 4272 682 4323 tua
728 4258 1261 4342 proficiscatur,
1310 4257 1459 4321 Nos
1488 4258 2084 4340 quemadmodum
2129 4259 2218 4321 de
2258 4267 2380 4319 tua
2427 4254 2600 4319 inibi
2649 4254 2888 4317 futura

352 4366 744 4445 praesentia
790 4365 1129 4449 gratulati
1178 4364 1385 4429 nobis
1430 4365 1724 4446 fuimuS,
1793 4366 1892 4428 ita
1939 4367 2067 4428 has
2113 4364 2413 4427 Nostras
2459 4361 2889 4426 fraternitati

352 4478 505 4534 tuae
546 4474 932 4557 praecipue
978 4472 1401 4535 scribendas
1449 4472 1796 4536 duximus,
1905 4471 2178 4553 Quibus
2243 4491 2416 4533 sane
2463 4470 2690 4551 primo
2740 4488 2892 4530 nos-

352 4586 521 4641 tram
560 4582 999 4643 voluntatem
1046 4578 1117 4642 in
1187 4578 1637 4643 fraternitate
1696 4589 1820 4641 tua
1879 4588 2024 4641 tam
2094 4578 2185 4640 de
2247 4576 2450 4640 nobis
2514 4586 2586 4639 et
2646 4585 2894 4637 sancta

352 4682 482 4749 fide
526 4689 981 4769 benemerita,
1016 4706 1298 4769 semper
1327 4688 1648 4749 ornanda
1694 4706 1995 4767 pronam
2042 4694 2115 4747 et
2160 4683 2441 4748 facilem
2489 4683 2616 4746 tibi
2664 4681 2890 4746 offeri-

354 4812 516 4857 mus.
579 4795 867 4859 Deinde
900 4795 1034 4859 etsi
1064 4814 1206 4857 non
1236 4813 1367 4875 pro
1402 4792 1848 4873 necessitate,
1896 4800 2130 4855 tamen
2182 4812 2314 4874 pro
2363 4790 2602 4854 officio
2650 4798 2892 4853 nostro

358 4906 422 4964 te
462 4900 836 4985 hortamur,
884 4912 961 4965 ut
1008 4909 1079 4964 te
1124 4900 1357 4987 ipsum
1387 4899 1727 4987 deinceps
1771 4900 2089 4980 imiteriS,
2139 4919 2280 4984 quo
2311 4898 2612 4981 amplius
2643 4907 2892 4981 optare
