<?xml version="1.0" encoding="UTF-8"?>
<!DOCTYPE html PUBLIC "-//W3C//DTD XHTML 1.0 Transitional//EN"
    "http://www.w3.org/TR/xhtml1/DTD/xhtml1-transitional.dtd">
<html xmlns="http://www.w3.org/1999/xhtml" xml:lang="en" lang="en">
 <head>
  <title>
</title>
<meta http-equiv="Content-Type" content="text/html;charset=utf-8" />
  <meta name='ocr-system' content='tesseract 3.04.00' />
  <meta name='ocr-capabilities' content='ocr_page ocr_carea ocr_par ocr_line ocrx_word'/>
</head>
<body>
  <div class='ocr_page' id='page_1' title='image "./monumentareform02vatigoog_0052.png"; bbox 0 0 3575 5775; ppageno 0'>
   <div class='ocr_carea' id='block_1_1' title="bbox 1695 588 2116 643">
    <p class='ocr_par' dir='ltr' id='par_1_1' title="bbox 1695 588 2116 643">
     <span class='ocr_line' id='line_1_1' title="bbox 1695 588 2116 643; baseline -0.005 0"><span class='ocrx_word' id='word_1_1' title='bbox 1695 588 2116 643; x_wconf 38' lang='lat' dir='ltr'>cesse-0</span> 
     </span>
    </p>
   </div>
   <div class='ocr_carea' id='block_1_2' title="bbox 619 735 3195 4998">
    <p class='ocr_par' dir='ltr' id='par_1_2' title="bbox 619 735 3195 4998">
     <span class='ocr_line' id='line_1_2' title="bbox 623 735 3191 817; baseline 0.001 -21"><span class='ocrx_word' id='word_1_2' title='bbox 623 745 889 801; x_wconf 85' lang='lat' dir='ltr'>temere</span> <span class='ocrx_word' id='word_1_3' title='bbox 963 740 1032 797; x_wconf 65' lang='grc' dir='ltr'>(Ξῖ</span> <span class='ocrx_word' id='word_1_4' title='bbox 1103 735 1315 816; x_wconf 84' lang='lat' dir='ltr'>impie</span> <span class='ocrx_word' id='word_1_5' title='bbox 1387 737 1666 816; x_wconf 86' lang='lat' dir='ltr'>prolata</span> <span class='ocrx_word' id='word_1_6' title='bbox 1741 735 2353 817; x_wconf 81' lang='lat' dir='ltr'>perturbationum</span> <span class='ocrx_word' id='word_1_7' title='bbox 2434 756 2645 797; x_wconf 86' lang='lat' dir='ltr'>causa</span> <span class='ocrx_word' id='word_1_8' title='bbox 2724 737 2794 798; x_wconf 89' lang='lat' dir='ltr'>in</span> <span class='ocrx_word' id='word_1_9' title='bbox 2868 738 3191 801; x_wconf 77' lang='lat' dir='ltr'><strong>Ecclesia</strong></span> 
     </span>
     <span class='ocr_line' id='line_1_3' title="bbox 623 842 3192 923; baseline 0 -19"><span class='ocrx_word' id='word_1_10' title='bbox 623 842 926 922; x_wconf 88' lang='lat' dir='ltr'>fuerant,</span> <span class='ocrx_word' id='word_1_11' title='bbox 977 844 1298 905; x_wconf 84' lang='lat' dir='ltr'>consulte</span> <span class='ocrx_word' id='word_1_12' title='bbox 1330 862 1414 905; x_wconf 92' lang='lat' dir='ltr'>ac</span> <span class='ocrx_word' id='word_1_13' title='bbox 1467 844 1857 923; x_wconf 83' lang='lat' dir='ltr'>prudenter</span> <span class='ocrx_word' id='word_1_14' title='bbox 1905 851 1981 904; x_wconf 92' lang='lat' dir='ltr'>ut</span> <span class='ocrx_word' id='word_1_15' title='bbox 2028 842 2481 905; x_wconf 87' lang='lat' dir='ltr'>christianum</span> <span class='ocrx_word' id='word_1_16' title='bbox 2534 843 2742 904; x_wconf 84' lang='lat' dir='ltr'>decet</span> <span class='ocrx_word' id='word_1_17' title='bbox 2790 856 3192 923; x_wconf 86' lang='lat' dir='ltr'>revocaret,</span> 
     </span>
     <span class='ocr_line' id='line_1_4' title="bbox 623 950 3187 1031; baseline 0 -20"><span class='ocrx_word' id='word_1_18' title='bbox 623 950 934 1031; x_wconf 90' lang='lat' dir='ltr'>alioquin</span> <span class='ocrx_word' id='word_1_19' title='bbox 1007 960 1080 1012; x_wconf 92' lang='lat' dir='ltr'>ut</span> <span class='ocrx_word' id='word_1_20' title='bbox 1151 950 1552 1013; x_wconf 89' lang='lat' dir='ltr'>haereticus</span> <span class='ocrx_word' id='word_1_21' title='bbox 1619 953 1709 1013; x_wconf 90' lang='lat' dir='ltr'>ab</span> <span class='ocrx_word' id='word_1_22' title='bbox 1779 951 2104 1013; x_wconf 88' lang='lat' dir='ltr'>omnibus</span> <span class='ocrx_word' id='word_1_23' title='bbox 2167 950 2375 1011; x_wconf 86' lang='lat' dir='ltr'>vitari</span> <span class='ocrx_word' id='word_1_24' title='bbox 2440 962 2509 1011; x_wconf 90' lang='lat' dir='ltr'>et</span> <span class='ocrx_word' id='word_1_25' title='bbox 2570 950 2800 1030; x_wconf 90' lang='lat' dir='ltr'>puniri</span> <span class='ocrx_word' id='word_1_26' title='bbox 2866 952 3187 1029; x_wconf 82' lang='lat' dir='ltr'>deberet,</span> 
     </span>
     <span class='ocr_line' id='line_1_5' title="bbox 622 1055 3187 1138; baseline 0.001 -19"><span class='ocrx_word' id='word_1_27' title='bbox 622 1067 834 1138; x_wconf 88' lang='lat' dir='ltr'>prout</span> <span class='ocrx_word' id='word_1_28' title='bbox 880 1058 950 1118; x_wconf 90' lang='lat' dir='ltr'>in</span> <span class='ocrx_word' id='word_1_29' title='bbox 1002 1056 1282 1134; x_wconf 89' lang='lat' dir='ltr'>nostris,</span> <span class='ocrx_word' id='word_1_30' title='bbox 1330 1056 1400 1117; x_wconf 90' lang='lat' dir='ltr'>in</span> <span class='ocrx_word' id='word_1_31' title='bbox 1452 1056 1708 1137; x_wconf 90' lang='lat' dir='ltr'>quibus</span> <span class='ocrx_word' id='word_1_32' title='bbox 1755 1058 2106 1119; x_wconf 88' lang='lat' dir='ltr'>voluimus</span> <span class='ocrx_word' id='word_1_33' title='bbox 2154 1057 2345 1137; x_wconf 91' lang='lat' dir='ltr'>quod</span> <span class='ocrx_word' id='word_1_34' title='bbox 2392 1055 2669 1117; x_wconf 82' lang='lat' dir='ltr'>litterae</span> <span class='ocrx_word' id='word_1_35' title='bbox 2704 1056 2903 1135; x_wconf 81' lang='lat' dir='ltr'>ipsae</span> <span class='ocrx_word' id='word_1_36' title='bbox 2937 1058 3008 1119; x_wconf 92' lang='lat' dir='ltr'>in</span> <span class='ocrx_word' id='word_1_37' title='bbox 3038 1078 3187 1121; x_wconf 88' lang='lat' dir='ltr'>cer-</span> 
     </span>
     <span class='ocr_line' id='line_1_6' title="bbox 623 1164 3193 1247; baseline 0.001 -22"><span class='ocrx_word' id='word_1_38' title='bbox 623 1164 710 1226; x_wconf 90' lang='lat' dir='ltr'>tis</span> <span class='ocrx_word' id='word_1_39' title='bbox 777 1165 1092 1227; x_wconf 86' lang='lat' dir='ltr'>ecclesiis</span> <span class='ocrx_word' id='word_1_40' title='bbox 1146 1164 1496 1247; x_wconf 90' lang='lat' dir='ltr'>publicari</span> <span class='ocrx_word' id='word_1_41' title='bbox 1548 1166 1929 1233; x_wconf 89' lang='lat' dir='ltr'>deberent,</span> <span class='ocrx_word' id='word_1_42' title='bbox 1994 1164 2273 1245; x_wconf 79' lang='lat' dir='ltr'>plenius</span> <span class='ocrx_word' id='word_1_43' title='bbox 2324 1164 2745 1225; x_wconf 80' lang='lat' dir='ltr'>continetur.</span> <span class='ocrx_word' id='word_1_44' title='bbox 2844 1164 3193 1227; x_wconf 86' lang='lat' dir='ltr'>Volentes</span> 
     </span>
     <span class='ocr_line' id='line_1_7' title="bbox 621 1270 3192 1353; baseline 0.001 -20"><span class='ocrx_word' id='word_1_45' title='bbox 621 1272 838 1353; x_wconf 86' lang='lat' dir='ltr'>igitur</span> <span class='ocrx_word' id='word_1_46' title='bbox 897 1281 974 1333; x_wconf 91' lang='lat' dir='ltr'>ut</span> <span class='ocrx_word' id='word_1_47' title='bbox 1036 1272 1314 1334; x_wconf 85' lang='lat' dir='ltr'>litterae</span> <span class='ocrx_word' id='word_1_48' title='bbox 1376 1282 1662 1334; x_wconf 87' lang='lat' dir='ltr'>nostrae</span> <span class='ocrx_word' id='word_1_49' title='bbox 1729 1272 2142 1352; x_wconf 82' lang='lat' dir='ltr'>praedictae</span> <span class='ocrx_word' id='word_1_50' title='bbox 2210 1270 2280 1331; x_wconf 89' lang='lat' dir='ltr'>in</span> <span class='ocrx_word' id='word_1_51' title='bbox 2329 1270 2465 1331; x_wconf 87' lang='lat' dir='ltr'>illis</span> <span class='ocrx_word' id='word_1_52' title='bbox 2514 1270 2839 1350; x_wconf 84' lang='lat' dir='ltr'>partibus</span> <span class='ocrx_word' id='word_1_53' title='bbox 2884 1270 3192 1335; x_wconf 87' lang='lat' dir='ltr'>fideliter</span> 
     </span>
     <span class='ocr_line' id='line_1_8' title="bbox 621 1377 3189 1460; baseline 0 -19"><span class='ocrx_word' id='word_1_54' title='bbox 621 1379 1070 1460; x_wconf 89' lang='lat' dir='ltr'>publicentur</span> <span class='ocrx_word' id='word_1_55' title='bbox 1121 1390 1190 1441; x_wconf 89' lang='lat' dir='ltr'>et</span> <span class='ocrx_word' id='word_1_56' title='bbox 1237 1380 1308 1440; x_wconf 91' lang='lat' dir='ltr'>in</span> <span class='ocrx_word' id='word_1_57' title='bbox 1360 1378 1460 1440; x_wconf 89' lang='lat' dir='ltr'>eis</span> <span class='ocrx_word' id='word_1_58' title='bbox 1509 1388 1847 1441; x_wconf 88' lang='lat' dir='ltr'>contenta</span> <span class='ocrx_word' id='word_1_59' title='bbox 1892 1377 2298 1441; x_wconf 85' lang='lat' dir='ltr'>executioni</span> <span class='ocrx_word' id='word_1_60' title='bbox 2329 1378 2614 1441; x_wconf 84' lang='lat' dir='ltr'>debitae</span> <span class='ocrx_word' id='word_1_61' title='bbox 2650 1380 3189 1459; x_wconf 80' lang='lat' dir='ltr'>demandentur,</span> 
     </span>
     <span class='ocr_line' id='line_1_9' title="bbox 621 1486 3190 1567; baseline 0.001 -19"><span class='ocrx_word' id='word_1_62' title='bbox 621 1507 703 1549; x_wconf 88' lang='lat' dir='ltr'>ac</span> <span class='ocrx_word' id='word_1_63' title='bbox 753 1496 1111 1549; x_wconf 86' lang='lat' dir='ltr'>sumentes</span> <span class='ocrx_word' id='word_1_64' title='bbox 1161 1486 1228 1547; x_wconf 88' lang='lat' dir='ltr'>in</span> <span class='ocrx_word' id='word_1_65' title='bbox 1279 1496 1400 1549; x_wconf 91' lang='lat' dir='ltr'>tua</span> <span class='ocrx_word' id='word_1_66' title='bbox 1447 1487 1831 1567; x_wconf 87' lang='lat' dir='ltr'>prudentia</span> <span class='ocrx_word' id='word_1_67' title='bbox 1881 1486 1951 1547; x_wconf 87' lang='lat' dir='ltr'>in</span> <span class='ocrx_word' id='word_1_68' title='bbox 2002 1486 2241 1547; x_wconf 82' lang='lat' dir='ltr'>arduis</span> <span class='ocrx_word' id='word_1_69' title='bbox 2278 1489 2745 1565; x_wconf 88' lang='lat' dir='ltr'>comprobata</span> <span class='ocrx_word' id='word_1_70' title='bbox 2780 1498 2849 1547; x_wconf 92' lang='lat' dir='ltr'>et</span> <span class='ocrx_word' id='word_1_71' title='bbox 2881 1507 3190 1567; x_wconf 87' lang='lat' dir='ltr'>persona</span> 
     </span>
     <span class='ocr_line' id='line_1_10' title="bbox 622 1591 3192 1674; baseline 0 -18"><span class='ocrx_word' id='word_1_72' title='bbox 622 1604 742 1656; x_wconf 88' lang='lat' dir='ltr'>tua</span> <span class='ocrx_word' id='word_1_73' title='bbox 789 1592 1324 1674; x_wconf 88' lang='lat' dir='ltr'>quamplurimis</span> <span class='ocrx_word' id='word_1_74' title='bbox 1358 1592 1733 1655; x_wconf 89' lang='lat' dir='ltr'>virtutibus</span> <span class='ocrx_word' id='word_1_75' title='bbox 1764 1591 2103 1673; x_wconf 86' lang='lat' dir='ltr'>insignita</span> <span class='ocrx_word' id='word_1_76' title='bbox 2136 1591 2451 1654; x_wconf 88' lang='lat' dir='ltr'>fidutiam</span> <span class='ocrx_word' id='word_1_77' title='bbox 2486 1592 2557 1653; x_wconf 89' lang='lat' dir='ltr'>in</span> <span class='ocrx_word' id='word_1_78' title='bbox 2592 1593 2749 1655; x_wconf 92' lang='lat' dir='ltr'>Deo</span> <span class='ocrx_word' id='word_1_79' title='bbox 2786 1594 3192 1674; x_wconf 82' lang='lat' dir='ltr'>specialem,</span> 
     </span>
     <span class='ocr_line' id='line_1_11' title="bbox 620 1699 3191 1781; baseline 0 -18"><span class='ocrx_word' id='word_1_80' title='bbox 620 1713 690 1765; x_wconf 89' lang='lat' dir='ltr'>te</span> <span class='ocrx_word' id='word_1_81' title='bbox 741 1721 896 1763; x_wconf 89' lang='lat' dir='ltr'>cum</span> <span class='ocrx_word' id='word_1_82' title='bbox 945 1700 1446 1763; x_wconf 86' lang='lat' dir='ltr'>benedictione</span> <span class='ocrx_word' id='word_1_83' title='bbox 1495 1700 1680 1762; x_wconf 89' lang='lat' dir='ltr'>illius</span> <span class='ocrx_word' id='word_1_84' title='bbox 1731 1700 1924 1781; x_wconf 89' lang='lat' dir='ltr'>cujus</span> <span class='ocrx_word' id='word_1_85' title='bbox 1972 1700 2167 1761; x_wconf 88' lang='lat' dir='ltr'>vices</span> <span class='ocrx_word' id='word_1_86' title='bbox 2214 1700 2280 1760; x_wconf 89' lang='lat' dir='ltr'>in</span> <span class='ocrx_word' id='word_1_87' title='bbox 2336 1699 2541 1761; x_wconf 88' lang='lat' dir='ltr'>terris</span> <span class='ocrx_word' id='word_1_88' title='bbox 2590 1699 2901 1780; x_wconf 83' lang='lat' dir='ltr'>gerimus</span> <span class='ocrx_word' id='word_1_89' title='bbox 2951 1712 3021 1763; x_wconf 91' lang='lat' dir='ltr'>et</span> <span class='ocrx_word' id='word_1_90' title='bbox 3069 1703 3191 1781; x_wconf 89' lang='lat' dir='ltr'>qui</span> 
     </span>
     <span class='ocr_line' id='line_1_12' title="bbox 620 1807 3189 1887; baseline -0.001 -15"><span class='ocrx_word' id='word_1_91' title='bbox 620 1828 860 1872; x_wconf 87' lang='lat' dir='ltr'>curam</span> <span class='ocrx_word' id='word_1_92' title='bbox 894 1807 1136 1887; x_wconf 84' lang='lat' dir='ltr'>gregis</span> <span class='ocrx_word' id='word_1_93' title='bbox 1171 1807 1277 1870; x_wconf 92' lang='lat' dir='ltr'>sui</span> <span class='ocrx_word' id='word_1_94' title='bbox 1312 1807 1516 1870; x_wconf 87' lang='lat' dir='ltr'>nobis</span> <span class='ocrx_word' id='word_1_95' title='bbox 1551 1807 1990 1870; x_wconf 89' lang='lat' dir='ltr'>committere</span> <span class='ocrx_word' id='word_1_96' title='bbox 2027 1807 2362 1887; x_wconf 88' lang='lat' dir='ltr'>dignatus</span> <span class='ocrx_word' id='word_1_97' title='bbox 2396 1814 2523 1886; x_wconf 88' lang='lat' dir='ltr'>est,</span> <span class='ocrx_word' id='word_1_98' title='bbox 2572 1807 2663 1868; x_wconf 88' lang='lat' dir='ltr'>ad</span> <span class='ocrx_word' id='word_1_99' title='bbox 2704 1807 3189 1871; x_wconf 85' lang='lat' dir='ltr'>charissimum</span> 
     </span>
     <span class='ocr_line' id='line_1_13' title="bbox 621 1913 3187 1995; baseline -0.001 -17"><span class='ocrx_word' id='word_1_100' title='bbox 621 1918 688 1979; x_wconf 91' lang='lat' dir='ltr'>in</span> <span class='ocrx_word' id='word_1_101' title='bbox 722 1916 1004 1979; x_wconf 86' lang='lat' dir='ltr'>Christo</span> <span class='ocrx_word' id='word_1_102' title='bbox 1052 1913 1270 1977; x_wconf 90' lang='lat' dir='ltr'>filium</span> <span class='ocrx_word' id='word_1_103' title='bbox 1320 1924 1637 1977; x_wconf 87' lang='lat' dir='ltr'>nostrum</span> <span class='ocrx_word' id='word_1_104' title='bbox 1673 1915 2005 1977; x_wconf 88' lang='lat' dir='ltr'>Carolum</span> <span class='ocrx_word' id='word_1_105' title='bbox 2038 1914 2529 1977; x_wconf 82' lang='lat' dir='ltr'>Romanorum</span> <span class='ocrx_word' id='word_1_106' title='bbox 2579 1924 2649 1975; x_wconf 93' lang='lat' dir='ltr'>et</span> <span class='ocrx_word' id='word_1_107' title='bbox 2683 1914 3187 1995; x_wconf 88' lang='lat' dir='ltr'>Hispaniarum</span> 
     </span>
     <span class='ocr_line' id='line_1_14' title="bbox 619 2020 3187 2105; baseline -0.002 -18"><span class='ocrx_word' id='word_1_108' title='bbox 619 2044 864 2105; x_wconf 89' lang='lat' dir='ltr'>regem</span> <span class='ocrx_word' id='word_1_109' title='bbox 937 2023 1360 2086; x_wconf 86' lang='lat' dir='ltr'>catholicum</span> <span class='ocrx_word' id='word_1_110' title='bbox 1427 2022 1495 2084; x_wconf 91' lang='lat' dir='ltr'>in</span> <span class='ocrx_word' id='word_1_111' title='bbox 1563 2024 2075 2103; x_wconf 85' lang='lat' dir='ltr'>Imperatorem</span> <span class='ocrx_word' id='word_1_112' title='bbox 2145 2022 2446 2082; x_wconf 91' lang='lat' dir='ltr'>electum</span> <span class='ocrx_word' id='word_1_113' title='bbox 2512 2034 2581 2082; x_wconf 91' lang='lat' dir='ltr'>et</span> <span class='ocrx_word' id='word_1_114' title='bbox 2642 2020 2845 2083; x_wconf 79' lang='lat' dir='ltr'>Sacri</span> <span class='ocrx_word' id='word_1_115' title='bbox 2908 2022 3187 2103; x_wconf 87' lang='lat' dir='ltr'>Imperii</span> 
     </span>
     <span class='ocr_line' id='line_1_15' title="bbox 621 2128 3187 2217; baseline -0.001 -24"><span class='ocrx_word' id='word_1_116' title='bbox 621 2134 968 2194; x_wconf 88' lang='lat' dir='ltr'>electores</span> <span class='ocrx_word' id='word_1_117' title='bbox 1017 2151 1404 2211; x_wconf 90' lang='lat' dir='ltr'>omnesque</span> <span class='ocrx_word' id='word_1_118' title='bbox 1441 2130 1871 2193; x_wconf 78' lang='lat' dir='ltr'>Germaniae</span> <span class='ocrx_word' id='word_1_119' title='bbox 1922 2130 2191 2191; x_wconf 83' lang='lat' dir='ltr'>Bassae</span> <span class='ocrx_word' id='word_1_120' title='bbox 2240 2139 2310 2191; x_wconf 91' lang='lat' dir='ltr'>et</span> <span class='ocrx_word' id='word_1_121' title='bbox 2359 2130 2545 2190; x_wconf 88' lang='lat' dir='ltr'>altae</span> <span class='ocrx_word' id='word_1_122' title='bbox 2596 2128 3187 2217; x_wconf 26' lang='lat' dir='ltr'>episcopos-prin-</span> 
     </span>
     <span class='ocr_line' id='line_1_16' title="bbox 623 2236 3189 2320; baseline -0 -20"><span class='ocrx_word' id='word_1_123' title='bbox 623 2240 816 2320; x_wconf 86' lang='lat' dir='ltr'>cipes</span> <span class='ocrx_word' id='word_1_124' title='bbox 878 2242 1182 2301; x_wconf 87' lang='lat' dir='ltr'>barones</span> <span class='ocrx_word' id='word_1_125' title='bbox 1246 2239 1713 2300; x_wconf 88' lang='lat' dir='ltr'>comunitates</span> <span class='ocrx_word' id='word_1_126' title='bbox 1777 2249 1848 2297; x_wconf 93' lang='lat' dir='ltr'>et</span> <span class='ocrx_word' id='word_1_127' title='bbox 1911 2236 2281 2297; x_wconf 82' lang='lat' dir='ltr'>universos</span> <span class='ocrx_word' id='word_1_128' title='bbox 2342 2237 2703 2316; x_wconf 87' lang='lat' dir='ltr'>praelatos</span> <span class='ocrx_word' id='word_1_129' title='bbox 2767 2246 2838 2298; x_wconf 92' lang='lat' dir='ltr'>et</span> <span class='ocrx_word' id='word_1_130' title='bbox 2897 2239 2991 2299; x_wconf 83' lang='lat' dir='ltr'>ad</span> <span class='ocrx_word' id='word_1_131' title='bbox 3048 2238 3189 2299; x_wconf 87' lang='lat' dir='ltr'>alia</span> 
     </span>
     <span class='ocr_line' id='line_1_17' title="bbox 621 2342 3187 2425; baseline -0.001 -17"><span class='ocrx_word' id='word_1_132' title='bbox 621 2348 776 2408; x_wconf 92' lang='lat' dir='ltr'>loca</span> <span class='ocrx_word' id='word_1_133' title='bbox 825 2346 914 2407; x_wconf 90' lang='lat' dir='ltr'>ad</span> <span class='ocrx_word' id='word_1_134' title='bbox 966 2365 1146 2425; x_wconf 90' lang='lat' dir='ltr'>quae</span> <span class='ocrx_word' id='word_1_135' title='bbox 1195 2354 1266 2407; x_wconf 94' lang='lat' dir='ltr'>te</span> <span class='ocrx_word' id='word_1_136' title='bbox 1316 2345 1675 2407; x_wconf 87' lang='lat' dir='ltr'>declinare</span> <span class='ocrx_word' id='word_1_137' title='bbox 1725 2343 2128 2423; x_wconf 88' lang='lat' dir='ltr'>contigerit,</span> <span class='ocrx_word' id='word_1_138' title='bbox 2176 2342 2511 2404; x_wconf 88' lang='lat' dir='ltr'>Nuntium</span> <span class='ocrx_word' id='word_1_139' title='bbox 2560 2351 2632 2404; x_wconf 90' lang='lat' dir='ltr'>et</span> <span class='ocrx_word' id='word_1_140' title='bbox 2680 2353 3034 2406; x_wconf 89' lang='lat' dir='ltr'>oratorem</span> <span class='ocrx_word' id='word_1_141' title='bbox 3070 2364 3187 2406; x_wconf 91' lang='lat' dir='ltr'>no·</span> 
     </span>
     <span class='ocr_line' id='line_1_18' title="bbox 621 2449 3190 2533; baseline -0.001 -19"><span class='ocrx_word' id='word_1_142' title='bbox 621 2462 839 2515; x_wconf 84' lang='lat' dir='ltr'>strum</span> <span class='ocrx_word' id='word_1_143' title='bbox 886 2451 1254 2528; x_wconf 72' lang='lat' dir='ltr'>mittimuS,</span> <span class='ocrx_word' id='word_1_144' title='bbox 1321 2452 1774 2533; x_wconf 87' lang='lat' dir='ltr'>injungentes</span> <span class='ocrx_word' id='word_1_145' title='bbox 1823 2451 1949 2512; x_wconf 92' lang='lat' dir='ltr'>tibi</span> <span class='ocrx_word' id='word_1_146' title='bbox 2002 2460 2078 2511; x_wconf 93' lang='lat' dir='ltr'>ut</span> <span class='ocrx_word' id='word_1_147' title='bbox 2127 2449 2385 2511; x_wconf 90' lang='lat' dir='ltr'>Carolo</span> <span class='ocrx_word' id='word_1_148' title='bbox 2434 2451 2587 2531; x_wconf 86' lang='lat' dir='ltr'>regi</span> <span class='ocrx_word' id='word_1_149' title='bbox 2639 2462 2709 2512; x_wconf 89' lang='lat' dir='ltr'>et</span> <span class='ocrx_word' id='word_1_150' title='bbox 2758 2451 3190 2514; x_wconf 83' lang='lat' dir='ltr'>electoribus</span> 
     </span>
     <span class='ocr_line' id='line_1_19' title="bbox 621 2556 3184 2640; baseline 0 -19"><span class='ocrx_word' id='word_1_151' title='bbox 621 2580 704 2621; x_wconf 89' lang='lat' dir='ltr'>ac</span> <span class='ocrx_word' id='word_1_152' title='bbox 756 2558 910 2621; x_wconf 87' lang='lat' dir='ltr'>aliis</span> <span class='ocrx_word' id='word_1_153' title='bbox 959 2558 1398 2640; x_wconf 90' lang='lat' dir='ltr'>principibus</span> <span class='ocrx_word' id='word_1_154' title='bbox 1449 2567 1520 2619; x_wconf 94' lang='lat' dir='ltr'>et</span> <span class='ocrx_word' id='word_1_155' title='bbox 1567 2557 1909 2640; x_wconf 81' lang='lat' dir='ltr'>praelatis</span> <span class='ocrx_word' id='word_1_156' title='bbox 1958 2556 2304 2637; x_wconf 87' lang='lat' dir='ltr'>praefatis</span> <span class='ocrx_word' id='word_1_157' title='bbox 2355 2568 2599 2618; x_wconf 85' lang='lat' dir='ltr'>nostro</span> <span class='ocrx_word' id='word_1_158' title='bbox 2651 2559 2932 2620; x_wconf 90' lang='lat' dir='ltr'>nomine</span> <span class='ocrx_word' id='word_1_159' title='bbox 2990 2579 3184 2640; x_wconf 82' lang='lat' dir='ltr'>prae·</span> 
     </span>
     <span class='ocr_line' id='line_1_20' title="bbox 621 2664 3187 2729; baseline 0.001 -2"><span class='ocrx_word' id='word_1_160' title='bbox 621 2666 882 2729; x_wconf 88' lang='lat' dir='ltr'>dictum</span> <span class='ocrx_word' id='word_1_161' title='bbox 919 2676 1163 2729; x_wconf 89' lang='lat' dir='ltr'>contra</span> <span class='ocrx_word' id='word_1_162' title='bbox 1197 2666 1580 2729; x_wconf 88' lang='lat' dir='ltr'>Martinum</span> <span class='ocrx_word' id='word_1_163' title='bbox 1615 2666 1880 2728; x_wconf 87' lang='lat' dir='ltr'>editum</span> <span class='ocrx_word' id='word_1_164' title='bbox 1914 2676 1986 2726; x_wconf 90' lang='lat' dir='ltr'>et</span> <span class='ocrx_word' id='word_1_165' title='bbox 2020 2664 2194 2727; x_wconf 88' lang='lat' dir='ltr'>alias</span> <span class='ocrx_word' id='word_1_166' title='bbox 2226 2666 2699 2727; x_wconf 89' lang='lat' dir='ltr'>credentiales</span> <span class='ocrx_word' id='word_1_167' title='bbox 2732 2666 3005 2728; x_wconf 86' lang='lat' dir='ltr'>litteras</span> <span class='ocrx_word' id='word_1_168' title='bbox 3036 2688 3187 2729; x_wconf 90' lang='lat' dir='ltr'>nos-</span> 
     </span>
     <span class='ocr_line' id='line_1_21' title="bbox 625 2772 3186 2854; baseline 0 -19"><span class='ocrx_word' id='word_1_169' title='bbox 625 2790 765 2836; x_wconf 85' lang='lat' dir='ltr'>tras</span> <span class='ocrx_word' id='word_1_170' title='bbox 813 2783 1142 2853; x_wconf 87' lang='lat' dir='ltr'>patentes</span> <span class='ocrx_word' id='word_1_171' title='bbox 1191 2794 1274 2833; x_wconf 91' lang='lat' dir='ltr'>ac</span> <span class='ocrx_word' id='word_1_172' title='bbox 1324 2782 1638 2835; x_wconf 88' lang='lat' dir='ltr'>nostram</span> <span class='ocrx_word' id='word_1_173' title='bbox 1688 2787 1997 2835; x_wconf 90' lang='lat' dir='ltr'>mentem</span> <span class='ocrx_word' id='word_1_174' title='bbox 2046 2773 2186 2833; x_wconf 93' lang='lat' dir='ltr'>illis</span> <span class='ocrx_word' id='word_1_175' title='bbox 2229 2772 2704 2835; x_wconf 88' lang='lat' dir='ltr'>communices</span> <span class='ocrx_word' id='word_1_176' title='bbox 2739 2776 3186 2854; x_wconf 89' lang='lat' dir='ltr'>quemadmo-</span> 
     </span>
     <span class='ocr_line' id='line_1_22' title="bbox 623 2879 3188 2962; baseline 0.001 -20"><span class='ocrx_word' id='word_1_177' title='bbox 623 2881 785 2944; x_wconf 89' lang='lat' dir='ltr'>dum</span> <span class='ocrx_word' id='word_1_178' title='bbox 846 2901 1206 2962; x_wconf 85' lang='lat' dir='ltr'>propensa</span> <span class='ocrx_word' id='word_1_179' title='bbox 1269 2892 1376 2943; x_wconf 88' lang='lat' dir='ltr'>est</span> <span class='ocrx_word' id='word_1_180' title='bbox 1447 2881 1538 2943; x_wconf 92' lang='lat' dir='ltr'>ad</span> <span class='ocrx_word' id='word_1_181' title='bbox 1602 2879 1770 2943; x_wconf 89' lang='lat' dir='ltr'>fidei</span> <span class='ocrx_word' id='word_1_182' title='bbox 1846 2881 2239 2943; x_wconf 86' lang='lat' dir='ltr'>catholicae</span> <span class='ocrx_word' id='word_1_183' title='bbox 2306 2901 2591 2942; x_wconf 88' lang='lat' dir='ltr'>causam</span> <span class='ocrx_word' id='word_1_184' title='bbox 2642 2880 3188 2960; x_wconf 88' lang='lat' dir='ltr'>defendendam,</span> 
     </span>
     <span class='ocr_line' id='line_1_23' title="bbox 623 2988 3189 3070; baseline 0 -20"><span class='ocrx_word' id='word_1_185' title='bbox 623 3009 1008 3070; x_wconf 86' lang='lat' dir='ltr'>eorumque</span> <span class='ocrx_word' id='word_1_186' title='bbox 1075 2989 1340 3050; x_wconf 86' lang='lat' dir='ltr'>auxilia</span> <span class='ocrx_word' id='word_1_187' title='bbox 1408 2989 1500 3050; x_wconf 88' lang='lat' dir='ltr'>ad</span> <span class='ocrx_word' id='word_1_188' title='bbox 1565 2990 1748 3051; x_wconf 88' lang='lat' dir='ltr'>hanc</span> <span class='ocrx_word' id='word_1_189' title='bbox 1798 2988 1987 3069; x_wconf 88' lang='lat' dir='ltr'>piam</span> <span class='ocrx_word' id='word_1_190' title='bbox 2057 3000 2126 3049; x_wconf 89' lang='lat' dir='ltr'>et</span> <span class='ocrx_word' id='word_1_191' title='bbox 2189 2988 2663 3050; x_wconf 85' lang='lat' dir='ltr'>necessariam</span> <span class='ocrx_word' id='word_1_192' title='bbox 2720 2988 2853 3050; x_wconf 89' lang='lat' dir='ltr'>Dei</span> <span class='ocrx_word' id='word_1_193' title='bbox 2906 3009 3189 3052; x_wconf 86' lang='lat' dir='ltr'>causam</span> 
     </span>
     <span class='ocr_line' id='line_1_24' title="bbox 621 3094 3187 3178; baseline 0 -20"><span class='ocrx_word' id='word_1_194' title='bbox 621 3097 956 3178; x_wconf 89' lang='lat' dir='ltr'>implores</span> <span class='ocrx_word' id='word_1_195' title='bbox 1017 3097 1632 3177; x_wconf 86' lang='lat' dir='ltr'>persuadeasque,</span> <span class='ocrx_word' id='word_1_196' title='bbox 1699 3106 1768 3157; x_wconf 92' lang='lat' dir='ltr'>et</span> <span class='ocrx_word' id='word_1_197' title='bbox 1825 3094 2222 3158; x_wconf 87' lang='lat' dir='ltr'>rationibus</span> <span class='ocrx_word' id='word_1_198' title='bbox 2286 3095 2415 3156; x_wconf 86' lang='lat' dir='ltr'>tibi</span> <span class='ocrx_word' id='word_1_199' title='bbox 2482 3095 2667 3157; x_wconf 83' lang='lat' dir='ltr'>notis</span> <span class='ocrx_word' id='word_1_200' title='bbox 2716 3095 3036 3175; x_wconf 88' lang='lat' dir='ltr'>indutus,</span> <span class='ocrx_word' id='word_1_201' title='bbox 3104 3117 3187 3158; x_wconf 85' lang='lat' dir='ltr'>ac</span> 
     </span>
     <span class='ocr_line' id='line_1_25' title="bbox 621 3202 3187 3282; baseline 0 -18"><span class='ocrx_word' id='word_1_202' title='bbox 621 3205 938 3265; x_wconf 90' lang='lat' dir='ltr'>cordium</span> <span class='ocrx_word' id='word_1_203' title='bbox 972 3222 1256 3265; x_wconf 90' lang='lat' dir='ltr'>suorum</span> <span class='ocrx_word' id='word_1_204' title='bbox 1292 3202 1485 3265; x_wconf 87' lang='lat' dir='ltr'>fores</span> <span class='ocrx_word' id='word_1_205' title='bbox 1541 3202 1823 3265; x_wconf 88' lang='lat' dir='ltr'>assidue</span> <span class='ocrx_word' id='word_1_206' title='bbox 1854 3203 2143 3282; x_wconf 87' lang='lat' dir='ltr'>pulsare</span> <span class='ocrx_word' id='word_1_207' title='bbox 2176 3222 2316 3264; x_wconf 90' lang='lat' dir='ltr'>non</span> <span class='ocrx_word' id='word_1_208' title='bbox 2352 3202 2654 3264; x_wconf 86' lang='lat' dir='ltr'>desistas</span> <span class='ocrx_word' id='word_1_209' title='bbox 2699 3213 2772 3264; x_wconf 90' lang='lat' dir='ltr'>ut</span> <span class='ocrx_word' id='word_1_210' title='bbox 2807 3202 3187 3266; x_wconf 88' lang='lat' dir='ltr'>Martinum</span> 
     </span>
     <span class='ocr_line' id='line_1_26' title="bbox 621 3309 3188 3390; baseline 0.001 -20"><span class='ocrx_word' id='word_1_211' title='bbox 621 3309 850 3390; x_wconf 87' lang='lat' dir='ltr'>ipsum</span> <span class='ocrx_word' id='word_1_212' title='bbox 916 3309 1185 3372; x_wconf 88' lang='lat' dir='ltr'>hortari</span> <span class='ocrx_word' id='word_1_213' title='bbox 1249 3310 1472 3371; x_wconf 83' lang='lat' dir='ltr'>velint</span> <span class='ocrx_word' id='word_1_214' title='bbox 1530 3321 1607 3370; x_wconf 90' lang='lat' dir='ltr'>ut</span> <span class='ocrx_word' id='word_1_215' title='bbox 1671 3309 1961 3389; x_wconf 89' lang='lat' dir='ltr'>cognita</span> <span class='ocrx_word' id='word_1_216' title='bbox 2029 3309 2334 3371; x_wconf 89' lang='lat' dir='ltr'>veritate</span> <span class='ocrx_word' id='word_1_217' title='bbox 2395 3310 2486 3371; x_wconf 90' lang='lat' dir='ltr'>ad</span> <span class='ocrx_word' id='word_1_218' title='bbox 2546 3320 2813 3372; x_wconf 88' lang='lat' dir='ltr'>rectam</span> <span class='ocrx_word' id='word_1_219' title='bbox 2868 3309 3188 3372; x_wconf 88' lang='lat' dir='ltr'>semitam</span> 
     </span>
     <span class='ocr_line' id='line_1_27' title="bbox 621 3415 3188 3498; baseline -0 -19"><span class='ocrx_word' id='word_1_220' title='bbox 621 3417 907 3480; x_wconf 88' lang='lat' dir='ltr'>tandem</span> <span class='ocrx_word' id='word_1_221' title='bbox 959 3418 1208 3478; x_wconf 90' lang='lat' dir='ltr'>redeat</span> <span class='ocrx_word' id='word_1_222' title='bbox 1256 3426 1326 3478; x_wconf 89' lang='lat' dir='ltr'>et</span> <span class='ocrx_word' id='word_1_223' title='bbox 1373 3417 1577 3496; x_wconf 88' lang='lat' dir='ltr'>hujus</span> <span class='ocrx_word' id='word_1_224' title='bbox 1618 3417 1928 3478; x_wconf 81' lang='lat' dir='ltr'>Sanctae</span> <span class='ocrx_word' id='word_1_225' title='bbox 1972 3415 2181 3478; x_wconf 76' lang='lat' dir='ltr'>Sedis</span> <span class='ocrx_word' id='word_1_226' title='bbox 2230 3417 2582 3478; x_wconf 87' lang='lat' dir='ltr'>mandatis</span> <span class='ocrx_word' id='word_1_227' title='bbox 2631 3427 2901 3498; x_wconf 89' lang='lat' dir='ltr'>pareat.</span> <span class='ocrx_word' id='word_1_228' title='bbox 2980 3416 3188 3496; x_wconf 80' lang='lat' dir='ltr'>Quod</span> 
     </span>
     <span class='ocr_line' id='line_1_28' title="bbox 623 3521 3187 3605; baseline 0 -20"><span class='ocrx_word' id='word_1_229' title='bbox 623 3525 680 3586; x_wconf 89' lang='lat' dir='ltr'>si</span> <span class='ocrx_word' id='word_1_230' title='bbox 727 3523 1014 3602; x_wconf 85' lang='lat' dir='ltr'>fecerit,</span> <span class='ocrx_word' id='word_1_231' title='bbox 1063 3523 1266 3587; x_wconf 87' lang='lat' dir='ltr'>verbi</span> <span class='ocrx_word' id='word_1_232' title='bbox 1317 3521 1707 3586; x_wconf 85' lang='lat' dir='ltr'>Salvatoris</span> <span class='ocrx_word' id='word_1_233' title='bbox 1757 3523 1981 3584; x_wconf 88' lang='lat' dir='ltr'>nostri</span> <span class='ocrx_word' id='word_1_234' title='bbox 2030 3543 2400 3602; x_wconf 83' lang='lat' dir='ltr'>memoreS,</span> <span class='ocrx_word' id='word_1_235' title='bbox 2450 3524 2569 3605; x_wconf 91' lang='lat' dir='ltr'>qui</span> <span class='ocrx_word' id='word_1_236' title='bbox 2622 3545 2761 3587; x_wconf 88' lang='lat' dir='ltr'>non</span> <span class='ocrx_word' id='word_1_237' title='bbox 2813 3527 2965 3586; x_wconf 89' lang='lat' dir='ltr'>vult</span> <span class='ocrx_word' id='word_1_238' title='bbox 3016 3545 3187 3588; x_wconf 89' lang='lat' dir='ltr'>mor-</span> 
     </span>
     <span class='ocr_line' id='line_1_29' title="bbox 619 3630 3191 3712; baseline 0.001 -20"><span class='ocrx_word' id='word_1_239' title='bbox 619 3641 764 3694; x_wconf 91' lang='lat' dir='ltr'>tem</span> <span class='ocrx_word' id='word_1_240' title='bbox 833 3630 1232 3712; x_wconf 86' lang='lat' dir='ltr'>peccatoris</span> <span class='ocrx_word' id='word_1_241' title='bbox 1250 3679 1265 3710; x_wconf 89' lang='lat'><em>‚</em></span> <span class='ocrx_word' id='word_1_242' title='bbox 1335 3631 1462 3692; x_wconf 92' lang='lat' dir='ltr'>sed</span> <span class='ocrx_word' id='word_1_243' title='bbox 1525 3640 1599 3691; x_wconf 90' lang='lat' dir='ltr'>ut</span> <span class='ocrx_word' id='word_1_244' title='bbox 1657 3640 2115 3692; x_wconf 87' lang='lat' dir='ltr'>convertatur</span> <span class='ocrx_word' id='word_1_245' title='bbox 2179 3640 2250 3692; x_wconf 92' lang='lat' dir='ltr'>et</span> <span class='ocrx_word' id='word_1_246' title='bbox 2297 3631 2527 3712; x_wconf 81' lang='lat' dir='ltr'>vivat,</span> <span class='ocrx_word' id='word_1_247' title='bbox 2598 3641 2667 3693; x_wconf 91' lang='lat' dir='ltr'>et</span> <span class='ocrx_word' id='word_1_248' title='bbox 2716 3634 2905 3712; x_wconf 91' lang='lat' dir='ltr'>quod</span> <span class='ocrx_word' id='word_1_249' title='bbox 2954 3633 3191 3711; x_wconf 83' lang='lat' dir='ltr'>angeli</span> 
     </span>
     <span class='ocr_line' id='line_1_30' title="bbox 622 3737 3192 3818; baseline 0.001 -18"><span class='ocrx_word' id='word_1_250' title='bbox 622 3737 851 3818; x_wconf 88' lang='lat' dir='ltr'>magis</span> <span class='ocrx_word' id='word_1_251' title='bbox 913 3739 1234 3818; x_wconf 88' lang='lat' dir='ltr'>gaudent</span> <span class='ocrx_word' id='word_1_252' title='bbox 1297 3739 1386 3800; x_wconf 87' lang='lat' dir='ltr'>de</span> <span class='ocrx_word' id='word_1_253' title='bbox 1460 3757 1596 3800; x_wconf 90' lang='lat' dir='ltr'>uno</span> <span class='ocrx_word' id='word_1_254' title='bbox 1664 3747 2045 3818; x_wconf 89' lang='lat' dir='ltr'>peccatore</span> <span class='ocrx_word' id='word_1_255' title='bbox 2112 3737 2203 3800; x_wconf 91' lang='lat' dir='ltr'>ad</span> <span class='ocrx_word' id='word_1_256' title='bbox 2268 3739 2782 3818; x_wconf 89' lang='lat' dir='ltr'>poenitentiam</span> <span class='ocrx_word' id='word_1_257' title='bbox 2850 3741 3192 3802; x_wconf 90' lang='lat' dir='ltr'>redeunte</span> 
     </span>
     <span class='ocr_line' id='line_1_31' title="bbox 625 3843 3191 3926; baseline 0.001 -20"><span class='ocrx_word' id='word_1_258' title='bbox 625 3865 836 3926; x_wconf 90' lang='lat' dir='ltr'>quam</span> <span class='ocrx_word' id='word_1_259' title='bbox 897 3844 986 3906; x_wconf 89' lang='lat' dir='ltr'>de</span> <span class='ocrx_word' id='word_1_260' title='bbox 1037 3853 1318 3906; x_wconf 90' lang='lat' dir='ltr'>centum</span> <span class='ocrx_word' id='word_1_261' title='bbox 1361 3844 1603 3924; x_wconf 83' lang='lat' dir='ltr'>justiS,</span> <span class='ocrx_word' id='word_1_262' title='bbox 1670 3843 1793 3924; x_wconf 87' lang='lat' dir='ltr'>qui</span> <span class='ocrx_word' id='word_1_263' title='bbox 1841 3854 1911 3905; x_wconf 92' lang='lat' dir='ltr'>et</span> <span class='ocrx_word' id='word_1_264' title='bbox 1960 3844 2129 3906; x_wconf 88' lang='lat' dir='ltr'>alibi</span> <span class='ocrx_word' id='word_1_265' title='bbox 2180 3855 2419 3908; x_wconf 91' lang='lat' dir='ltr'>monet</span> <span class='ocrx_word' id='word_1_266' title='bbox 2466 3847 2851 3909; x_wconf 84' lang='lat' dir='ltr'>habentem</span> <span class='ocrx_word' id='word_1_267' title='bbox 2905 3855 3191 3908; x_wconf 89' lang='lat' dir='ltr'>centum</span> 
     </span>
     <span class='ocr_line' id='line_1_32' title="bbox 624 3950 3194 4035; baseline -0 -20"><span class='ocrx_word' id='word_1_268' title='bbox 624 3972 796 4015; x_wconf 88' lang='lat' dir='ltr'>oves</span> <span class='ocrx_word' id='word_1_269' title='bbox 862 3950 919 4014; x_wconf 87' lang='lat' dir='ltr'>si</span> <span class='ocrx_word' id='word_1_270' title='bbox 985 3972 1192 4014; x_wconf 90' lang='lat' dir='ltr'>unam</span> <span class='ocrx_word' id='word_1_271' title='bbox 1255 3971 1346 4014; x_wconf 88' lang='lat' dir='ltr'>ex</span> <span class='ocrx_word' id='word_1_272' title='bbox 1414 3951 1550 4013; x_wconf 91' lang='lat' dir='ltr'>illis</span> <span class='ocrx_word' id='word_1_273' title='bbox 1607 3950 2003 4031; x_wconf 90' lang='lat' dir='ltr'>perdiderit</span> <span class='ocrx_word' id='word_1_274' title='bbox 2052 3951 2510 4014; x_wconf 89' lang='lat' dir='ltr'>dimittendas</span> <span class='ocrx_word' id='word_1_275' title='bbox 2578 3973 2735 4016; x_wconf 89' lang='lat' dir='ltr'>esse</span> <span class='ocrx_word' id='word_1_276' title='bbox 2802 3951 3194 4035; x_wconf 85' lang='lat' dir='ltr'>nonaginta</span> 
     </span>
     <span class='ocr_line' id='line_1_33' title="bbox 626 4057 3193 4139; baseline 0.001 -19"><span class='ocrx_word' id='word_1_277' title='bbox 626 4079 880 4122; x_wconf 84' lang='lat' dir='ltr'>novem</span> <span class='ocrx_word' id='word_1_278' title='bbox 929 4058 998 4121; x_wconf 87' lang='lat' dir='ltr'>in</span> <span class='ocrx_word' id='word_1_279' title='bbox 1050 4058 1334 4120; x_wconf 90' lang='lat' dir='ltr'>deserto</span> <span class='ocrx_word' id='word_1_280' title='bbox 1385 4066 1457 4118; x_wconf 92' lang='lat' dir='ltr'>et</span> <span class='ocrx_word' id='word_1_281' title='bbox 1505 4057 1606 4119; x_wconf 92' lang='lat' dir='ltr'>ire</span> <span class='ocrx_word' id='word_1_282' title='bbox 1657 4061 1749 4119; x_wconf 91' lang='lat' dir='ltr'>ad</span> <span class='ocrx_word' id='word_1_283' title='bbox 1798 4057 1991 4119; x_wconf 90' lang='lat' dir='ltr'>illam</span> <span class='ocrx_word' id='word_1_284' title='bbox 2041 4078 2223 4138; x_wconf 90' lang='lat' dir='ltr'>quae</span> <span class='ocrx_word' id='word_1_285' title='bbox 2274 4059 2584 4139; x_wconf 89' lang='lat' dir='ltr'>perierat</span> <span class='ocrx_word' id='word_1_286' title='bbox 2633 4061 2862 4122; x_wconf 90' lang='lat' dir='ltr'>donec</span> <span class='ocrx_word' id='word_1_287' title='bbox 2906 4060 3193 4122; x_wconf 84' lang='lat' dir='ltr'>invene·</span> 
     </span>
     <span class='ocr_line' id='line_1_34' title="bbox 626 4163 3191 4246; baseline 0 -18"><span class='ocrx_word' id='word_1_288' title='bbox 626 4165 715 4228; x_wconf 92' lang='lat' dir='ltr'>rit</span> <span class='ocrx_word' id='word_1_289' title='bbox 764 4185 942 4245; x_wconf 85' lang='lat' dir='ltr'>eam,</span> <span class='ocrx_word' id='word_1_290' title='bbox 995 4165 1296 4227; x_wconf 89' lang='lat' dir='ltr'>eundem</span> <span class='ocrx_word' id='word_1_291' title='bbox 1345 4163 1726 4227; x_wconf 88' lang='lat' dir='ltr'>Martinum</span> <span class='ocrx_word' id='word_1_292' title='bbox 1778 4166 1868 4226; x_wconf 90' lang='lat' dir='ltr'>ad</span> <span class='ocrx_word' id='word_1_293' title='bbox 1918 4165 2220 4246; x_wconf 84' lang='lat' dir='ltr'>gratiam</span> <span class='ocrx_word' id='word_1_294' title='bbox 2272 4176 2344 4227; x_wconf 90' lang='lat' dir='ltr'>ut</span> <span class='ocrx_word' id='word_1_295' title='bbox 2410 4167 2697 4228; x_wconf 90' lang='lat' dir='ltr'>charum</span> <span class='ocrx_word' id='word_1_296' title='bbox 2754 4167 2972 4229; x_wconf 88' lang='lat' dir='ltr'>filium</span> <span class='ocrx_word' id='word_1_297' title='bbox 3020 4167 3191 4230; x_wconf 91' lang='lat' dir='ltr'>reci-</span> 
     </span>
     <span class='ocr_line' id='line_1_35' title="bbox 626 4271 3193 4355; baseline 0.002 -23"><span class='ocrx_word' id='word_1_298' title='bbox 626 4271 921 4352; x_wconf 85' lang='lat' dir='ltr'>piemus,</span> <span class='ocrx_word' id='word_1_299' title='bbox 950 4271 1322 4353; x_wconf 89' lang='lat' dir='ltr'>ipsumque</span> <span class='ocrx_word' id='word_1_300' title='bbox 1358 4271 1746 4333; x_wconf 87' lang='lat' dir='ltr'>honoribus</span> <span class='ocrx_word' id='word_1_301' title='bbox 1779 4291 2407 4352; x_wconf 87' lang='lat' dir='ltr'>recognoscemus;</span> <span class='ocrx_word' id='word_1_302' title='bbox 2450 4274 2507 4335; x_wconf 87' lang='lat' dir='ltr'>si</span> <span class='ocrx_word' id='word_1_303' title='bbox 2537 4294 2731 4353; x_wconf 88' lang='lat' dir='ltr'>vero,</span> <span class='ocrx_word' id='word_1_304' title='bbox 2766 4276 2955 4355; x_wconf 91' lang='lat' dir='ltr'>quod</span> <span class='ocrx_word' id='word_1_305' title='bbox 2986 4275 3193 4355; x_wconf 89' lang='lat' dir='ltr'>absit,</span> 
     </span>
     <span class='ocr_line' id='line_1_36' title="bbox 625 4377 3195 4461; baseline 0.002 -23"><span class='ocrx_word' id='word_1_306' title='bbox 625 4397 867 4438; x_wconf 90' lang='lat' dir='ltr'>eorum</span> <span class='ocrx_word' id='word_1_307' title='bbox 931 4387 1003 4438; x_wconf 90' lang='lat' dir='ltr'>et</span> <span class='ocrx_word' id='word_1_308' title='bbox 1066 4389 1311 4441; x_wconf 88' lang='lat' dir='ltr'>nostra</span> <span class='ocrx_word' id='word_1_309' title='bbox 1377 4378 1646 4440; x_wconf 91' lang='lat' dir='ltr'>monita</span> <span class='ocrx_word' id='word_1_310' title='bbox 1713 4377 1973 4458; x_wconf 78' lang='lat' dir='ltr'>exequi</span> <span class='ocrx_word' id='word_1_311' title='bbox 2041 4379 2471 4458; x_wconf 84' lang='lat' dir='ltr'>neglexerit,</span> <span class='ocrx_word' id='word_1_312' title='bbox 2536 4400 2817 4443; x_wconf 92' lang='lat' dir='ltr'>omnem</span> <span class='ocrx_word' id='word_1_313' title='bbox 2864 4401 3074 4461; x_wconf 91' lang='lat' dir='ltr'>opem</span> <span class='ocrx_word' id='word_1_314' title='bbox 3124 4393 3195 4443; x_wconf 91' lang='lat' dir='ltr'>et</span> 
     </span>
     <span class='ocr_line' id='line_1_37' title="bbox 627 4483 3195 4567; baseline 0.002 -21"><span class='ocrx_word' id='word_1_315' title='bbox 627 4503 918 4564; x_wconf 90' lang='lat' dir='ltr'>operam</span> <span class='ocrx_word' id='word_1_316' title='bbox 971 4483 1383 4566; x_wconf 91' lang='lat' dir='ltr'>impendere</span> <span class='ocrx_word' id='word_1_317' title='bbox 1435 4494 1504 4546; x_wconf 91' lang='lat' dir='ltr'>et</span> <span class='ocrx_word' id='word_1_318' title='bbox 1553 4485 1916 4563; x_wconf 83' lang='lat' dir='ltr'>adhibere,</span> <span class='ocrx_word' id='word_1_319' title='bbox 1966 4495 2179 4566; x_wconf 90' lang='lat' dir='ltr'>teque</span> <span class='ocrx_word' id='word_1_320' title='bbox 2228 4507 2361 4567; x_wconf 94' lang='lat' dir='ltr'>pro</span> <span class='ocrx_word' id='word_1_321' title='bbox 2396 4486 2662 4548; x_wconf 86' lang='lat' dir='ltr'>viribus</span> <span class='ocrx_word' id='word_1_322' title='bbox 2691 4489 2939 4567; x_wconf 89' lang='lat' dir='ltr'>juvare</span> <span class='ocrx_word' id='word_1_323' title='bbox 2978 4489 3195 4550; x_wconf 86' lang='lat' dir='ltr'>velint</span> 
     </span>
     <span class='ocr_line' id='line_1_38' title="bbox 627 4592 3193 4675; baseline 0.002 -23"><span class='ocrx_word' id='word_1_324' title='bbox 627 4600 722 4665; x_wconf 92' lang='lat' dir='ltr'>ut,</span> <span class='ocrx_word' id='word_1_325' title='bbox 774 4592 920 4672; x_wconf 90' lang='lat' dir='ltr'>ejus</span> <span class='ocrx_word' id='word_1_326' title='bbox 955 4592 1356 4656; x_wconf 87' lang='lat' dir='ltr'>temeritate</span> <span class='ocrx_word' id='word_1_327' title='bbox 1393 4593 1756 4674; x_wconf 83' lang='lat' dir='ltr'>depressa,</span> <span class='ocrx_word' id='word_1_328' title='bbox 1808 4594 2152 4656; x_wconf 86' lang='lat' dir='ltr'>adversus</span> <span class='ocrx_word' id='word_1_329' title='bbox 2183 4604 2325 4657; x_wconf 89' lang='lat' dir='ltr'>tam</span> <span class='ocrx_word' id='word_1_330' title='bbox 2374 4593 2788 4675; x_wconf 88' lang='lat' dir='ltr'>pestiferum</span> <span class='ocrx_word' id='word_1_331' title='bbox 2838 4595 3193 4658; x_wconf 84' lang='lat' dir='ltr'>hominem</span> 
     </span>
     <span class='ocr_line' id='line_1_39' title="bbox 629 4700 3187 4783; baseline 0.002 -23"><span class='ocrx_word' id='word_1_332' title='bbox 629 4700 960 4760; x_wconf 88' lang='lat' dir='ltr'>mandata</span> <span class='ocrx_word' id='word_1_333' title='bbox 1011 4709 1254 4761; x_wconf 87' lang='lat' dir='ltr'>nostra</span> <span class='ocrx_word' id='word_1_334' title='bbox 1303 4700 1566 4781; x_wconf 84' lang='lat' dir='ltr'>exequi</span> <span class='ocrx_word' id='word_1_335' title='bbox 1615 4703 1859 4763; x_wconf 88' lang='lat' dir='ltr'>valeas</span> <span class='ocrx_word' id='word_1_336' title='bbox 1876 4749 1894 4782; x_wconf 86' lang='lat'><em>‚</em></span> <span class='ocrx_word' id='word_1_337' title='bbox 1962 4702 2330 4783; x_wconf 88' lang='lat' dir='ltr'>cupientes</span> <span class='ocrx_word' id='word_1_338' title='bbox 2380 4713 2451 4764; x_wconf 90' lang='lat' dir='ltr'>et</span> <span class='ocrx_word' id='word_1_339' title='bbox 2501 4712 2768 4765; x_wconf 88' lang='lat' dir='ltr'>tantam</span> <span class='ocrx_word' id='word_1_340' title='bbox 2818 4703 3049 4764; x_wconf 90' lang='lat' dir='ltr'>labem</span> <span class='ocrx_word' id='word_1_341' title='bbox 3102 4723 3187 4764; x_wconf 82' lang='lat' dir='ltr'>ex</span> 
     </span>
     <span class='ocr_line' id='line_1_40' title="bbox 627 4804 3189 4888; baseline 0.002 -22"><span class='ocrx_word' id='word_1_342' title='bbox 627 4804 950 4886; x_wconf 87' lang='lat' dir='ltr'>partibus</span> <span class='ocrx_word' id='word_1_343' title='bbox 1018 4804 1156 4868; x_wconf 90' lang='lat' dir='ltr'>illis</span> <span class='ocrx_word' id='word_1_344' title='bbox 1223 4807 1605 4886; x_wconf 88' lang='lat' dir='ltr'>eradicari,</span> <span class='ocrx_word' id='word_1_345' title='bbox 1675 4817 1744 4870; x_wconf 90' lang='lat' dir='ltr'>et</span> <span class='ocrx_word' id='word_1_346' title='bbox 1808 4827 1893 4870; x_wconf 88' lang='lat' dir='ltr'>ea</span> <span class='ocrx_word' id='word_1_347' title='bbox 1948 4807 2254 4871; x_wconf 83' lang='lat' dir='ltr'>infectos</span> <span class='ocrx_word' id='word_1_348' title='bbox 2303 4808 2565 4888; x_wconf 83' lang='lat' dir='ltr'>corrigi</span> <span class='ocrx_word' id='word_1_349' title='bbox 2615 4829 2697 4871; x_wconf 91' lang='lat' dir='ltr'>ac</span> <span class='ocrx_word' id='word_1_350' title='bbox 2748 4829 3025 4873; x_wconf 90' lang='lat' dir='ltr'>errores</span> <span class='ocrx_word' id='word_1_351' title='bbox 3072 4811 3189 4872; x_wconf 88' lang='lat' dir='ltr'>hu·</span> 
     </span>
     <span class='ocr_line' id='line_1_41' title="bbox 621 4911 3195 4998; baseline 0.002 -24"><span class='ocrx_word' id='word_1_352' title='bbox 621 4913 924 4995; x_wconf 87' lang='lat' dir='ltr'>jusmodi</span> <span class='ocrx_word' id='word_1_353' title='bbox 993 4911 1360 4994; x_wconf 83' lang='lat' dir='ltr'>extirpari,</span> <span class='ocrx_word' id='word_1_354' title='bbox 1432 4925 1503 4977; x_wconf 89' lang='lat' dir='ltr'>et</span> <span class='ocrx_word' id='word_1_355' title='bbox 1570 4925 1975 4997; x_wconf 89' lang='lat' dir='ltr'>opportuna</span> <span class='ocrx_word' id='word_1_356' title='bbox 2024 4917 2341 4980; x_wconf 90' lang='lat' dir='ltr'>remedia</span> <span class='ocrx_word' id='word_1_357' title='bbox 2391 4917 2748 4997; x_wconf 88' lang='lat' dir='ltr'>adhiberi,</span> <span class='ocrx_word' id='word_1_358' title='bbox 2816 4927 3195 4998; x_wconf 84' lang='lat' dir='ltr'>antequam</span> 
     </span>
    </p>
   </div>
   <div class='ocr_carea' id='block_1_3' title="bbox 3562 1166 3565 4020">
    <p class='ocr_par' dir='ltr' id='par_1_3' title="bbox 3562 1166 3565 4020">
     <span class='ocr_line' id='line_1_42' title="bbox 3562 1166 3565 4020; baseline 0 0"><span class='ocrx_word' id='word_1_359' title='bbox 3562 1166 3565 4020; x_wconf 95' lang='lat' dir='ltr'> </span> 
     </span>
    </p>
   </div>
  </div>
 </body>
</html>
