3575 5775
1434 610 1928 667 0-43453{:>—0

404 745 775 810 Dominum
805 749 1253 816 Cardinalem
1280 755 1746 822 Leodiensem
1768 760 2122 839 prefatum
2153 763 2283 826 hiis
2328 764 2396 826 in
2432 767 2816 848 provinciis
2847 791 2966 851 gu-

402 855 966 920 bernationimee
984 860 1289 935 creditis,
1304 864 2006 944 superintendentem
2027 878 2098 931 et
2114 871 2532 953 precipuum
2551 874 2756 938 huius
2775 886 2966 939 secte

402 972 873 1027 correctorem
922 967 1351 1049 prefecerat,
1402 993 1693 1054 sumque
1746 984 2139 1055 expectans
2189 988 2262 1038 ut
2311 999 2442 1059 par
2491 993 2599 1043 est
2647 981 2966 1046 iussioni-

402 1069 531 1130 bus
581 1068 725 1134 Sue
774 1071 1171 1137 Maiestatis
1222 1087 1297 1138 ut
1343 1097 1656 1158 paream,
1708 1101 1838 1156 nec
1887 1081 2167 1172 interim
2218 1085 2593 1149 obmictam
2645 1110 2828 1170 quae
2877 1091 2966 1154 ad

398 1175 947 1258 extirpationem
996 1181 1182 1246 illius
1216 1185 1593 1249 maledicte
1644 1199 1713 1251 et
1762 1189 2013 1252 rabide
2061 1201 2252 1254 secte
2299 1193 2612 1257 actinent
2660 1196 2968 1261 fideliter

399 1283 825 1367 adimplere,
889 1299 964 1348 ut
1012 1289 1233 1354 lacius
1280 1291 1357 1354 E.
1411 1290 1483 1356 S.
1536 1293 1622 1357 V.
1674 1298 1765 1358 ab
1834 1285 2086 1360 illust'ri
2143 1300 2342 1363 Duce
2392 1304 2480 1365 de
2531 1302 2710 1366 Sesa
2775 1306 2966 1386 apud
3042 1356 3045 1357 ν

400 1389 927 1456 Beatitudinem
956 1395 1285 1460 Vestram
1314 1397 1623 1464 Cesareo
1651 1413 1936 1465 oratore
1963 1405 2334 1487 intelliget,
2359 1409 2469 1471 cui
2498 1411 2778 1474 nomine
2803 1433 2961 1476 meo

400 1495 609 1560 fidem
647 1498 1009 1564 indubiam
1047 1505 1418 1597 prestabit.
1457 1508 1761 1589 Rogans
1795 1511 2024 1573 Deum
2063 1510 2662 1599 Omnipotentem,
2699 1528 2775 1581 ut
2805 1538 2966 1583 ean·

400 1605 560 1667 dem
596 1603 1065 1672 Sanctitatem
1103 1610 1431 1676 Vestram
1474 1614 1545 1676 in
1586 1617 1798 1680 terris
1842 1619 2222 1700 longevam
2271 1621 2490 1686 faciat
2539 1633 2609 1686 et
2657 1624 2958 1688 felicem.

576 1730 687 1794 Ex
735 1733 1116 1800 Mechlinia
1172 1737 1351 1800 XV⁸
1398 1739 1543 1802 Mai
1592 1763 1779 1806 anno
1829 1743 2229 1808 MDXXV.

826 1857 905 1922 E.
956 1857 1029 1924 S.
1078 1860 1168 1925 V.

1138 1987 1457 2038 Humillima
1494 1997 1547 2039 et
1584 1993 1775 2042 devota
1813 1993 1923 2042 filia
1961 1995 2344 2045 Archiducissa
2382 1999 2664 2060 Austriae,
2707 2002 2933 2050 Ducissa

1309 2084 1359 2126 et
1399 2081 1680 2130 comitissa
1718 2085 2056 2146 Burgundiae
2098 2085 2275 2134 Vidua
2311 2087 2579 2136 Sabaudie
2617 2097 2718 2138 etc.

1821 2170 2183 2244 latuerim.

1597 2347 1739 2359 tta-Mt
1750 2347 1880 2360 ΝΜΝ

1612 2580 1763 2646 209.

916 2689 1307 2792 Episcopus
1364 2694 1830 2776 Tridentinus
1886 2697 2231 2778 Clementi
2263 2698 2444 2781 'VIL

509 2834 649 2907 (Sub
684 2837 963 2897 clemente
993 2839 1117 2897 vn.
1154 2839 1389 2900 Lettere
1433 2841 1493 2901 cli
1533 2843 1747 2901 diversi
1781 2845 2027 2918 Prinoipi
2077 2852 2138 2904 et·
2176 2846 2332 2905 altri.
2375 2847 2518 2907 1525.
2557 2847 2685 2922 fogl.
2730 2851 2865 2922 124.)

1432 2962 1542 3029 (18.
1583 2965 1715 3013 Maii
1758 2964 1933 3029 1525.)

584 3102 1003 3166 Beatissime
1056 3106 1271 3168 Pater
1319 3106 1621 3169 Domine
1673 3108 2186 3171 Colendissime
2255 3118 2418 3191 post
2479 3110 2742 3190 pedum
2794 3112 2966 3173 Bea-

414 3222 633 3275 torum
685 3214 925 3275 oscula
975 3214 1433 3276 humillimam
1482 3217 2168 3279 commendationem
2217 3226 2348 3279 etc.

584 3337 695 3399 Ex
743 3338 1085 3401 'I'ridento
1137 3340 1470 3402 admonui
1518 3350 1830 3403 vestram
1881 3341 2407 3405 Beatitudinem
2473 3342 2560 3405 de
2611 3342 2966 3407 seditioni-

414 3447 539 3507 bus
586 3444 1005 3507 rusticorum
1057 3446 1316 3509 dudum
1352 3468 1481 3529 per
1513 3446 1968 3511 Germaniam
2018 3450 2348 3529 subortiS,
2399 3450 2588 3531 quod
2625 3469 2846 3531 usque
2879 3450 2970 3511 ad

414 3552 794 3631 Brixinam,
839 3551 1097 3615 deinde
1134 3556 1221 3615 ad
1254 3552 1769 3634 patriamhanc
1799 3555 2118 3619 Atthesis
2146 3564 2675 3638 penetrassent:
2711 3557 2964 3619 scribe·

413 3662 571 3723 bam
599 3660 806 3723 etiam
838 3682 1012 3743 quas
1034 3661 1315 3741 caedeS,
1345 3681 1523 3742 quas
1550 3664 1896 3725 bonorum
1931 3662 2371 3744 direptiones
2422 3673 2565 3726 tum
2617 3664 2705 3725 ad
2732 3663 2970 3727 Eccle-

418 3768 550 3833 sias
575 3779 721 3831 tum
743 3770 834 3830 ad
862 3768 1157 3831 Nobiles
1185 3778 1616 3851 spectantes,
1641 3770 1765 3832 illa
1788 3778 2021 3832 turma
2041 3774 2496 3849 tumultuans,
2528 3781 2599 3831 et
2623 3769 2972 3832 intulisset

417 3878 764 3958 pluribus»,
815 3886 887 3939 et
932 3876 999 3937 in
1051 3877 1431 3957 plerosque
1482 3876 1983 3958 commisisset,
2043 3889 2113 3939 et
2184 3898 2338 3941 cum
2415 3876 2770 3958 pollicitus
2840 3876 2970 3939 sim

418 3983 689 4067 singula
782 3986 1079 4066 posthac
1156 3993 1459 4045 ventura
1537 3984 2022 4067 perscribere,
2116 3984 2325 4046 velim
2417 3984 2689 4046 interea
2780 3983 2971 4045 illam

422 4112 548 4153 non
601 4093 851 4167 latere,
927 4110 1347 4171 quecunque
1419 4091 1668 4172 scripsi
1719 4101 2005 4174 praeter
2072 4092 2429 4154 hominum
2502 4090 2799 4171 caedes,
2873 4090 2974 4153 ita

420 4198 821 4281 contigisse,
871 4218 1081 4279 quum
1134 4197 1428 4279 singulis
1479 4198 1956 4279 MonasteriiS,
2007 4211 2077 4260 et
2125 4197 2415 4280 reliquis
2465 4197 2785 4260 ecclesiis
2815 4218 2970 4279 par·

420 4306 842 4369 rochialibus
889 4308 1079 4367 bona
1141 4305 1509 4386 rapuerint
1568 4316 1639 4369 et
1701 4306 2266 4387 asportaverint,
2337 4304 2696 4367 Nobilium
2769 4326 2974 4368 arces

422 4412 820 4492 invaserint,
872 4422 942 4475 et
992 4412 1366 4493 depredati
1410 4412 1573 4483 sint;
1626 4434 1856 4494 neque
1906 4433 1980 4475 se
2029 4422 2428 4495 temperant
2477 4432 2518 4474 a
2565 4431 2976 4495 progressu,

422 4521 590 4585 haec
638 4522 848 4584 modo
899 4522 1037 4599 uni,
1088 4521 1299 4583 modo
1350 4519 1555 4583 alteri
1588 4518 1916 4583 accidere
1967 4520 2412 4591 nuntiantur;
2462 4539 2594 4582 nec
2631 4526 2738 4581 est
2787 4521 2976 4601 quod

425 4627 617 4708 primi
664 4629 766 4692 illi
818 4628 935 4711 qui
982 4630 1049 4690 in
1102 4629 1405 4709 patriam
1457 4628 1637 4689 hanc
1689 4635 2168 4710 pervenerunt
2215 4626 2351 4688 hoc
2402 4625 2751 4689 audentes
2767 4674 2786 4707 ,
2835 4647 2974 4690 om·

428 4734 533 4798 nia
578 4736 706 4800 soli
758 4743 1139 4817 peragant,
1209 4735 1333 4797 sed
1394 4734 1833 4814 singularum
1879 4732 2440 4796 iurisdictionum
2488 4732 2812 4796 subditos
2860 4753 2976 4796 ex-

429 4842 667 4915 citant:
720 4844 911 4923 quod
960 4842 1095 4924 ipsi
1144 4843 1322 4904 haec
1374 4844 1623 4905 eadem
1672 4862 1804 4922 per
1849 4843 2009 4904 loca
2058 4861 2204 4921 sua,
2257 4840 2376 4903 ubi
2408 4840 2685 4903 nobiles
2736 4848 2974 4922 agunt,

430 4958 493 5012 et
535 4948 894 5015 Ecclesiae
944 4948 1416 5032 reperiuntur,
1467 4947 1934 5030 adimpleant,
2001 4957 2073 5010 et
2118 4947 2370 5011 mirum
2419 4957 2554 5029 est,
2606 4966 2814 5031 quam
2878 4948 2974 5011 fa-
