3575 5775
1318 573 1582 633 0—<1399
1661 571 1778 632 ΞΜ)

271 724 544 787 fessarsi
597 734 667 788 et
716 726 1238 787 novellamente
1271 724 1345 786 in
1378 733 1630 805 questa
1659 733 1852 788 terra
1886 733 2050 805 post
2082 727 2465 786 adventum
2498 722 2827 786 Caesaris

272 832 540 912 quidam
603 831 989 894 canonicus
1046 841 1120 894 et
1179 839 1417 893 custos
1465 831 1835 895 Ecclesiae
1884 831 2113 894 sancti
2160 831 2453 894 Martini
2502 829 2824 893 Worrna-

273 938 537 1019 nensis,
606 939 820 1002 homo
884 939 1236 1021 prudente
1286 947 1356 1001 et
1401 938 1936 1019 honestissimo,
2000 939 2185 1000 hami
2246 940 2443 1001 detto
2494 940 2581 1000 de
2631 945 2827 1000 certo

273 1047 388 1106 che
433 1065 528 1108 un
579 1047 854 1127 grande
903 1067 978 1108 se
1029 1046 1064 1108 ὲ
1116 1045 1214 1108 ito
1265 1067 1308 1107 a
1355 1045 1725 1109 confessar
1774 1046 1847 1108 di
1895 1055 2193 1128 peccato
2246 1045 2318 1108 di
2365 1046 2649 1109 luxuria
2692 1065 2825 1107 con

271 1173 394 1214 una
440 1155 682 1216 donna
727 1154 815 1216 ne
861 1153 1005 1216 mai
1050 1155 1143 1216 ha
1189 1154 1436 1217 voluto
1485 1152 1863 1234 specificar
1910 1173 1987 1216 se
2022 1153 2341 1235 vergine,
2392 1173 2469 1216 se
2501 1161 2827 1233 uxorata,

272 1281 335 1321 se
379 1270 700 1342 parente,
751 1270 823 1324 et
871 1280 1012 1323 non
1061 1261 1445 1323 volendolo
1494 1261 1902 1340 absolvere,
1954 1259 2143 1322 disse
2194 1263 2325 1322 che
2375 1280 2498 1322 era
2546 1262 2826 1323 absolto

273 1368 351 1428 da
395 1367 535 1429 Dio
601 1376 671 1430 et
733 1370 866 1430 che
932 1367 1623 1431 sanctissimamente
1687 1365 1833 1430 cosi
1888 1367 2286 1449 insegnava
2335 1367 2622 1431 Luther.
2716 1367 2828 1430 De

271 1475 488 1554 questi
517 1475 815 1537 monstri
849 1495 938 1537 ne
971 1475 1210 1556 saprei
1246 1476 1517 1537 scriver
1545 1475 1595 1536 li
1628 1474 1944 1556 meliara,
1993 1497 2107 1538 rna
2138 1495 2280 1537 non
2312 1475 2557 1556 voglio
2590 1478 2830 1538 buttar

272 1582 378 1642 via
427 1583 513 1644 ne
565 1583 812 1643 charta
860 1582 947 1644 ne
999 1591 1261 1664 tempo,

433 1688 518 1750 Li
568 1688 955 1752 Lutherani
1022 1690 1196 1772 ogni
1261 1689 1334 1752 di
1395 1689 1710 1771 pioveno
1762 1690 1929 1754 libri
1978 1689 2197 1752 nuovi
2245 1693 2301 1753 si
2350 1689 2421 1752 in
2472 1689 2826 1752 Alemano

272 1815 456 1858 come
505 1796 579 1859 in
626 1796 868 1878 latino,
919 1807 989 1858 et
1037 1806 1302 1860 tenono
1338 1798 1458 1879 qui
1489 1817 1630 1862 uno
1665 1798 2133 1878 impressore,
2199 1799 2384 1860 dove
2416 1797 2557 1860 mai
2590 1795 2830 1859 avanti

270 1901 332 1964 fu
391 1903 514 1985 piu
577 1905 676 1966 tal
723 1904 1070 1983 mestieri,
1133 1904 1222 1966 ne
1273 1905 1332 1966 si
1381 1905 1715 1967 vendono
1765 1903 1925 1967 altri
1976 1904 2139 1966 libri
2188 1909 2327 1986 qui,
2378 1907 2510 1966 che
2560 1905 2649 1966 de
2699 1903 2829 1964 Lu-

271 2011 448 2090 ther,
517 2011 735 2073 etiam
799 2013 870 2074 in
926 2013 1089 2074 aula
1139 2010 1456 2093 CesariS,
1519 2014 1651 2074 che
1699 2013 1734 2074 ὲ
1787 2031 1957 2074 cosa
2005 2013 2357 2092 stupenda
2406 2031 2605 2074 come
2654 2030 2831 2073 sono

269 2117 454 2197 uniti,
505 2129 578 2180 et
623 2129 949 2198 trovano,
998 2118 1070 2181 in
1121 2121 1399 2182 cumulo
1449 2119 1733 2193 danari;
1785 2140 1875 2182 ne
1909 2120 1967 2181 si
2004 2119 2053 2180 li
2084 2122 2249 2200 pole
2285 2120 2457 2182 dare
2487 2117 2829 2197 remedio,

269 2223 400 2286 fino
448 2227 582 2288 che
627 2225 1016 2290 habbiamo
1066 2227 1114 2288 li
1161 2227 1476 2290 mandati
1526 2227 1868 2308 expediti,
1920 2228 1986 2289 al
2032 2228 2164 2289 che
2198 2247 2418 2289 ancor
2446 2227 2577 2289 che
2610 2224 2833 2288 Cesar

271 2331 500 2393 habbii
552 2332 623 2394 in
669 2334 888 2412 pleno
919 2334 1216 2395 consilio
1252 2333 1766 2414 commandatO,
1816 2335 2199 2396 tuttavolta
2233 2355 2313 2397 ce
2344 2332 2732 2415 impedisce
2762 2333 2831 2394 la

273 2439 722 2520 expeditione
772 2439 820 2500 li
868 2439 1124 2520 favori,
1175 2441 1305 2503 che
1357 2450 1543 2503 sotto
1592 2460 1753 2503 man
1807 2441 1899 2503 da
1948 2441 1994 2502 il
2044 2441 2249 2502 Duca
2298 2441 2368 2502 di
2420 2437 2741 2502 Saxonia
2788 2460 2831 2500 a

273 2545 608 2626 LutherO,
658 2549 730 2609 la
775 2546 980 2609 rabia
1030 2547 1103 2609 di
1149 2547 1313 2610 tutti
1359 2547 1685 2630 Principi
1734 2547 1806 2610 di
1858 2546 2271 2629 Germania,
2341 2549 2472 2611 che
2537 2547 2829 2610 eridano

271 2671 308 2712 a
345 2653 558 2715 Cesar
607 2663 859 2715 contra
907 2654 979 2716 di
1030 2655 1167 2735 noi,
1219 2656 1285 2717 18
1335 2655 1679 2735 consulte,
1729 2655 1803 2717 in
1851 2657 1917 2717 le
1968 2656 2159 2737 quali
2208 2655 2450 2718 invitis
2500 2655 2831 2718 dentibus

271 2760 453 2840 meiS,
498 2781 612 2823 me
660 2762 900 2823 hanno
934 2761 1222 2823 tandem
1258 2770 1554 2842 gettatO,
1607 2772 1675 2824 et
1716 2782 1851 2844 pur
1884 2783 2100 2825 ancor
2130 2765 2195 2826 el
2231 2763 2406 2844 diro,
2458 2763 2521 2824 el
2553 2761 2827 2824 defetto

272 2867 360 2929 dil
410 2868 677 2931 danaro
729 2869 820 2930 da
870 2888 1100 2951 unger
1147 2870 1213 2932 le
1262 2869 1452 2933 mani
1501 2869 1730 2953 primo
1789 2892 1833 2933 a
1888 2872 2189 2953 qualche
2247 2869 2643 2950 secretarii,
2710 2869 2829 2951 poi

272 2976 384 3037 alli
429 2977 636 3039 sbirri
687 2975 760 3038 in
810 2976 1184 3057 exequirli.
1261 2976 1409 3039 Pur
1457 2978 1627 3060 ogni
1675 2980 1855 3040 hora
1889 2998 2062 3042 sono
2096 2997 2462 3061 appreSSO,
2514 2987 2583 3040 et
2630 2976 2830 3037 accio

273 3102 406 3144 non
450 3104 524 3145 se
575 3085 920 3145 excusino
967 3102 1100 3164 per
1131 3085 1198 3146 le
1233 3087 1414 3148 altre
1446 3085 1898 3166 occupationi
1950 3085 2027 3149 Io
2072 3084 2459 3149 medesimo
2506 3085 2599 3145 ho
2648 3103 2825 3145 com-

273 3198 468 3268 posto
512 3191 580 3252 le
629 3190 898 3253 minute
948 3191 1186 3273 latine,
1235 3194 1303 3255 le
1353 3192 1542 3272 quali
1596 3193 1715 3275 poi
1761 3214 1837 3255 se
1868 3194 2107 3255 hanno
2139 3213 2181 3255 a
2213 3192 2323 3255 far
2356 3192 2426 3254 in
2458 3191 2831 3269 AlemanO,

274 3297 387 3377 poi
435 3299 562 3360 che
613 3318 924 3361 saranno
976 3301 1440 3381 comprobate
1487 3320 1618 3382 per
1667 3300 1716 3362 il
1766 3301 2102 3379 conseliO,
2152 3301 2223 3361 al
2273 3301 2403 3362 che
2451 3318 2564 3361 me
2594 3299 2831 3359 hanno

275 3404 434 3467 dato
477 3404 573 3468 fin
623 3406 746 3487 qui
793 3405 894 3469 X.
944 3408 1286 3486 consulte,
1339 3418 1409 3469 et
1457 3410 1782 3489 besogna
1824 3426 2228 3489 congregar
2259 3406 2555 3469 insieme
2590 3424 2835 3469 conse·

275 3510 422 3574 lieri
469 3512 540 3573 di
587 3521 770 3575 tutte
805 3512 1100 3575 Nationi
1149 3512 1456 3577 subiette
1507 3514 1598 3575 ad
1635 3514 1873 3592 Cesar,
1925 3516 2055 3577 che
2106 3515 2141 3577 ὲ
2191 3535 2332 3577 una
2381 3510 2608 3595 fatiga
2658 3512 2831 3576 into-

277 3618 558 3683 lerabile
603 3622 696 3682 ad
747 3620 1106 3694 adunarli;
1157 3630 1226 3683 et
1260 3622 1380 3703 poi
1417 3622 1704 3683 tandem
1743 3624 2027 3703 quando
2064 3642 2239 3685 sono
2276 3620 2632 3685 daccordo
2666 3618 2832 3682 delli

275 3728 576 3789 mandati
633 3726 1074 3790 referiscono
1133 3728 1201 3790 al
1257 3727 1602 3809 conselio,
1671 3730 1858 3791 dove
1917 3750 1993 3791 se
2053 3730 2223 3791 novi
2282 3726 2709 3809 conseglieri
2758 3746 2833 3789 se

278 3834 676 3914 abbattenO,
727 3836 862 3897 che
895 3854 1036 3897 non
1071 3834 1253 3897 siino
1289 3834 1457 3897 stati
1505 3835 1574 3897 al
1622 3836 1851 3917 primo
1904 3835 2291 3918 consegliO,
2340 3837 2599 3897 voleno
2638 3832 2831 3914 ogni-

279 3958 409 4001 uno
453 3952 754 4004 mostrar
803 3943 868 4004 el
917 3942 1150 4023 perito
1201 3952 1273 4005 et
1319 3941 1727 4025 aggiugner
1774 3964 1817 4005 o
1869 3943 2231 4024 diminuit,
2281 3953 2353 4007 et
2401 3943 2489 4004 de
2540 3961 2726 4003 novo
2775 3940 2837 4001 si

281 4046 458 4109 dano
491 4049 978 4129 commissarii,
1013 4052 1068 4111 sl
1105 4051 1237 4112 che
1267 4051 1334 4112 le
1369 4052 1687 4112 consulte
1714 4049 1780 4112 le
1814 4051 2006 4132 quali
2042 4070 2321 4131 sempre
2356 4051 2448 4111 da
2481 4046 2833 4131 principio

281 4154 368 4215 ho
413 4155 690 4238 suggito
737 4156 834 4219 mi
882 4176 1216 4239 vengano
1266 4157 1548 4238 ados50,
1595 4156 1770 4220 volii
1818 4177 1859 4220 0
1909 4178 2053 4220 non
2100 4157 2295 4219 volii.
2385 4155 2697 4217 Adcedit
2745 4155 2837 4216 ad

287 4260 350 4320 id
399 4264 519 4325 che
567 4264 613 4326 li
665 4264 1034 4326 secretarii
1084 4266 1216 4327 che
1263 4266 1502 4327 hanno
1551 4284 1595 4325 a
1639 4274 1871 4327 mutar
1920 4265 1970 4326 il
2016 4265 2353 4326 mandato
2410 4262 2480 4325 in
2530 4262 2836 4325 Almano

287 4388 446 4431 sono
474 4370 1079 4452 Lutheranissimi,
1130 4381 1250 4434 aut
1284 4374 1536 4434 saltem
1585 4371 1852 4433 inimici
1903 4370 1973 4432 di
2004 4371 2242 4434 Roma
2276 4390 2489 4450 sopra
2527 4370 2836 4448 modum,

289 4476 410 4538 che
449 4498 556 4541 me
603 4478 1129 4559 stropiarannO,
1181 4491 1251 4541 et
1283 4478 1422 4542 Dio
1473 4500 1552 4541 sa
1602 4498 1820 4558 come,
1875 4493 1947 4541 et
1997 4476 2117 4561 poi
2150 4478 2438 4539 tandem
2488 4478 2617 4538 che
2654 4484 2837 4537 tutto

289 4584 436 4645 sara
477 4584 654 4648 fatto
711 4606 852 4648 non
909 4588 1002 4649 ho
1062 4586 1311 4648 danari
1370 4588 1461 4647 da
1517 4582 1699 4648 farlo
1758 4585 2151 4668 imprimer,
2220 4596 2291 4648 et
2352 4584 2481 4646 dar
2536 4583 2838 4664 qualche

291 4708 444 4752 cosa
489 4712 616 4773 per
664 4692 838 4755 forsi
889 4703 1098 4755 cento
1147 4692 1364 4776 sigilli
1414 4696 1547 4756 che
1600 4691 1748 4756 cosi
1797 4692 2053 4755 dicono
2104 4694 2235 4755 che
2286 4712 2361 4755 se
2409 4690 2762 4753 rechiede.

455 4798 697 4881 Itaque
745 4819 886 4881 quo
933 4822 1046 4863 me
1093 4810 1367 4863 vertam
1415 4800 1689 4883 nesciO,
1741 4810 1812 4865 et
1858 4819 2036 4883 pure
2087 4802 2123 4863 ὲ
2175 4798 2343 4880 cosi,
2398 4800 2528 4863 che
2575 4798 2715 4860 mai
2762 4797 2839 4859 fu

294 4902 460 4967 vista
488 4909 579 4969 tal
625 4906 1064 4989 confusione,
1113 4929 1202 4971 ne
1251 4910 1344 4971 ho
1395 4928 1759 4993 speranza,
1810 4928 1900 4969 ne
1933 4928 2221 4971 recorso
2257 4910 2512 4970 alcuno
2547 4905 2589 4967 a
2623 4904 2839 4989 quelli

2458 5012 2519 5071 7*
