3575 5775
1672 567 2165 624 &Hesp-0

638 734 806 776 cosa
868 713 1046 794 sapii
1112 716 1349 795 quella
1401 717 1532 777 che
1582 726 1920 796 questoro
1972 735 2149 777 sono
2198 720 2341 778 cosi
2395 714 2749 796 imp-acciti
2803 717 2935 778 che
2983 717 3205 779 fanno

639 821 908 904 peggio
975 824 1103 883 che
1167 831 1433 903 poteno
1485 833 1751 903 quanto
1803 820 1920 904 piu
1972 822 2250 904 grande
2300 821 2335 886 ὲ
2387 821 2498 885 chi
2550 823 2641 886 da
2686 821 2929 885 Roma
2976 823 3207 901 viene,

640 929 1014 1010 presertim
1064 950 1195 1011 per
1243 950 1452 993 nome
1501 931 1618 993 del
1667 931 1893 1013 Papa.

817 1036 929 1098 De
975 1037 1272 1102 mandar
1321 1038 1529 1100 alcun
1569 1037 1752 1101 altro
1801 1059 1944 1102 non
1980 1036 2362 1114 cardinale,
2412 1037 2514 1100 sel
2545 1035 2707 1100 sisa
2738 1038 3001 1119 perche
3033 1037 3077 1100 1’
3106 1037 3213 1100 usi

639 1142 757 1225 piu
809 1141 973 1205 fede
1025 1153 1096 1206 et
1145 1143 1519 1226 diligentia
1566 1146 1695 1208 che
1746 1143 1830 1208 sii
1880 1155 1991 1210 sta
2038 1144 2136 1208 fin
2184 1147 2301 1226 qul
2352 1161 2483 1226 per
2529 1163 2641 1206 me
2689 1154 2895 1206 usata
2942 1154 3013 1209 et
3060 1164 3211 1208 usa—

640 1248 801 1331 rasi,
852 1259 1046 1312 certo
1095 1271 1226 1334 per
1271 1253 1372 1314 tal
1421 1271 1635 1315 causa
1683 1274 1824 1316 non
1875 1256 2221 1334 besogna,
2286 1261 2359 1314 et
2407 1249 2476 1313 di
2526 1251 2635 1314 cio
2686 1272 2828 1314 non
2878 1273 2968 1315 ne
3020 1253 3211 1315 volio

641 1359 822 1420 altro
871 1357 1272 1422 testimonio
1323 1359 1454 1422 che
1505 1361 1575 1422 di
1626 1359 1805 1423 tanti
1856 1357 2126 1423 italiani
2168 1374 2240 1422 et
2272 1358 2605 1440 spagnoli
2636 1359 2765 1421 che
2797 1379 2875 1422 se
2906 1369 3212 1422 trovano

641 1465 710 1526 in
762 1474 1014 1546 questa
1061 1465 1309 1547 Dieta,
1368 1467 1522 1530 diro
1596 1488 1729 1549 pur
1779 1470 2004 1530 anche
2056 1465 2128 1528 di
2177 1465 2315 1528 essi
2364 1463 2596 1528 istessi
2646 1466 2949 1528 alemani
3000 1466 3215 1529 etiam

641 1573 1054 1654 adversarii,
1104 1573 1154 1636 li
1204 1574 1395 1654 quali
1443 1595 1577 1656 pur
1626 1583 1887 1656 troppo
1936 1573 1996 1636 si
2045 1575 2451 1636 lamentano
2500 1573 2690 1634 della
2737 1572 2877 1636 mia
2925 1572 3091 1636 fede
3140 1585 3213 1636 et

643 1678 1050 1761 diligentia,
1115 1680 1446 1743 vedendo
1511 1681 1553 1743 l'
1591 1681 1839 1744 effetto
1906 1682 2093 1745 delle
2158 1683 2395 1742 buone
2461 1678 2863 1760 operationi
2916 1699 3047 1760 per
3098 1701 3211 1744 me

643 1786 822 1849 fatte
869 1785 965 1848 fin
1017 1787 1110 1848 da
1156 1787 1527 1872 principio,
1580 1798 1650 1851 et
1699 1789 1937 1870 quello
1988 1789 2120 1851 che
2169 1807 2300 1868 per
2344 1787 2514 1867 ogni
2544 1787 2783 1848 buona
2816 1785 3213 1849 coniettura

645 1893 702 1956 si
765 1893 908 1974 puo
971 1892 1244 1957 iudicat
1299 1896 1430 1958 che
1478 1894 1547 1958 io
1597 1891 1680 1958 sii
1729 1916 1859 1976 per
1908 1904 2189 1957 ottener
2237 1893 2478 1956 avanti
2528 1895 2657 1955 che
2707 1892 2774 1955 io
2825 1894 3009 1977 parti
3060 1916 3103 1957 o
3152 1894 3211 1955 si

645 1999 908 2064 resolvi
956 2001 1026 2063 la
1073 1999 1292 2074 dieta;
1343 2005 1398 2063 sl
1450 2003 1580 2064 che
1629 2012 1898 2084 quanto
1948 2023 1991 2064 a
2038 2001 2147 2064 cio
2180 1997 2327 2063 Sua
2358 1997 2635 2062 Santita
2684 2011 2756 2063 et
2790 2001 2876 2063 V.
2914 2001 2983 2063 S.
3022 2001 3214 2064 Rma

648 2129 736 2171 ne
799 2106 1008 2170 stiino
1074 2107 1163 2170 de
1211 2109 1404 2170 buon
1452 2105 1688 2172 animo
1739 2116 1811 2171 et
1859 2129 2000 2170 non
2050 2106 2427 2171 manchino
2477 2106 2545 2168 di
2596 2108 2893 2170 mandar
2938 2109 3005 2170 le
3054 2129 3213 2190 pro·

647 2213 904 2279 visioni
953 2213 1197 2278 debite
1247 2213 1436 2296 quali
1484 2235 1930 2294 recercamO,
1995 2217 2125 2278 che
2174 2234 2388 2295 spero
2440 2233 2481 2276 o
2533 2215 2664 2276 che
2716 2215 3004 2278 tandem
3059 2217 3217 2278 har-

649 2342 843 2385 remo
891 2321 935 2386 l'
971 2322 1268 2402 intentO,
1318 2344 1360 2385 o
1410 2323 2031 2387 manifestamente
2086 2323 2143 2386 si
2193 2322 2633 2404 cognoscera
2680 2341 2813 2404 per
2856 2321 2907 2385 il
2954 2323 3219 2385 mundo

648 2450 790 2493 non
841 2450 1036 2492 esser
1083 2439 1410 2492 mancato
1460 2430 1546 2493 ne
1596 2431 1690 2493 da
1723 2429 1872 2494 Sua
1906 2429 2183 2494 Santita
2232 2431 2319 2493 ne
2370 2429 2486 2491 dai
2533 2428 2833 2492 ministri
2876 2431 3029 2493 suoi
3062 2427 3218 2492 fare

651 2538 698 2600 il
764 2535 1029 2601 debite.
1123 2536 1316 2599 Baso
1379 2538 1837 2601 humilmente
1901 2539 2001 2620 gli
2062 2535 2257 2619 piedi
2316 2536 2385 2599 di
2436 2536 2507 2600 S.
2560 2536 2837 2599 Santita
2887 2548 2958 2600 et
3006 2536 3078 2599 di
3127 2537 3217 2598 V.

652 2643 724 2708 S.
773 2645 968 2708 Rma
1014 2647 1082 2708 le
1132 2664 1334 2708 sacre
1381 2645 1590 2708 mani.
1684 2645 2155 2708 Wormatiae.

1731 2859 2053 2871 man-xrs·-
2066 2861 2075 2864 -
2092 2861 2100 2864 -
2138 2861 2143 2866 ι

1882 3112 1991 3177 42.

1231 3228 1799 3309 Deliberationes
1855 3227 1935 3307 in
1990 3227 2276 3329 negotio
2332 3226 2649 3309 Lutheri.

1559 3373 1732 3445 (Aeta
1766 3372 2037 3434 wemno.
2072 3374 2163 3433 fol.
2200 3374 2308 3443 86.)

835 3508 1008 3569 Post
1072 3507 1360 3589 longam
1409 3504 1595 3567 inter
1642 3500 1959 3565 Nuncios
2007 3498 2385 3584 pontificiS,
2435 3513 2507 3564 et
2554 3522 2889 3585 magnum
2938 3502 3225 3565 Cancel-

655 3610 936 3696 larium,
1009 3622 1080 3676 et
1143 3612 1644 3676 Confessorem
1709 3608 2107 3673 Caesareae
2171 3607 2567 3671 Maiestatis
2632 3606 3225 3690 disceptationem

656 3723 823 3805 quid
871 3722 944 3787 in
990 3743 1068 3789 re
1117 3720 1526 3785 Lutherana
1571 3717 1979 3782 faciendum
2026 3726 2235 3797 esset,
2309 3717 2536 3780 visum
2588 3727 2693 3779 est
2738 3715 3033 3780 tandem
3080 3714 3222 3777 Do-

655 3830 845 3895 mino
897 3826 1340 3893 Cancellario
1400 3840 1469 3891 et
1518 3825 1964 3905 Confessori,
2031 3823 2147 3907 qui
2198 3826 2541 3907 precipue
2590 3825 2725 3889 ista
2774 3821 3105 3903 concepit
3152 3832 3229 3883 et

658 3936 976 4017 dictavit,
1025 3936 1125 3999 ita
1173 3957 1330 3999 esse
1379 3958 1421 3998 a
1448 3936 1757 3999 Caesare
1804 3932 2357 4017 procedendum,
2401 3928 3004 4013 respondentibus
3034 3928 3225 3991 Nun-

658 4045 783 4107 ciis
831 4066 908 4108 se
956 4044 1092 4107 ista
1139 4064 1280 4107 non
1329 4052 1603 4124 petere:
1656 4052 1893 4104 tamen
1943 4038 2004 4102 si
2034 4036 2301 4102 Caesar
2344 4038 2443 4100 ita
2482 4038 2768 4102 omnino
2799 4034 3225 4117 decreverit,

661 4172 752 4213 ex
801 4172 878 4215 se
925 4150 1165 4215 faciat.

837 4256 1291 4323 Mitterentur
1348 4254 1563 4338 aliqui
1620 4254 1754 4318 viri
1805 4252 1974 4317 boni
2023 4261 2096 4316 et
2143 4250 2400 4315 eruditi
2448 4272 2493 4315 a
2547 4252 2855 4315 Caesare
2904 4252 2995 4313 ad
3044 4250 3227 4312 Mar·

661 4365 884 4431 tinum
935 4364 1126 4447 quod
1173 4362 1642 4446 interrogent,
1692 4382 1781 4425 an
1816 4358 2237 4423 confiteatur
2266 4358 2487 4422 libros
2520 4378 2765 4422 omnes
2799 4368 2922 4421 aut
2952 4357 3231 4439 aliquos

665 4494 756 4535 ex
804 4472 889 4535 iis
938 4472 1056 4555 qui
1105 4473 1256 4537 eius
1303 4472 1584 4535 nomine
1634 4467 2262 4549 circumferuntur,
2312 4486 2477 4530 suos
2526 4487 2719 4539 esse;
2780 4484 2956 4548 quos
3006 4463 3064 4526 si
3111 4483 3229 4528 ne·

664 4578 946 4661 gaverit
991 4600 1156 4642 suos
1207 4600 1362 4642 esse
1409 4578 1484 4641 in
1532 4586 1925 4641 strumento
1973 4575 2261 4657 publico
2311 4575 2665 4639 declaret:

845 4684 922 4749 Si
969 4696 1206 4749 autem
1237 4684 1587 4749 Martinus
1634 4682 2139 4767 recognoverit
2186 4682 2407 4745 libros
2456 4700 2614 4744 esse
2656 4700 2821 4743 suos
2853 4691 2923 4743 et
2951 4680 3021 4743 in
3056 4678 3232 4760 ipsis

666 4800 1002 4857 contenta
1050 4792 1222 4856 velit
1276 4792 1698 4875 defendere,
1753 4812 1885 4856 nec
1944 4800 2314 4854 recantare
2372 4786 2677 4852 voluerit
2723 4807 2905 4869 quae
2949 4808 2992 4848 a
3039 4784 3231 4849 Sede

668 4900 1088 4983 Apostolica
1136 4909 1298 4963 sunt
1347 4903 1701 4982 damnata,
1757 4909 1878 4963 aut
1926 4908 2175 4962 contra
2220 4894 2463 4977 fidem,
2514 4893 2867 4976 concilia,
2918 4892 3231 4973 decreta,
