3575 5775
1661 540 2154 597 oe<33048><>

626 684 835 763 pulus
884 684 1211 747 conferre
1258 685 1619 749 faciamus,
1728 687 2128 750 Dummodo
2185 688 2684 752 liberalitatem
2735 687 2946 752 Sedis
2997 689 3181 770 Apo-

624 791 876 853 stoliee
944 791 1017 853 in
1098 791 1357 855 nostris
1424 793 1611 855 votis
1685 814 1822 874 que
1890 793 2081 857 idem
2153 794 2689 858 Commissarius
2763 797 2855 858 ad
2927 793 3182 858 Sedem

626 896 1115 978 Apostolicam
1188 900 1421 962 defert
1500 899 1977 981 experiamur.
2093 900 2230 981 Qui
2308 901 2518 966 etiam
2607 923 2737 966 nos
2821 923 2916 965 ex
2983 909 3184 983 parte

628 1001 1041 1068 Sanctitatis
1106 1017 1345 1070 vestre
1402 1007 1673 1070 monuit
1738 1008 1929 1088 quod
1987 1028 2228 1070 curam
2291 1009 2772 1072 ecclesiastice
2838 1009 3186 1072 libertatis

622 1131 841 1192 agere
888 1114 1250 1176 vellemuS.
1346 1113 1563 1176 Novit
1592 1115 1788 1176 Deus
1824 1127 2165 1196 quantum
2197 1114 2267 1176 in
2319 1136 2402 1178 ea
2435 1126 2640 1198 parte
2680 1115 3178 1198 laboravimu3‚

625 1229 797 1299 quot
866 1220 1163 1284 bellicos
1236 1222 1536 1284 sudores
1608 1231 1858 1284 contra
1937 1221 2450 1284 atrocissimum
2521 1221 2845 1288 Ecclesie
2883 1203 3186 1286 ‘hostem

626 1325 1134 1390 Christiernum
1182 1329 1405 1391 Dacie
1456 1349 1701 1410 regem
1750 1328 2236 1410 sustinuimus,
2285 1351 2494 1411 quem
2542 1331 2828 1394 tandem
2877 1332 3036 1393 Deo
3085 1351 3185 1393 as-

626 1433 917 1498 sistente
968 1434 1355 1499 devicimus
1405 1445 1475 1497 et
1524 1457 1565 1498 a
1604 1436 1848 1518 regnis
1895 1437 2457 1519 Aquilonaribus
2503 1437 2906 1500 deiecimus
3001 1437 3182 1500 Nam

624 1540 805 1604 sicut
852 1563 1035 1605 nunc
1086 1544 1186 1606 ita
1234 1543 1446 1607 etiam
1494 1565 1537 1605 a
1582 1543 1934 1626 principio
1982 1543 2191 1626 regni
2237 1545 2458 1608 nostri
2509 1565 2651 1607 non
2701 1544 2923 1606 minus
2953 1545 3190 1607 Eccle-

625 1648 726 1711 sie
776 1670 987 1731 quam
1037 1670 1297 1714 coione
1346 1652 1696 1714 rationem
1743 1651 2140 1732 habuimuS,
2188 1651 2425 1734 parati
2457 1650 2652 1733 prius
2699 1662 2996 1714 mortem
3046 1672 3192 1715 sus-

624 1754 919 1819 tinuisse
1006 1778 1215 1839 quam
1302 1758 1566 1821 occisio
1636 1757 2428 1821 Reverendissimorum
2509 1758 3022 1840 Episcoporum
3105 1777 3194 1820 ac

623 1863 922 1926 aliorum
970 1865 1332 1928 Ecclesiae
1382 1867 1818 1948 prelatorum
1867 1886 1998 1947 per
2031 1865 2334 1928 eundem
2367 1865 2588 1927 Dacie
2618 1883 2864 1946 regem
2910 1873 3198 1945 patrata

622 1967 845 2031 inulta
874 1971 1262 2034 mansisset.
1323 1973 1413 2034 Et
1440 1972 1604 2054 quia
1634 1972 2036 2035 libertatem
2086 1970 2406 2033 Ecclesie
2454 1981 2560 2034 tot
2606 1969 2944 2051 periculis
2973 1991 3188 2053 pepe-

622 2073 839 2138 rimus
918 2099 1073 2140 eam
1133 2100 1579 2161 nequaquam
1657 2078 1951 2161 infringi
2027 2078 2415 2161 patiemur,
2494 2079 2879 2140 dummodo
2959 2076 3196 2141 Sedes

625 2183 1047 2264 Apostolica
1094 2189 1275 2250 tales
1325 2188 1703 2269 episcopos
1749 2207 1882 2268 per
1930 2197 2158 2249 terras
2224 2195 2503 2248 nostras
2569 2184 3008 2248 ordinaverit
3073 2185 3198 2267 qui

624 2289 768 2352 suis
829 2290 1167 2356 limitibus
1234 2295 1548 2358 contenti
1618 2314 1872 2376 pacem
1940 2301 2012 2355 et
2083 2290 2536 2355 concordiam
2605 2291 2789 2354 inter
2863 2292 3198 2354 subditos

624 2405 905 2460 nostros
953 2411 1337 2479 procurent
1386 2414 1457 2465 et
1503 2411 1834 2474 servent;
1883 2400 2169 2463 fuerant
2217 2399 2404 2462 enim
2449 2397 2934 2480 superioribus
2983 2397 3198 2461 annis

624 2505 839 2584 (quod
911 2506 1237 2570 dolenter
1307 2509 1737 2594 referrimus)
1823 2506 2141 2570 nonnulli
2216 2506 2558 2588 Episcopi
2625 2506 2988 2568 nobiscum
3071 2505 3197 2586 qui

624 2611 851 2693 magis
883 2613 974 2674 ad
1001 2615 1228 2695 patrie
1254 2616 1864 2697 perturbationem
1893 2634 2103 2697 quam
2131 2615 2223 2676 ad
2258 2613 2888 2676 conservacionem
2917 2612 3196 2676 christi-

623 2739 757 2780 ane
805 2719 1173 2802 religionis
1234 2721 1595 2785 constituti
1660 2721 2126 2802 videbantur,
2189 2723 2283 2784 ob
2340 2739 2638 2802 quorum
2708 2718 3194 2782 temeritatem

621 2835 765 2889 tam
815 2828 1295 2893 ecclesiastica
1346 2829 1657 2913 dignitas
1705 2850 1917 2913 quarn
1982 2827 2324 2892 secularis
2388 2835 2708 2910 potestas
2757 2827 2829 2891 in
2877 2847 3200 2891 summas

622 2934 1062 2999 calamitates
1124 2938 1499 3002 ceciderat.
1612 2937 1889 3019 Quibus
1950 2934 2283 3017 periculis
2349 2954 2489 2997 non
2556 2932 2957 2997 dubitamus
3017 2934 3199 3016 quin

624 3040 1007 3106 Beatitudo
1055 3043 1321 3108 Vestra
1368 3066 1577 3127 quam
1624 3064 1869 3108 omnes
1941 3053 2014 3106 et
2058 3063 2138 3106 re
2187 3051 2258 3105 et
2321 3041 2607 3105 nomine
2672 3039 3201 3104 sanctissimam

623 3149 999 3229 predicant
1048 3172 1421 3215 occurrere
1467 3152 1660 3232 velit,
1710 3150 2208 3215 constituendo
2251 3147 2457 3212 nobis
2491 3146 2868 3230 episcopos
2917 3146 3040 3229 qui
3088 3148 3202 3211 ita

625 3258 927 3321 ecclesie
992 3258 1392 3323 libertatem
1469 3258 1864 3322 defendant
1938 3258 2130 3339 quod
2213 3275 2475 3319 corone
2562 3254 2763 3337 regie
2841 3254 2915 3317 in
2989 3256 3199 3319 nullo

626 3375 967 3437 noceant;
1018 3368 1208 3447 quod
1258 3387 1399 3429 non
1448 3367 1610 3429 ideo
1645 3366 1952 3448 petimus
1983 3362 2186 3445 quasi
2215 3363 2562 3424 vellemus
2589 3361 2844 3423 tollere
2891 3360 3204 3425 liberam

630 3469 1127 3552 episcoporum
1176 3472 1695 3536 ordinationem
1746 3493 1787 3533 a
1836 3470 2232 3533 Sanctitate
2265 3478 2503 3530 vestra
2537 3487 2675 3548 que
2707 3466 2845 3529 iarn
2893 3467 3200 3530 sanctis-

629 3576 820 3640 simis
870 3579 1012 3642 suis
1070 3580 1383 3645 moribus
1434 3580 1823 3643 Ecclesiam
1876 3576 2136 3640 Christi
2193 3586 2268 3638 ut
2327 3573 2778 3655 percepimus
2825 3571 3202 3654 reformat,

625 3685 750 3745 sed
800 3695 876 3745 ut
922 3683 1192 3749 firmam
1240 3688 1615 3750 amicitiam
1666 3705 1804 3767 que
1853 3686 1987 3747 hac
2036 3690 2460 3768 tempestate
2510 3680 2693 3743 inter
2723 3678 2916 3743 viros
2965 3682 3204 3744 eccle-

623 3790 949 3854 siasticos
996 3814 1080 3855 ac
1129 3796 1485 3858 seculares
1534 3796 1745 3857 valde
1795 3790 2192 3856 necessaria
2249 3798 2378 3867 est,
2428 3795 2949 3850 connectamus
3047 3784 3202 3867 Qui

622 3918 795 3961 vero
846 3900 1051 3963 nobis
1098 3900 1285 3981 grati
1335 3910 1404 3963 et
1451 3900 1772 3965 Ecclesie
1821 3899 2030 3962 utiles
2077 3906 2284 3961 erunt
2329 3895 2504 3958 satis
2544 3893 2980 3957 ostendimus
3029 3914 3201 3975 pre-

620 4006 771 4069 fato
824 4007 1108 4071 domino
1157 4009 1465 4088 Johanni
1516 4008 1754 4073 Gotho
1806 4006 1877 4072 S.
1927 4005 2014 4067 V.
2065 4007 2329 4087 legato,
2379 4001 2491 4064 cui
2539 4000 2610 4063 in
2658 3999 2981 4062 omnibus
3031 4020 3204 4065 nos—

620 4112 749 4174 tris
783 4113 1090 4195 negotiis
1124 4125 1196 4177 et
1226 4114 1719 4178 vacationibus
1750 4112 2229 4177 Ecclesiarum
2279 4130 2434 4172 eam
2465 4107 2678 4171 fidem
2728 4107 2917 4187 apud
2970 4103 3204 4171 Sanc·

622 4229 765 4281 tam
837 4218 1100 4284 Sedem
1168 4221 1659 4302 Apostolicam
1718 4220 1873 4283 dari
1937 4219 2241 4301 petimus
2303 4236 2440 4297 que
2499 4214 2706 4277 nobis
2774 4214 2964 4295 apud
3031 4235 3208 4280 eam

624 4326 1005 4406 agentibus
1052 4337 1511 4411 prestaretur.
1608 4329 1677 4391 Is
1726 4328 1912 4391 enim
1974 4336 2194 4388 totam
2261 4332 2568 4386 mentem
2625 4330 2940 4385 nostram
2996 4321 3210 4387 circa

620 4436 882 4495 bonam
932 4434 1523 4498 reformacionem
1578 4434 1948 4497 Ecclesiae
1996 4430 2456 4514 Aquilonaris
2516 4438 2976 4511 perceperat,
3040 4439 3205 4495 tan·

622 4552 912 4620 tumque
960 4540 1127 4603 fidei
1176 4544 1366 4624 apud
1417 4542 1567 4604 eius
1614 4540 2033 4603 industriam
2081 4538 2489 4621 reponimus
2538 4538 2730 4618 quod
2776 4535 2999 4617 ipsius
3045 4556 3204 4601 mo-

625 4646 990 4709 deracioni
1038 4657 1259 4711 totum
1308 4650 1590 4732 pondus
1619 4648 2070 4711 reformande
2117 4644 2438 4708 Ecclesie
2481 4664 2616 4725 per
2645 4653 2876 4706 terras
2905 4652 3206 4707 nostras

623 4776 665 4817 a
714 4752 785 4819 S.
837 4754 925 4817 V.
977 4754 1315 4817 committi
1363 4756 1735 4835 vellemus,
1782 4753 2084 4817 firmiter
2129 4751 2338 4815 nobis
2385 4752 2768 4813 suadentes
2817 4749 3008 4831 quod
3054 4768 3208 4831 per

624 4882 780 4924 eum
830 4860 1085 4943 religio
1135 4862 1517 4926 christiana
1563 4862 2074 4924 incrementum
2121 4858 2296 4923 felix
2345 4856 2686 4941 suscipiat
2734 4865 2806 4919 et
2853 4854 2926 4921 S.
2975 4854 3206 4923 Sedis
