3575 5775
1339 571 1797 628 oe<389et>=0

295 717 780 781 Ecclesiastica
829 729 900 782 et
951 716 1396 782 Sacerdotali
1447 720 1733 800 ordine,
1798 739 1983 800 quae
2033 720 2123 782 de
2169 718 2320 780 iure
2372 717 2613 780 divino
2664 727 2847 798 sunt,

289 829 493 908 longe
541 827 820 890 facilius
870 829 1308 890 destructum
1355 827 1440 890 iri
1487 827 1893 918 dominatus
1941 827 2394 909 temporaleS,
2444 825 2563 907 qui
2595 846 2727 888 nec
2760 827 2849 888 de

291 934 430 996 iure
499 934 808 997 naturali
888 944 1071 998 sunt.
1184 934 1346 998 Non
1418 935 1604 998 enim
1671 955 2039 1017 speremus
2104 935 2412 1015 populos
2480 942 2851 996 curaturos

295 1041 605 1124 profana,
663 1041 784 1123 qui
833 1043 1052 1104 semel
1099 1043 1504 1124 spreverint
1553 1061 1779 1105 sacra.

456 1149 806 1212 Martinus
867 1159 1102 1212 autem
1165 1162 1238 1212 et
1301 1171 1548 1212 omnes
1612 1151 1815 1231 leges
1880 1148 2199 1212 funditus
2246 1149 2602 1211 tollendas
2650 1167 2853 1229 aper-

296 1257 544 1320 tissime
594 1257 768 1318 dicit
815 1266 887 1320 et
935 1257 1226 1319 decreta
1274 1258 1566 1320 Patrum
1616 1255 2022 1338 scriptaque
2052 1256 2113 1318 T
2116 1257 2583 1336 heologorum
2632 1255 2731 1316 ita
2779 1255 2851 1316 in

296 1365 428 1426 suis
491 1363 690 1426 libris
753 1366 1077 1444 damnat,
1143 1375 1220 1427 ut
1281 1385 1368 1428 ea
1427 1366 1718 1446 publico
1763 1363 1915 1444 igni
1966 1363 2467 1442 combusserit,
2535 1363 2853 1426 facturus

293 1471 530 1552 peiora
595 1471 969 1552 pandectis
1032 1481 1102 1534 et
1165 1470 1492 1534 civilibus
1547 1472 1867 1552 legibus,
1932 1471 1990 1533 si
2040 1491 2181 1533 non
2230 1471 2459 1552 magis
2505 1470 2852 1532 timuisset

297 1578 600 1659 gladium
663 1577 1024 1658 Caesaris,
1093 1599 1304 1659 quam
1371 1577 1738 1642 Pontificis
1806 1577 2569 1641 excomunicationem:
2641 1576 2852 1640 etiam

298 1689 455 1770 quia
499 1689 788 1750 nolebat
836 1686 972 1750 sibi
1021 1697 1128 1750 tot
1174 1688 1420 1748 hostes
1467 1685 1674 1748 simul
1721 1685 2104 1749 concitare.

461 1795 714 1858 Fuisse
759 1794 898 1857 iam
949 1795 1134 1856 mille
1184 1793 1389 1858 annis
1440 1804 1604 1856 ante
1661 1802 1987 1875 tempora
2046 1795 2297 1856 horum
2346 1793 2669 1874 Regum,
2733 1793 2852 1874 qui

300 1923 470 1964 nunc
516 1902 586 1964 in
635 1901 926 1983 Europa
969 1900 1248 1982 florent,
1299 1901 1576 1982 aliquos
1626 1901 1978 1965 interdum
2027 1902 2253 1964 malos
2287 1900 2676 1963 Pontifices
2706 1901 2849 1964 Ro-

301 2029 556 2079 manos:
611 2019 682 2072 et
729 2009 800 2070 in
853 2009 1276 2090 Apostolica
1323 2009 1748 2073 auctoritate
1802 2008 2131 2090 Pipinum
2180 2007 2249 2070 in
2300 2008 2586 2090 Regem
2635 2007 2693 2070 F
2696 2028 2844 2071 ran·

302 2134 526 2178 corum
587 2116 810 2180 fuisse
869 2115 1252 2196 inunctum,
1304 2114 1634 2180 Carolum
1683 2115 1756 2178 in
1808 2116 2339 2197 Imperatorem.
2412 2115 2566 2176 Hac
2620 2125 2851 2178 aucto·

302 2223 498 2285 ritate
543 2223 922 2305 Imperium
973 2223 1044 2285 in
1093 2224 1414 2286 Francos
1479 2226 1574 2286 ab
1621 2222 1917 2286 Oriente
1984 2231 2431 2302 revocatum,
2488 2243 2529 2284 a
2592 2221 2854 2285 francis

302 2330 364 2394 in
395 2330 802 2396 Germanos
879 2331 1390 2414 Imperatorem
1441 2329 1754 2412 eligendi
1804 2329 1971 2392 solis
2011 2328 2387 2393 Germanis
2433 2331 2569 2392 hac
2605 2331 2853 2392 eadem

302 2437 708 2501 auctoritate
775 2457 1228 2517 concessum,
1295 2457 1480 2521 quae
1543 2438 1603 2500 si
1669 2439 1863 2500 nulla
1911 2447 2051 2516 est,
2120 2437 2177 2500 si
2227 2457 2472 2500 omnes
2520 2437 2855 2518 aequales

303 2555 452 2607 sunt
515 2554 614 2628 (ut
679 2533 864 2610 dicit¹
899 2546 1192 2626 Luther)
1255 2546 1312 2608 si
1377 2546 1514 2610 iam
1577 2545 1768 2608 mille
1822 2545 2027 2608 annis
2076 2543 2181 2630 (ut
2227 2545 2413 2608 idem
2466 2545 2855 2626 asseverat)

307 2653 465 2714 nulli
513 2652 827 2715 Romani
876 2651 1262 2715 Pontifices
1310 2653 1462 2716 veri
1509 2651 1817 2732 fuerunt,
1876 2653 2141 2715 nullum
2188 2651 2407 2733 igitur
2452 2651 2856 2735 Imperium,

305 2759 522 2822 nullus
569 2761 986 2841 Imperator,
1036 2761 1208 2822 nulli
1243 2760 1630 2840 ElectoreS,
1682 2760 1856 2824 nihil
1907 2759 2193 2822 omnino
2242 2769 2351 2822 est
2397 2760 2669 2840 horum,
2721 2779 2856 2842 que

305 2877 480 2931 totus
525 2867 718 2931 orbis
765 2869 1112 2931 hactenus
1159 2866 1412 2940 tenuit;
1463 2868 1532 2930 in
1585 2869 1801 2931 chaos
1852 2867 2215 2949 antiquum
2268 2866 2785 2931 confundimur.

473 2976 578 3037 De
633 2996 946 3057 persona
993 2974 1362 3038 Pontificis
1409 2974 1666 3039 Leonis
1717 2974 1815 3038 X.
1875 2973 2225 3037 neminem
2274 2994 2487 3057 posse
2534 2975 2685 3037 iure
2736 2977 2854 3037 ob-

303 3082 518 3162 loqui,
580 3082 699 3163 qui
766 3082 973 3145 sicuti
1041 3083 1232 3144 nullo
1283 3080 1642 3145 Simoniae
1710 3081 2139 3146 adminiculo
2206 3084 2475 3144 electus
2521 3080 2689 3163 fuit,
2756 3080 2855 3143 ita

307 3188 572 3269 optimis
619 3210 904 3271 semper
951 3189 1264 3253 moribus
1313 3199 1386 3252 et
1433 3189 1716 3270 integra
1763 3188 1913 3251 vita
1959 3188 2093 3251 fuit
2142 3198 2213 3252 et
2262 3188 2464 3251 vixit.

471 3296 568 3359 At
614 3297 704 3359 de
753 3296 1214 3359 abusionibus
1250 3296 1504 3361 Curiae
1539 3298 1937 3377 Romanae,
1990 3298 2313 3378 quamvis
2360 3296 2421 3359 si
2460 3305 2857 3378 temperato

307 3401 551 3465 affectu
580 3404 1140 3486 perpendantur,
1186 3404 1412 3467 minus
1446 3407 1706 3467 multae
1739 3405 2112 3486 minusque
2142 3424 2404 3486 graves
2437 3404 2595 3485 sint,
2647 3424 2858 3485 quam

309 3506 664 3574 Germanis
727 3520 838 3574 est
899 3531 1349 3593 persuasum,
1418 3512 1734 3575 scribant
1800 3522 2037 3577 tamen
2106 3532 2192 3575 ea
2253 3530 2434 3595 quae
2487 3510 2861 3575 offendunt

312 3616 484 3679 hanc
527 3617 968 3700 potissimum
1017 3618 1394 3681 Nationem
1444 3618 1841 3701 inclytam,·
1882 3629 1959 3682 et·
2000 3618 2246 3683 Cesari
2308 3619 2857 3692 communicent;

308 3721 452 3804 ipse
497 3745 621 3807 per
650 3723 995 3788 Oratores
1043 3746 1208 3787 suos
1239 3726 1522 3789 Romae
1572 3736 1760 3808 aget,
1810 3736 1887 3788 ut
1935 3726 2307 3790 desideriis
2355 3726 2614 3789 nostris
2661 3727 2857 3789 satis-

309 3828 448 3901 fiat:
525 3833 626 3895 sin
689 3833 922 3895 minus
986 3834 1225 3915 aliqua
1287 3836 1537 3896 saltem
1605 3832 1834 3916 magis
1898 3845 2303 3915 opportuna
2370 3845 2443 3897 et
2508 3834 2861 3897 salubrior

309 3935 690 4002 invenietur
741 3939 878 4019 via,
926 3960 1056 4021 per
1103 3960 1312 4021 quam
1360 3940 1496 4002 ista
1545 3940 2015 4023 corrigantur,
2066 3962 2199 4004 nec
2233 3952 2468 4004 tamen
2502 3941 2858 4005 dividatur

309 4044 536 4106 tunica
589 4046 1030 4111 inconsutilis
1092 4046 1259 4109 fidei
1310 4048 1752 4111 Catholicae:
1818 4048 2026 4112 sicuti
2082 4048 2205 4112 fiat
2252 4069 2545 4112 necesse
2596 4058 2735 4129 est,
2800 4047 2858 4111 si

313 4148 676 4217 Lutherum
727 4173 1130 4234 sequamur.

477 4256 562 4319 Et
625 4260 959 4342 quoniam
1011 4260 1399 4324 Lutherani
1459 4280 1741 4343 semper
1804 4262 2129 4327 iactitant
2194 4284 2269 4326 se
2334 4282 2490 4326 esse
2554 4262 2911 4344 optim08‚

311 4360 482 4426 filios
543 4364 702 4429 fidei
753 4366 1184 4449 Catholicae,
1258 4370 1520 4430 nullam
1585 4368 1917 4433 faciendo
1990 4370 2419 4433 mentionem
2482 4370 2859 4433 Romanae

314 4468 653 4535 Ecclesiae
717 4484 842 4535 aut
889 4474 1098 4538 Sedis
1151 4474 1650 4557 Apostolicae,
1716 4486 1786 4538 et
1840 4474 2279 4558 persuasisse
2330 4476 2661 4540 videntur
2708 4478 2857 4541 illu-

314 4576 634 4643 strissimo
695 4579 858 4643 duci
919 4590 994 4643 ut
1055 4582 1268 4645 etiam
1332 4581 1486 4665 ipse
1549 4583 1648 4646 sic
1705 4583 1928 4665 dicat,
1996 4604 2291 4647 necesse
2341 4595 2449 4647 est
2494 4584 2714 4667 igitur
2759 4584 2855 4646 fa-

314 4695 582 4747 teantur
607 4690 717 4751 vel
766 4710 843 4750 se
891 4689 1117 4769 aliter,
1169 4710 1376 4771 quam
1425 4691 1690 4769 dicunt,
1741 4690 2008 4754 faceret
2060 4694 2175 4754 vel
2224 4692 2395 4754 illud
2428 4692 2497 4753 in
2530 4690 2858 4754 confesso

315 4791 570 4854 habere
611 4816 684 4857 se
733 4796 925 4859 solos
959 4795 1398 4862 Catholicam
1445 4797 1660 4860 fidem
1707 4798 1928 4879 sequi,
1979 4820 2109 4861 nos
2155 4818 2330 4862 vero
2380 4799 2557 4862 alios
2605 4798 2676 4861 i‘n
2709 4806 2861 4861 tota

315 4896 456 4960 fere
521 4898 833 4985 Europa,
901 4905 1018 4985 qui
1086 4904 1464 4968 Romanae
1529 4926 1858 4987 paremus
1916 4906 2314 4989 Ecclesiae,
2387 4928 2428 4968 a
2487 4915 2683 4967 recta
2744 4905 2860 4967 via
