3575 5775
1647 552 2142 610 0-222848m

616 699 749 780 (sel
798 698 957 761 sarii
1005 699 1095 761 de
1133 699 1471 781 bisogno)
1519 698 1613 761 ad
1658 698 2133 781 privationem
2179 698 2717 775 beneficiorum3
2768 699 2839 762 in
2889 699 3210 783 reliquis

614 807 1149 886 generalmente
1196 814 1380 868 tutto
1429 805 1487 868 si
1532 815 1744 887 porta
1788 809 2018 888 bene,
2067 815 2140 870 et
2185 805 2235 871 li
2282 805 2530 889 populi
2579 805 2699 888 gia
2747 806 3208 870 abominano

616 921 866 994 questa
914 912 1301 974 maledetta
1345 912 1625 976 heresia
1674 912 1843 995 ogni
1893 913 1964 974 di
2013 912 2156 994 piu.
2238 913 2316 976 Io
2364 933 2505 976 non
2554 914 2648 976 ho
2696 914 2960 977 lassato
2999 915 3210 996 pero

614 1020 726 1082 far
782 1019 833 1082 il
880 1019 1124 1082 debito
1178 1020 1250 1082 in
1298 1029 1674 1101 presentat
1732 1022 1803 1084 lo
1869 1019 2093 1084 editto
2161 1020 2233 1082 di
2282 1019 2502 1084 Cesar
2563 1019 2683 1084 alli
2732 1019 3214 1103 Conseglieri

614 1126 686 1188 di
734 1127 1049 1208 Bruges,
1114 1126 1163 1190 li
1227 1127 1417 1207 quali
1479 1125 2034 1207 benignamente
2096 1129 2336 1190 hanno
2396 1147 2770 1210 promesso
2832 1127 3101 1192 obedir
3159 1149 3214 1192 a

610 1234 709 1295 tal
759 1233 982 1295 editto
1032 1242 1102 1295 et
1149 1235 1386 1296 hanno
1427 1243 1754 1297 retenuto
1806 1235 2012 1316 copia
2060 1234 2489 1300 authentica.
2565 1234 2796 1298 Etiam
2827 1255 2904 1299 se
2936 1237 3212 1300 hanno

611 1338 865 1403 offerto
929 1339 1181 1403 obedir
1228 1341 1369 1403 alla
1432 1342 1627 1404 bulla
1675 1342 1791 1403 del
1841 1339 2344 1424 SanctissimO,
2416 1351 2488 1405 et
2533 1343 2935 1425 pregatomi
2983 1343 3215 1406 volia

608 1445 1169 1510 raccomandarli
1218 1447 1339 1510 alli
1388 1447 1584 1529 piedi
1631 1447 1703 1510 di
1752 1445 1900 1510 Sua
1949 1445 2259 1528 Santita,
2319 1457 2392 1510 et
2437 1448 2508 1511 in
2559 1467 2785 1529 segno
2835 1447 2906 1510 di
2953 1448 3213 1512 carita

609 1563 682 1617 et
728 1554 1161 1635 obedientia,
1208 1576 1321 1618 me
1370 1556 1810 1618 mandorono
1859 1555 1908 1618 il
1957 1555 2148 1634 vino,
2197 1575 2398 1618 come
2447 1556 2484 1618 ὲ
2533 1557 2688 1619 loro
2717 1567 3064 1638 costume,
3125 1564 3216 1620 et

606 1661 848 1725 fecero
915 1682 958 1724 a
1024 1660 1314 1744 publica
1358 1682 1539 1724 voce
1610 1670 1683 1725 et
1744 1662 1943 1725 crido
1991 1663 2317 1744 publicar
2381 1661 2424 1725 l’
2453 1662 2676 1726 editto
2725 1662 3038 1726 Cesareo
3124 1672 3216 1726 et

607 1767 1025 1831 offerirnose
1074 1789 1294 1832 ancor
1339 1768 1453 1832 far
1497 1769 1821 1832 brusciar
1868 1769 1915 1831 li
1964 1769 2129 1832 libri
2175 1789 2252 1832 se
2301 1789 2380 1832 se
2427 1769 2706 1832 fussero
2755 1767 3058 1852 trovati,
3151 1770 3214 1833 il

608 1875 737 1937 che
798 1883 999 1938 certo
1060 1875 1097 1938 ὲ
1144 1877 1365 1938 molto
1414 1877 1505 1938 da
1551 1877 1787 1956 lodar,
1861 1885 1930 1938 et
1993 1876 2086 1939 da
2132 1875 2482 1957 regratiar
2530 1875 2704 1957 Dio,
2777 1877 2909 1940 che
2976 1875 3038 1940 si
3097 1879 3216 1940 ha

606 1990 887 2044 trovato
948 1991 1199 2063 questo
1261 1982 1650 2046 bellissima
1711 1992 1907 2045 terra
1967 1987 2113 2046 cosl
2164 1992 2360 2046 netta
2421 1983 2492 2044 di
2553 1984 2650 2045 tal
2700 2003 2961 2046 errore.
3064 1982 3213 2046 Ho

604 2088 785 2151 fatto
848 2089 1058 2152 etiam
1122 2088 1457 2171 predicar
1518 2110 1561 2152 a
1621 2089 1784 2152 tutti
1845 2089 1899 2152 li
1963 2089 2195 2153 ordini
2258 2099 2332 2152 et
2390 2089 2718 2171 publicar
2775 2091 2845 2152 al
2904 2091 3214 2170 populo

608 2197 720 2259 nel
769 2216 1093 2259 sermone
1142 2198 1211 2260 la
1257 2199 1455 2259 bulla
1503 2195 1961 2279 Apostolica,
2035 2207 2106 2260 et
2154 2199 2222 2260 lo
2272 2197 2495 2259 editto
2547 2194 2890 2274 Cesareo,
2960 2203 3037 2257 et
3097 2197 3210 2259 de

604 2313 855 2384 questo
904 2323 1081 2366 sono
1130 2303 1295 2366 stati
1342 2303 1503 2366 fatti
1549 2302 1667 2385 gia
1715 2303 1834 2383 piu
1889 2302 1958 2365 di
2004 2303 2182 2366 XX.
2241 2301 2566 2383 sermoni,
2617 2301 2737 2382 qui
2785 2301 2856 2363 in
2891 2301 3210 2382 Bruges

602 2408 671 2472 in
724 2408 987 2472 diversi
1035 2410 1281 2492 luoghi
1344 2421 1415 2474 et
1460 2411 1555 2473 ho
1604 2411 1773 2472 dato
1837 2430 1880 2472 a
1930 2410 2042 2472 chi
2099 2429 2212 2472 me
2261 2411 2352 2471 ha
2397 2428 2613 2490 parso
2679 2411 2750 2470 la
2797 2407 3008 2489 copia
3059 2407 3208 2472 im-

602 2537 851 2600 pressa
899 2517 1015 2579 del
1064 2517 1286 2579 editto
1336 2516 1779 2598 Fiammingo
1831 2527 1901 2580 et
1949 2517 2108 2580 altri
2155 2516 2448 2580 remedii
2496 2515 2851 2597 oportuni.

618 2705 622 2710 ¹
778 2623 858 2685 Io
907 2643 1226 2705 pensava
1272 2622 1595 2706 partirmi
1642 2622 1870 2705 hoggi
1920 2624 2038 2686 nel
2083 2622 2365 2704 seguito
2415 2623 2487 2684 di
2536 2623 2792 2700 Cesar,
2853 2641 2970 2684 ma
3019 2641 3208 2704 per-

601 2729 731 2792 che
776 2729 870 2791 ho
918 2729 1149 2793 inteso
1194 2750 1382 2794 nunc
1429 2731 1768 2812 primum,
1820 2731 1953 2793 che
2001 2729 2050 2792 li
2099 2729 2454 2793 Cartusini
2504 2738 2576 2793 et
2621 2729 2672 2794 li
2721 2728 3208 2793 Benedictini

601 2835 669 2899 di
737 2846 991 2919 questa
1056 2847 1281 2921 terra,
1354 2837 1648 2921 (homini
1708 2839 1840 2902 che
1902 2857 2033 2921 per
2094 2847 2354 2921 troppo
2404 2836 2563 2901 ocio
2629 2846 2701 2901 et
2765 2835 3206 2923 solitudine,

599 2963 879 3027 sempre
928 2947 1174 3009 soleno
1226 2967 1423 3009 esser
1452 2942 1976 3030 melancholici)
2025 2966 2202 3009 sono
2251 2948 2464 3009 molto
2514 2944 2748 3008 infetti
2795 2943 2868 3006 di
2915 2957 3208 3025 questa

596 3050 1016 3134 ribaldaria,
1081 3062 1153 3115 et
1197 3054 1437 3116 hanno
1486 3072 1667 3135 gran
1719 3072 2012 3115 numero
2061 3052 2133 3115 di
2181 3054 2280 3115 tal
2329 3052 2527 3131 libri,
2598 3062 2668 3114 et
2715 3052 2848 3114 che
2894 3053 3203 3134 peggio

598 3158 634 3220 ὲ
682 3160 749 3221 le
798 3158 1155 3222 Monache
1204 3160 1293 3223 de
1341 3157 1489 3221 San
1540 3159 1980 3240 BenedettO,
2043 3168 2117 3221 et
2164 3159 2536 3223 Bernardo
2599 3160 2671 3221 in
2723 3158 2956 3241 questi
3005 3179 3200 3223 con-

596 3265 780 3327 torni
829 3287 1094 3329 ancora
1142 3267 1279 3329 elle
1328 3286 1505 3329 sono
1554 3274 1843 3328 cascate
1891 3263 1961 3327 in
2012 3266 2109 3327 tal
2160 3286 2436 3346 errore,
2509 3286 2640 3347 per
2689 3286 2886 3329 esser
2931 3268 3201 3347 questi

595 3372 756 3435 libri
804 3372 1097 3436 tradotti
1148 3372 1219 3435 in
1266 3372 1719 3455 flammengO,
1768 3371 1995 3454 perho
2043 3372 2112 3433 io
2159 3374 2254 3435 ho
2302 3372 2701 3435 deliberato
2751 3373 3008 3435 deman
3061 3372 3202 3437 far

596 3500 735 3543 una
782 3480 995 3543 visita
1040 3500 1173 3563 per
1218 3481 1396 3544 detti
1444 3480 1695 3563 luoghi
1742 3479 1813 3541 di
1864 3477 2219 3542 Cartusini
2269 3488 2339 3542 et
2387 3478 2886 3559 Benedettini,
2933 3488 3009 3541 et
3061 3480 3202 3545 far

594 3590 748 3650 loro
797 3608 938 3649 una
985 3591 1225 3650 buona
1292 3598 1363 3651 et
1412 3589 1717 3650 humana
1765 3584 2249 3649 admonitione
2297 3586 2367 3647 in
2415 3587 2633 3667 pleno
2684 3606 2926 3648 eorum
2976 3588 3196 3668 capi-

592 3696 765 3776 tulo,
815 3694 1336 3777 apprehendoli
1400 3697 1471 3759 la
1518 3693 1636 3758 via
1684 3716 1725 3756 a
1775 3711 2172 3774 cognoscer
2220 3694 2290 3754 la
2336 3692 2736 3755 ribaldaria·
2771 3692 2860 3753 de
2908 3704 3197 3773 questo

592 3802 829 3883 Arri0,
880 3811 953 3865 et
998 3802 1069 3864 in
1116 3801 1258 3865 fine
1302 3802 1463 3865 dirli
1512 3803 1644 3865 che
1676 3802 1861 3864 oltra
1909 3800 1956 3862 il
2006 3799 2324 3881 pericolo
2367 3800 2558 3862 della
2590 3800 2850 3863 Anima
2881 3797 3194 3880 sapiino

590 3911 748 3973 chel
799 3907 1264 3972 Sanctissimo
1326 3908 1489 3972 sara
1537 3916 1931 3972 constretto
1982 3909 2111 3968 dar
2159 3906 2228 3968 in
2278 3908 2503 3988 preda
2566 3906 2614 3969 li
2663 3910 2816 3969 loro
2865 3904 3035 3969 beni
3097 3928 3194 3971 se

590 4036 1154 4099 perseverarano
1216 4015 1288 4078 in
1350 4018 1447 4079 tal
1499 4034 1771 4094 errore,
1845 4014 2109 4095 perche
2174 4012 2242 4075 io
2293 4022 2497 4075 trovo
2561 4023 2813 4093 questo
2860 4023 3190 4093 terrore,

589 4125 720 4186 che
768 4124 836 4186 io
886 4125 978 4186 ho
1027 4122 1149 4205 gia
1195 4143 1428 4186 messo
1477 4123 1567 4184 ad
1617 4120 1855 4185 alcuni
1903 4119 2099 4201 altri,
2166 4122 2392 4183 haver
2439 4121 2657 4182 molto
2707 4119 3041 4201 giovatO,
3101 4134 3188 4186 et

589 4230 749 4292 dico
796 4231 1014 4291 molto
1028 4276 1047 4310 ,
1096 4237 1167 4291 et
1213 4227 1359 4292 cosi
1409 4249 1621 4311 spero
1670 4230 1802 4291 che
1851 4227 2146 4310 giovara
2195 4226 2334 4308 qui.
2433 4226 2565 4288 Poi
2610 4226 2980 4308 partiromi
3027 4247 3188 4308 per

586 4335 696 4398 far
743 4336 791 4398 il
839 4345 1032 4399 resto
1082 4356 1213 4398 con
1262 4337 1333 4398 lo
1383 4335 1625 4398 adiuto
1675 4335 1745 4398 di
1796 4335 1956 4413 Dio,
2005 4335 2123 4417 qui
2175 4334 2876 4397 Reverendissimam
2919 4334 3179 4398 Domi-

588 4442 947 4506 nationem
997 4442 1331 4505 Vestram
1398 4442 1517 4505 diu
1583 4441 1865 4505 felicem
1931 4451 2342 4520 conservet,
2416 4440 2531 4503 cui
2593 4460 2706 4503 me
2767 4439 3182 4507 humillime

587 4549 1030 4628 commendO,
1078 4559 1149 4613 et
1198 4570 1445 4612 manus
1492 4548 1892 4615 deosculor.

765 4655 1027 4739 Brugis
1077 4656 1361 4719 XXVI.
1412 4656 1723 4738 Augusti
1771 4654 2136 4721 MDXXI.

1650 4852 1873 4863 *mxv-m
1882 4852 1919 4862 Α
1926 4854 1944 4861 ψ
1952 4852 2062 4862 *vnn-—
