3575 5775
1314 581 1807 668 6-<t3213'23m

459 750 601 820 Mio
655 751 938 820 fratello
990 755 1080 820 mi
1131 758 1361 822 scrive
1412 761 1502 820 da
1551 758 1754 821 Paris
1806 758 1893 834 di
1926 752 2155 820 XXV
2204 753 2319 821 del
2369 761 2659 839 passato
2710 752 2841 819 6116

303 863 343 926 11
383 865 720 946 Theologi
774 865 1064 947 parisini
1112 867 1438 928 haveano
1490 868 1939 928 condennato
1991 876 2197 928 cento
2248 865 2522 928 articoli
2554 865 2624 926 di
2658 865 2839 926 Mar—

306 971 436 1034 tino
499 981 567 1034 et
637 975 770 1035 che
844 977 909 1036 el
976 975 1158 1036 libro
1235 993 1314 1036 se
1360 973 1760 1056 imprimea‚
1820 973 2183 1054 prohibito
2232 973 2409 1054 pero
2460 975 2587 1035 dar
2638 972 2843 1034 fuora

304 1078 508 1161 prima
553 1080 684 1141 che
735 1101 824 1144 ne
874 1079 1216 1143 habbiino
1254 1083 1592 1144 mandato
1641 1101 1782 1142 uno
1833 1080 1923 1141 ad
1960 1079 2199 1161 Cesar,
2246 1101 2385 1141 uno
2420 1081 2486 1141 al
2520 1101 2597 1142 re
2631 1079 2839 1142 Gallo

305 1196 364 1248 et
429 1208 565 1249 uno
639 1190 709 1251 al
755 1189 961 1250 Duca
1011 1187 1324 1251 Saxone.
1420 1187 1633 1251 Certo
1711 1208 1801 1249 ne
1866 1189 1960 1249 ho
2032 1207 2207 1268 gran
2260 1196 2718 1249 contentezza
2764 1207 2841 1249 se

303 1313 442 1355 sara
487 1297 628 1356 cosl
679 1294 945 1377 perche
995 1295 1225 1376 questi
1260 1294 1599 1358 Germani
1649 1304 1903 1357 stanno
1938 1293 2006 1356 in
2040 1295 2313 1375 grande
2350 1294 2840 1375 expettatione

304 1402 470 1462 della
532 1402 886 1464 sententia
955 1403 1044 1464 de
1096 1403 1298 1464 Paris
1371 1411 1440 1463 et
1489 1401 1610 1483 gia
1657 1401 1776 1482 piu
1830 1402 1899 1462 di
1949 1402 2085 1463 due
2135 1401 2307 1463 mesi
2356 1401 2404 1463 li
2454 1401 2841 1463 Lutherani

304 1506 578 1569 faceano
649 1528 952 1590 sparget
1013 1508 1130 1590 qui
1190 1529 1323 1571 con
1390 1510 1664 1589 grande
1722 1510 1876 1571 loro
1940 1509 2377 1590 avantaggio
2442 1510 2573 1570 che
2638 1508 2839 1570 Paris

303 1615 510 1676 havea
554 1617 958 1696 approbata
1005 1617 1074 1677 la
1122 1616 1435 1678 dottrina
1483 1617 1554 1678 di
1605 1617 1895 1695 Luther,
1946 1626 2233 1677 excetto
2283 1613 2515 1676 alcuni
2566 1615 2838 1695 13061115-

305 1719 436 1782 simi
483 1723 774 1800 articuli,
824 1723 872 1784 li
921 1723 1112 1804 quali
1157 1724 1456 1786 diceano
1508 1743 1746 1786 essere
1797 1723 2227 1804 disputabili.
2332 1723 2382 1783 ll
2432 1724 2561 1784 che
2610 1721 2677 1783 io
2727 1743 2839 1783 an-

307 1829 540 1891 6016116
587 1850 728 1892 non
779 1831 1131 1909 credesse‚
1181 1833 1563 1893 tuttavolta
1610 1851 1739 1912 per
1786 1831 1908 1913 piu
1958 1829 2236 1893 securta
2272 1828 2661 1890 dubitando
2711 1831 2841 1890 che

305 1933 458 1998 forsi
503 1957 639 1999 non
691 1939 1078 2000 havessero
1128 1937 1372 2000 havuti
1424 1939 1470 2001 11
1519 1938 1679 2000 libri
1729 1938 1849 2018 piu
1900 1936 2165 1999 enormi
2218 1936 2289 1997 di
2322 1937 2518 1998 detto
2554 1937 2840 2016 Luther,

305 2041 346 2102 li
389 2043 658 2105 mandai
690 2053 760 2105 et
791 2043 1029 2106 scrissi
1079 2045 1218 2107 alla
1251 2043 1661 2107 Universitii
1711 2045 1947 2125 quello
1999 2046 2129 2105 6116
2180 2043 2299 2124 qui
2350 2043 2407 2104 si
2457 2043 2842 2124 divulgava

305 2158 366 2209 et
409 2169 719 2232 pregava
769 2151 814 2213 li
865 2151 1130 2214 dottori
1179 2161 1249 2214 et
1298 2154 1694 2214 exhortava
1742 2172 1784 2211 a
1834 2153 2035 2212 voler
2084 2171 2217 2212 con
2267 2151 2337 2211 13
2389 2169 2517 2211 sua
2565 2159 2838 2212 senten-

307 2255 392 2317 tia
433 2257 747 2337 prohibir
808 2259 854 2319 li
905 2259 1204 2338 periculi
1253 2261 1438 2321 delle
1489 2258 1720 2320 anime
1770 2259 1860 2320 de
1910 2255 2161 2319 infiniti
2212 2256 2343 2318 che
2396 2257 2514 2337 qui
2562 2277 2639 2318 se
2686 2277 2840 2338 per-

310 2363 474 2424 dano
546 2385 676 2444 per
746 2375 998 2445 questa
1074 2365 1259 2427 falsa
1329 2367 1518 2427 fama
1594 2386 1635 2427 o
1685 2385 1947 2426 ancora
2008 2385 2139 2446 per
2204 2365 2272 2425 la
2338 2365 2491 2425 loro
2559 2363 2838 2426 tardita.

308 2467 496 2530 Certo
544 2472 674 2533 6116
721 2471 817 2533 1111
868 2471 1140 2533 dubitai
1190 2474 1476 2552 quando
1525 2473 1623 2534 tal
1672 2472 1864 2533 fama
1929 2474 1985 2532 si
2044 2490 2390 2551 spargea‚
2465 2473 2597 2533 che
2666 2471 2843 2534 forsi

307 2577 438 2637 loro
497 2579 882 2641 havessero
955 2580 1220 2641 veduto
1298 2578 1425 2641 soli
1504 2578 1550 2640 li
1613 2579 1887 2640 articuli
1938 2579 2127 2639 della
2176 2577 2385 2639 Bulla
2434 2578 2599 2640 nelli
2650 2579 2841 2659 quali

307 2683 383 2744 de
427 2694 774 2764 potestate
825 2686 1070 2767 Papae
1120 2706 1320 2748 corne
1370 2707 1450 2748 sa
1496 2686 1584 2746 V.
1636 2683 1708 2748 S.
1759 2686 1913 2746 R¹¹¹¹²
1960 2685 2006 2746 li
2049 2684 2353 2746 Parisini
2402 2705 2576 2747 sono
2626 2685 2693 2747 in
2746 2688 2836 2748 31-

307 2808 464 2851 cuna
527 2811 694 2854 cosa
765 2793 1102 2854 discordii
1181 2794 1271 2855 da
1344 2793 1480 2854 noi.
1576 2793 1763 2854 Pero
1814 2791 2098 2854 mandai
2146 2792 2299 2853 loro
2363 2791 2411 2853 li
2460 2792 2621 2854 altri
2672 2793 2835 2855 mali

307 2897 476 2977 libri,
523 2908 591 2960 et
637 2919 815 2962 sono
867 2902 1086 2962 molto
1137 2903 1410 2983 allegro
1461 2902 1592 2963 che
1641 2903 1710 2962 13
1759 2921 1926 2962 6053
1975 2899 2165 2981 passi
2215 2920 2415 2961 come
2465 2899 2558 2961 mi
2606 2900 2836 2963 scrive

305 3003 422 3063 mio
469 3004 768 3085 fratello,
819 3016 890 3067 et
939 3007 1120 3088 sapii
1171 3007 1257 3069 V.
1295 3004 1366 3069 S.
1403 3008 1554 3070 ΚΜ
1604 3010 1734 3069 6116
1783 3028 1825 3069 3
1872 3016 2113 3087 tempo
2164 3007 2400 3086 quello
2450 3007 2835 3069 medesimo

306 3109 364 3170 di
407 3112 524 3173 che
570 3114 916 3175 recevetti
963 3114 1158 3176 dette
1209 3116 1462 3176 lettere
1513 3135 1588 3175 se
1632 3113 2019 3195 divulgava
2068 3114 2137 3174 in
2171 3115 2457 3193 palazzo
2506 3135 2635 3195 per
2668 3135 2837 3177 cosa

309 3230 476 3281 certa
521 3222 648 3282 6116
697 3242 740 3283 3
789 3220 995 3282 Ρ31·15
1043 3221 1371 3283 haveano
1421 3222 1823 3302 approbato
1873 3219 1921 3281 li
1968 3220 2243 3281 articuli
2294 3220 2364 3280 di
2404 3220 2668 3282 Luther
2716 3242 2833 3283 ex-

311 3334 472 3387 cetto
518 3328 668 3408 doi,
729 3327 975 3407 liquali
1037 3348 1256 3389 ancor
1305 3328 1603 3389 diceano
1655 3346 1853 3389 esser
1900 3326 2331 3408 disputabili.
2428 3328 2486 3389 Il
2534 3329 2667 3391 che
2716 3349 2831 3410 ap-

315 3448 529 3508 presso
575 3434 790 3515 quelli
840 3436 972 3496 che
1021 3454 1160 3496 non
1211 3454 1470 3515 sann0‚
1537 3453 1903 3515 generano
1977 3434 2125 3517 (sic)
2188 3437 2463 3516 grande
2512 3438 2831 3516 tumulto,

313 3536 516 3601 donde
562 3541 989 3603 venendomi
1043 3542 1107 3603 el
1141 3541 1526 3603 Confessor
1574 3563 1616 3604 a
1663 3541 1774 3602 dir
1823 3542 1921 3602 tal
1956 3561 2143 3604 nova
2193 3542 2493 3621 (benchc
2547 3543 2641 3604 lui
2692 3565 2831 3607 non

313 3644 366 3703 la
407 3656 675 3725 potesse
725 3648 1006 3727 creder)
1054 3648 1124 3710 io
1171 3648 1222 3711 11
1269 3649 1557 3711 mostrai
1606 3650 1675 3711 la
1722 3650 1980 3733 lettera
2028 3658 2097 3709 et
2132 3648 2415 3711 subbito
2446 3670 2557 3711 me
2588 3650 2831 3713 fecero

316 3750 588 3815 chiamar
633 3776 676 3816 a
722 3756 1013 3836 palazzo
1065 3766 1136 3817 et
1183 3756 1438 3838 legger
1486 3757 1683 3818 detta
1731 3758 2020 3835 lettera,
2073 3757 2308 3817 donde
2356 3755 2563 3818 forno
2614 3759 2829 3819 molto

316 3856 502 3939 alegri
551 3870 616 3922 et
663 3861 710 3924 li
761 3862 1154 3925 adversarii
1203 3863 1364 3924 tutti
1413 3862 1774 3924 rebattuti.
1870 3860 1960 3924 Et
2006 3883 2047 3923 a
2096 3862 2183 3925 V.
2236 3859 2307 3924 S.
2360 3884 2469 3925 me
2517 3884 2699 3926 racc.

1499 4256 1603 4318 81.

766 4370 1059 4451 Carolus
1114 4370 1191 4451 V.
1251 4370 1674 4450 electoribus
1732 4372 1802 4449 et
1858 4370 2321 4471 principibus,

1160 4501 1326 4571 (Aeta
1360 4499 1630 4559 wormac.
1674 4499 1766 4558 fol.
1802 4498 1940 4569 140.)

1219 4602 1396 4668 (Circa
1436 4603 1484 4656 8.
1525 4603 1654 4651 Maii
1703 4600 1875 4669 1521.)

489 4707 744 4780 Carolus
793 4726 926 4781 etc.
1022 4716 1394 4781 Universis
1444 4727 1513 4781 et
1562 4718 1861 4800 singulis
1894 4718 2343 4781 Electoribus
2377 4719 2829 4802 Principibus

357 4814 466 4869 ‘³¹1¹
499 4812 978 4887 Ecclesiasticis
1027 4846 1236 4906 quam
1285 4828 1767 4888 saecularibus
1816 4826 2185 4913 Praelatis,
2236 4826 2645 4905 Comitibus,
2694 4828 2826 4890 Ba-

354 4915 602 5008 ¹’⁰¹¹ib118,
641 4932 982 4994 Militibus
1015 4943 1085 4995 et
1119 4933 1512 4996 Clientibus
1545 4932 1953 5014 Capitaneis
2004 4934 2404 5014 presidibus
2464 4946 2535 4996 et
2584 4935 2827 5020 judici-
