3575 5775
1299 567 1797 629 0<33mfl>⁶

284 718 702 804 principibus
757 739 890 801 pro
937 718 1124 782 virili
1169 738 1332 783 mea
1376 738 1645 783 summo
1696 718 1932 783 studio
1981 722 2337 802 conabor,
2406 729 2485 783 ut
2544 720 2832 784 tandem

284 829 398 890 hec
441 828 598 891 lues
631 836 786 890 toto
830 827 1140 908 pellatur
1173 828 1264 891 ab
1297 828 1494 891 orbe.
1569 824 1949 891 Coeterum
1978 827 2071 889 ad
2102 828 2236 890 hoc
2269 828 2635 911 negotium
2666 827 2835 893 Cae-

285 934 441 996 saris
488 943 560 997 et
591 932 960 997 Catholice
991 930 1388 1015 Majestatis
1433 933 1821 997 auctoritas
1868 934 2384 1016 propemodum
2430 934 2837 998 necessaria

284 1050 403 1122 est,
475 1060 688 1123 quam
736 1037 1092 1103 Sanctitas
1141 1039 1404 1103 Vestra
1467 1040 1717 1103 sedulo
1781 1060 2075 1103 monere
2135 1041 2406 1104 hortari
2467 1042 2835 1125 impellere

284 1149 718 1229 animareque
765 1146 858 1211 ad
904 1148 1088 1210 hanc
1138 1154 1284 1210 tam
1331 1157 1650 1210 sanctam
1699 1168 1848 1211 rem
1898 1167 2039 1211 non
2089 1148 2420 1229 desistat,
2483 1158 2563 1211 ut
2608 1148 2833 1231 Impe-

285 1254 530 1318 ratorio
577 1273 872 1318 munere
935 1253 1010 1316 in
1061 1253 1435 1317 turbandis
1503 1252 2133 1337 opprimendisque
2192 1255 2584 1318 novitatum
2640 1266 2834 1319 auto-

284 1361 462 1424 ribus
523 1360 936 1443 defungat,‘
973 1360 1094 1442 qui
1143 1378 1254 1423 me
1303 1360 1440 1422 sibi
1487 1361 1930 1445 potissimum
1978 1352 2271 1443 scopum
2318 1364 2587 1425 habent
2635 1382 2837 1426 exer-

287 1469 494 1531 cende
537 1466 832 1548 malitie,
879 1486 1024 1530 non
1073 1466 1358 1529 aliunde
1404 1465 1674 1529 inducti
1726 1488 1937 1549 quam
1988 1464 2255 1531 invidia
2303 1468 2837 1552 cupiditateque

285 1576 578 1638 habendi
625 1592 712 1637 ea
757 1592 895 1657 que
934 1572 1545 1655 Archiepiscopus
1581 1573 2234 1656 Magdeburgensis
2279 1574 2641 1657 possideO,
2697 1595 2838 1658 qua

287 1678 530 1745 diocesi
575 1680 719 1745 illis
750 1678 1050 1743 vicinior
1081 1698 1264 1755 sum;
1315 1699 1613 1763 quorum
1647 1690 1726 1743 ut
1762 1680 2128 1764 improbos
2170 1691 2468 1745 conatus
2501 1682 2837 1763 prudenti

287 1788 556 1852 consilio
642 1785 1004 1851 vincerem
1073 1786 1586 1851 Reverendum
1662 1807 1747 1850 ac
1832 1786 2388 1850 Illustrissimum
2456 1788 2835 1852 Dominum

287 1896 612 1975 Joannem
641 1895 1022 1959 Albertum
1055 1894 1464 1958 Patruelem
1495 1913 1730 1958 meum
1765 1891 1839 1956 in
1879 1892 2364 1957 coadiutorem
2412 1894 2484 1957 in
2520 1894 2839 1959 Ecclesia

288 2000 870 2086 Magdeburgensi
950 2002 1302 2085 assumpsi
1381 2020 1472 2065 ne
1537 2003 1668 2065 sub
1733 2001 1981 2064 mortis
2050 2020 2207 2064 mee
2273 2011 2551 2085 tempus
2620 2004 2837 2086 (quod

290 2111 476 2175 avide
521 2111 936 2193 expectant)
982 2108 1394 2172 invadende
1444 2109 2005 2192 occupandeque
2052 2108 2377 2171 Diocesis
2408 2108 2837 2191 Magdebur-

291 2218 506 2299 gensis
536 2217 820 2281 occasio
853 2216 1030 2299 ipsis
1057 2223 1207 2279 tum
1237 2215 1486 2279 relicta
1521 2217 1833 2297 dataque
1863 2214 2244 2280 videretur.
2310 2214 2841 2281 Coadiutoriam

289 2323 458 2389 illam
500 2334 579 2388 ut
623 2344 758 2407 per
800 2324 1087 2386 lieteras
1143 2321 1465 2386 eiusdem
1511 2321 1856 2405 patruelis
1904 2322 2039 2385 mei
2105 2320 2366 2385 certior
2412 2342 2565 2388 sum
2612 2324 2843 2389 factus

297 2430 358 2493 in
411 2431 634 2513 primo
697 2429 924 2514 ipsius
971 2428 1412 2493 Consistorio
1474 2430 1791 2513 gratiose
1855 2439 1925 2493 et
1988 2430 2375 2492 clementer
2430 2430 2712 2495 admisit
2772 2441 2845 2495 et

295 2538 716 2602 confirmavit
777 2557 920 2619 quo
969 2557 1111 2600 non
1176 2546 1322 2599 tam
1382 2535 1614 2618 ipsum
1675 2536 2073 2619 patruelem
2119 2554 2385 2615 meum,
2456 2554 2668 2618 quam
2729 2538 2885 2601 me'

293 2643 498 2725 ipsum
543 2666 626 2709 ac
659 2644 1062 2709 Ecclesiam
1108 2644 1554 2728 potissimum
1601 2662 1873 2707 summo
1920 2642 2272 2706 beneficio
2321 2642 2651 2707 affectam
2698 2644 2841 2707 exi-

297 2750 496 2833 stimo,
528 2752 840 2834 novique
872 2750 1206 2817 beneficii
1237 2750 1686 2830 accessioniS,
1721 2772 1833 2813 me
1864 2750 2095 2813 eidem
2122 2748 2504 2813 Sanctitati
2537 2750 2843 2814 Vestrae

299 2858 501 2944 magis
547 2859 936 2924 obnoxium
985 2878 1324 2943 agnosco,
1420 2856 1819 2939 Coeterum,
1870 2878 2017 2940 oro,
2073 2858 2443 2921 beatitudo
2496 2866 2733 2922 vestra
2770 2856 2843 2920 in

299 2966 902 3050 compositionibus
966 2987 1049 3031 ac
1100 2976 1520 3031 annatarum
1571 2967 1997 3030 solutionum
2062 2975 2131 3029 et
2182 2965 2335 3028 aliis
2380 2965 2479 3028 ita
2527 2965 2844 3048 benigne

302 3077 670 3154 patruelem
717 3095 951 3138 meum
999 3075 1210 3138 solita
1257 3073 1527 3158 pietate
1576 3085 1885 3138 tractare
1935 3073 2304 3155 dignetur,
2366 3081 2443 3134 ut
2489 3072 2848 3154 intelligat

302 3181 962 3245 commendationem
1008 3182 1192 3244 hanc
1243 3201 1472 3245 meam
1504 3201 1648 3244 non
1679 3201 1934 3263 parum
1967 3179 2288 3243 utilitatis
2337 3179 2472 3242 sibi
2504 3179 2845 3246 attulisse.

301 3285 606 3352 Feliciter
666 3308 752 3352 ac
815 3287 1209 3352 diutissime
1255 3290 1495 3352 valeat
1542 3286 1615 3353 S.
1665 3287 1754 3351 V.
1824 3288 1913 3350 ad
1962 3285 2342 3351 Christiani
2404 3286 2599 3350 orbis
2659 3294 2846 3350 tran·

305 3393 690 3474 quillitatem
752 3394 950 3458 cuius
1012 3394 1494 3459 Sanctissimis
1553 3395 1861 3478 pedibus
1923 3415 2035 3459 me
2083 3394 2591 3476 Ecclesiasque
2651 3414 2847 3458 meas

306 3518 523 3566 omnes
565 3502 953 3566 humillime
1002 3504 1444 3567 commendo,

459 3608 684 3672 Hallis
733 3608 850 3672 die
899 3607 1084 3672 XIV
1131 3608 1451 3689 Januarii
1499 3609 1715 3673 Anno
1762 3607 2204 3673 MDXXIV.

809 3715 890 3780 E.
938 3715 1022 3780 B.
1071 3715 1245 3781 Vre.

1918 3805 2239 3855 Humillima
2275 3805 2528 3854 creatura

1768 3891 2039 3956 Alborluss
2077 3901 2234 3955 eard.
2272 3900 2633 3964 Moguntinus.

1492 4201 1640 4269 143.

880 4308 1200 4391 Clemens
1243 4309 1411 4390 VH.
1470 4307 1875 4389 Marohioni
1929 4267 2256 4391 Badensi.

1209 4447 1334 4518 (Br.
1385 4447 1472 4507 ad
1517 4447 1745 4521 prino.
1807 4446 1946 4516 190.)

1269 4557 1384 4625 (17.
1424 4559 1642 4624 Januar.
1689 4562 1865 4623 1524.)

475 4675 744 4744 Dilecte
789 4677 913 4761 fili,
961 4683 1264 4746 salutem
1312 4691 1444 4747 etc.
1540 4681 1714 4746 Cum
1762 4701 1895 4766 pro
1942 4689 2186 4744 nostro
2244 4679 2521 4763 officio,
2576 4671 2851 4764 proque

325 4797 396 4844 ea
435 4786 966 4870 benevolentia,
1032 4809 1172 4870 qua
1234 4789 1439 4853 istam
1511 4788 1968 4852 fortissimam
2016 4787 2396 4852 Nationem
2444 4806 2726 4870 semper
2779 4787 2851 4851 in

327 4889 672 4960 minoribus
719 4895 1084 4978 prosecuti
1130 4915 1390 4978 sumus,
1459 4905 1530 4958 et
1578 4915 1764 4958 nunc
1812 4903 2113 4978 paterne
2159 4894 2686 4977 prosequimur,
2754 4895 2850 4957 di-

371 5011 514 5067 311811,
533 5017 814 5061 Documenta
831 5019 1110 5061 Latinorum..
2462 5000 2530 5054 21
