3575 5775
1685 549 2179 611 0-<33528m

651 702 806 763 loro
854 698 898 763 1’
925 696 1064 763 han
1114 695 1385 763 chiesto
1434 700 1504 761 al
1543 696 1925 764 Cardinale
1956 699 2399 783 Campeggio
2426 701 2705 784 Legato
2756 700 2827 765 di
2857 699 3007 764 Sua
3040 698 3231 765 San-

649 807 810 889 tita,
878 828 1010 890 per
1056 818 1358 871 ventura
1424 806 1614 869 saria
1659 807 1923 889 meglio
1995 808 2086 870 de
2133 807 2472 891 prevenir
2518 812 2587 871 la
2634 809 2831 873 detta
2876 808 3095 873 Die-ta
3150 808 3236 870 di

651 912 864 997 Spira
927 924 998 978 et
1056 913 1168 978 far
1215 914 1256 975 1²
1285 913 1727 977 intimatione
1789 922 1861 977 et
1926 914 2412 997 publicatione
2475 915 2594 978 del
2639 915 2840 978 detto
2889 913 3233 977 Concilio

649 1022 1050 1085 universale
1095 1040 1227 1103 per
1274 1022 1345 1084 la
1392 1031 1620 1084 estate
1668 1020 1997 1102 proxima
2057 1032 2129 1085 et
2173 1021 2294 1105 piu
2342 1031 2587 1106 presto
2636 1024 2769 1085 che
2814 1022 2880 1085 si
2924 1031 3235 1104 potesse

649 1130 835 1204 fare;
886 1140 958 1192 et
1005 1129 1126 1211 poi
1159 1128 1607 1192 demandono
1658 1129 1717 1191 si
1762 1127 1992 1192 faccia
2039 1130 2228 1194 nella
2258 1128 2546 1211 Magna,
2594 1129 2831 1211 potria
2855 1126 3003 1191 Sua
3038 1126 3236 1191 San·

649 1237 779 1300 tita
844 1238 1184 1319 eleggere
1249 1254 1381 1317 per
1427 1236 1801 1324 questo-la
1848 1234 2018 1297 citta
2084 1234 2157 1298 di
2203 1236 2504 1317 Trent0,
2576 1238 2707 1300 che
2772 1256 2903 1320 per
2968 1236 3134 1299 loro
3194 1236 3237 1298 ὲ

646 1354 892 1407 tenuta
955 1345 1144 1406 della
1190 1342 1462 1425 Magna
1525 1361 1791 1405 ancora
1838 1343 1971 1405 che
2037 1341 2143 1405 sia
2206 1342 2277 1405 in
2324 1342 2565 1423 Italia,
2636 1352 2709 1406 et
2767 1341 3007 1406 avanti
3082 1344 3240 1405 che

646 1450 928 1514 venisse
1007 1449 1051 1513 'l
1127 1458 1368 1530 tempo
1446 1450 1636 1512 della
1705 1447 2218 1513 convocatione
2301 1450 2362 1511 si
2434 1450 2669 1532 potria
2760 1469 2892 1513 con
2971 1447 3243 1531 giusta

647 1577 862 1620 causa
921 1555 1223 1619 mutarlo
1286 1555 1358 1617 in
1431 1558 1612 1619 altro
1683 1558 1903 1639 luogo
1965 1556 2084 1637 piu
2157 1578 2200 1619 a
2262 1555 2635 1639 proposito
2702 1576 2745 1618 0
2810 1555 2882 1619 in
2947 1556 3241 1636 Roma,

647 1684 689 1727 o
735 1662 807 1726 in
857 1665 1036 1726 altre
1085 1660 1254 1725 citta
1314 1662 1381 1724 d'
1409 1662 1649 1742 Italia,
1724 1671 1795 1726 et
1842 1681 2108 1727 ancora
2173 1666 2305 1727 che
2354 1664 2398 1727 ’1
2445 1664 2745 1727 termine
2810 1664 3001 1727 della
3050 1682 3239 1727 con-

645 1769 1024 1833 vocatione
1104 1769 1281 1833 fussi
1364 1790 1496 1853 per
1565 1770 1968 1853 primavera
2034 1791 2165 1854 per
2240 1770 2545 1853 impedit
2612 1770 2732 1854 piu
2803 1770 3243 1833 facilmente

644 1879 713 1941 la
760 1878 976 1941 Dieta
1025 1877 1095 1939 di
1144 1875 1392 1959 Spita,
1463 1878 1522 1940 si
1570 1877 1808 1959 potria
1854 1877 1927 1941 di
1972 1877 2095 1960 poi
2164 1901 2203 1941 a
2249 1888 2494 1943 nostra
2540 1877 3002 1961 requisitione
3055 1899 3241 1962 pro·

643 1986 954 2067 rogar10.
1048 1983 1295 2047 Direte
1363 2005 1406 2047 a
1470 1981 1618 2047 Sua
1685 1982 1966 2049 Santita
2033 1988 2165 2049 che
2232 1984 2585 2048 consideri
2652 1986 2870 2048 molto
2935 1987 3083 2048 ben
3164 1988 3244 2049 el

644 2101 828 2155 tutto
877 2101 949 2155 et
996 2092 1058 2155 ci
1107 2091 1333 2155 avvisi
1378 2092 1428 2155 il
1477 2111 1605 2154 suo
1653 2112 1950 2173 parere,
2022 2093 2154 2157 che
2202 2112 2343 2155 non
2392 2094 2783 2155 lasceremo
2850 2090 2922 2154 di
2968 2093 3247 2175 seguir

643 2220 772 2263 suo
842 2202 1034 2262 buon
1107 2199 1454 2281 consiglio
1525 2218 1725 2262 come
1798 2197 1871 2260 di
1941 2209 2185 2263 nostro
2254 2218 2426 2263 vero
2495 2200 2750 2281 padre,
2837 2208 2909 2262 et
2977 2219 3241 2263 eorre—

643 2306 1008 2390 sponderli
1074 2327 1272 2370 come
1351 2309 1542 2370 buon
1614 2304 1886 2387 figliolo
1954 2316 2028 2369 et
2099 2316 2467 2389 protector
2531 2306 2602 2368 di
2680 2307 2917 2389 quella
2986 2303 3245 2370 Santa

644 2410 856 2478 Sede.
907 2424 1039 2477 etc.

1848 2931 1998 2998 159.

1571 3048 1864 3130 Carolus
1919 3047 2319 3132 clementi„-

1481 3197 1680 3272 (Epist.
1731 3197 1969 3270 Pfinoip.
2007 3195 2051 3254 1.
2106 3195 2198 3255 tol.
2234 3195 2371 3269 219.)

1668 3316 1779 3386 (18.
1820 3317 1951 3366 Maii
1996 3317 2171 3383 1524.)

963 3451 1384 3516 Beatissime
1433 3451 1651 3514 Pater
1697 3449 2003 3514 Domine
2050 3447 2702 3514 Reverendissime.

821 3595 1163 3658 Libenter
1210 3613 1453 3657 eorum
1521 3593 1910 3657 commodis
1971 3592 2443 3673 consulimuS,
2508 3611 2806 3674 quorum
2865 3589 3055 3656 fides
3126 3595 3243 3660 in-

645 3700 915 3766 dustria
972 3710 1045 3764 et
1089 3699 1415 3764 assiduus
1484 3703 1690 3764 labor
1753 3721 1839 3764 ac
1905 3697 2280 3781 diligentia
2350 3717 2489 3760 non
2560 3700 2787 3762 solum
2856 3698 3077 3762 nobis
3164 3713 3251 3768 et

642 3807 1030 3873 maioribus
1076 3807 1371 3888 nostri5‚
1419 3810 1544 3871 sed
1615 3807 1827 3870 etiam
1876 3805 2185 3870 Sanctae
2232 3805 2347 3869 isti
2399 3803 2571 3868 Sedi
2627 3813 2699 3868 et
2758 3805 3249 3874 orthodoxae

643 3915 811 3980 fidei
859 3915 1012 3979 usui
1063 3924 1135 3978 et
1181 3924 1596 3978 ornamento
1645 3913 1802 3978 fuit.
1879 3913 2054 3977 Cum
2096 3913 2337 3994 itaque
2366 3911 2808 3976 honorabilis
2840 3912 3251 3998 utriusque

637 4023 813 4105 juris
875 4023 1150 4086 Doctor
1215 4022 1591 4084 Balthasar
1672 4020 2085 4104 propositus
2155 4019 2227 4082 in
2285 4018 2693 4082 Waltki-rch
2763 4019 3253 4088 consiliarius

645 4139 891 4194 noster
938 4130 1242 4192 devotus
1291 4127 1593 4191 dilectus
1639 4127 1709 4190 in
1761 4127 2041 4210 magnis
2083 4135 2155 4189 et
2187 4124 2427 4188 arduis
2476 4128 2695 4189 rebus
2738 4126 2925 4189 Divo
2961 4125 3253 4196 Cesari

644 4235 1131 4300 Maximiliano
1179 4235 1488 4299 Domino
1539 4244 1609 4298 et
1657 4255 1794 4299 avo
1828 4244 2072 4298 nostro
2105 4232 2601 4296 colendissimo
2641 4232 3253 4315 preclarissimae

644 4343 1027 4407 memoriae
1076 4342 1616 4425 diligentissime
1666 4340 2067 4420 sei-viverit,
2118 4350 2189 4404 et
2217 4338 2667 4422 Imperialem
2693 4338 3251 4408 Cancellariam

645 4469 914 4513 summa
963 4470 1119 4514 curn
1181 4451 1394 4514 laude
1443 4459 1514 4513 et
1559 4448 1975 4532 integritate
2022 4447 2259 4511 multis
2318 4447 2525 4510 annis
2584 4445 3255 4531 administraverit,

645 4576 778 4620 nec
825 4575 965 4620 non
1017 4556 1358 4621 defuncta
1405 4556 1558 4620 eius
1595 4557 1974 4620 Maiestate
2022 4556 2115 4618 ad
2164 4554 2510 4636 obsequia
2554 4563 2801 4618 nostra
2847 4565 3256 4642 evocatuS,

639 4663 855 4726 ‘nobis
903 4682 1059 4726 cum
1107 4664 1345 4727 multis
1390 4663 1463 4726 in
1508 4666 1758 4744 rebus,
1808 4672 1956 4725 tum
2002 4661 2391 4745 praecipue
2438 4661 2508 4722 in
2559 4670 2917 4724 conventu
2964 4675 3255 4733 nostro

646 4769 1002 4852 Imperiali
1049 4769 1559 4834 Wormatiensi
1631 4770 2066 4852 singularem
2132 4788 2424 4850 operam
2486 4777 2557 4831 et
2602 4765 2816 4831 fidem
2862 4766 3253 4839 illibatam

646 4875 1050 4952 navaverit3
1127 4877 1410 4961 quippe
1475 4877 1744 4941 ibidem
1810 4888 2058 4939 contra
2128 4876 2575 4938 lutheranam
2650 4875 2954 4938 heresim
3040 4879 3255 4946 mira
