3575 5775
1283 569 1400 624 0-{3
1482 571 1584 625 157
1664 564 1780 620 5³⁴²

445 715 518 778 Li
563 715 921 780 Cardinali
970 726 1042 779 et
1092 716 1358 780 Prelati
1408 716 1478 778 di
1529 725 1778 798 questa
1830 715 2019 778 dieta
2081 717 2317 778 hanno
2366 715 2693 776 ordinato
2744 713 2813 776 di

295 822 385 885 far
422 823 972 904 congregatione
1034 823 1220 886 intra
1265 824 1420 886 loro
1468 843 1600 904 per
1646 833 1891 884 trovar
1938 820 2252 884 remedio
2315 821 2435 882 alli
2483 820 2813 884 inconve-

291 929 478 991 nienti
534 931 666 992 che
715 931 1060 994 minaccia
1108 932 1399 994 Hutten.
1499 931 1625 992 De'
1678 929 1982 1011 principi
2043 928 2205 992 laici
2253 949 2391 992 non
2456 928 2813 1010 possiamo

285 1035 414 1098 fare
457 1037 573 1117 piu
621 1040 896 1118 grande
946 1037 1412 1102 fundamento
1463 1038 1596 1100 che
1647 1038 1763 1099 del
1812 1039 2069 1098 elettor
2112 1036 2639 1116 Brandeburgh
2687 1056 2817 1118 per

281 1145 468 1205 molte
526 1143 809 1226 ragioni
873 1147 1052 1208 altre
1100 1146 1296 1208 volte
1357 1165 1489 1226 per
1539 1165 1648 1206 me
1697 1145 2045 1225 allegate;
2118 1142 2295 1222 pero
2356 1145 2683 1223 besogna
2743 1142 2811 1204 in

278 1249 424 1330 ogni
469 1251 678 1312 modo
727 1255 862 1314 che
909 1251 980 1314 in
1027 1253 1268 1332 quella
1315 1272 1532 1314 causa
1565 1247 2176 1330 Havelbergensis
2224 1249 2699 1331 Episcopatus
2748 1247 2814 1310 in

277 1355 566 1420 favorem
615 1357 952 1441 Episcopi
1017 1358 1687 1440 Brandeburgensis
1747 1379 1826 1420 se
1875 1357 1925 1420 li
1985 1357 2179 1420 habii
2230 1376 2408 1437 gran
2470 1364 2811 1437 respetto‚

281 1475 404 1525 tum
449 1465 722 1528 ratione
769 1465 994 1548 ipsius
1043 1465 1419 1548 Episcopi,
1467 1465 1518 1528 il
1565 1467 1776 1548 quale
1828 1466 1863 1527 ὲ
1914 1463 2483 1528 constantissimo
2532 1473 2607 1526 et
2653 1463 2813 1524 dico

278 1569 452 1649 quasi
499 1572 1050 1636 obstinatissimo
1101 1592 1232 1655 per
1279 1573 1419 1654 noi,
1469 1574 1680 1636 homo
1727 1571 1876 1634 fixo
1936 1583 2007 1634 et
2055 1569 2605 1648 melancholiCO,
2667 1578 2812 1633 tum

278 1687 334 1738 et
377 1677 636 1742 ratione
683 1679 1122 1743 Marchionis
1170 1682 1235 1744 el
1286 1683 1496 1763 quale
1562 1681 2013 1761 perderebbe
2062 1681 2283 1741 molto
2346 1677 2609 1760 perche
2656 1695 2809 1757 pre-

277 1785 461 1848 tende
507 1787 776 1850 habere
825 1788 932 1850 ius
972 1787 1404 1868 nominandi,
1453 1799 1526 1850 et
1573 1787 1631 1849 si
1664 1807 1869 1850 come
1908 1789 2059 1849 loro
2090 1797 2475 1866 mostrano‚
2524 1784 2598 1848 fu
2632 1783 2811 1846 satta

275 1894 520 1971 grande
569 1893 822 1956 fraude
873 1915 1002 1974 per
1049 1895 1093 1956 l’
1121 1895 1536 1958 adversario
1585 1894 1656 1956 in
1705 1895 1774 1956 la
1824 1893 2181 1958 elettione.

425 1999 933 2064 Raccomando
999 2003 1092 2064 da
1139 2023 1377 2065 nuovo
1441 2005 1510 2066 la
1557 2023 1771 2064 causa
1834 2001 1907 2063 di
1956 2001 2304 2082 Capitone
2366 1999 2628 2082 perche
2691 1997 2809 2059 im-

275 2115 454 2184 porta
499 2109 685 2172 assai
739 2112 804 2172 al
854 2108 1032 2172 fatto
1083 2120 1349 2187 nostre,
1399 2119 1472 2173 et
1519 2111 1679 2172 dico
1727 2109 1934 2174 assai.

425 2213 596 2278 Item
659 2218 1136 2280 raccomando
1187 2216 1570 2298 Spieghel,
1643 2219 1710 2279 el
1765 2217 1939 2296 qual
1988 2217 2205 2279 molto
2266 2236 2343 2277 se
2394 2213 2721 2278 offerisce
2768 2234 2811 2276 a

273 2320 470 2382 servir
515 2321 602 2384 V.
657 2319 730 2384 S.
781 2323 974 2386 Rma
1036 2345 1238 2386 come
1285 2327 1466 2387 altre
1517 2326 1710 2387 volte
1769 2325 1865 2385 ho
1923 2323 2171 2385 scritto
2234 2332 2307 2386 et
2350 2331 2603 2403 aperte
2651 2319 2809 2383 dice

271 2427 406 2506 che,
451 2448 526 2490 se
568 2449 645 2492 se
695 2428 744 2491 li
793 2431 888 2492 da
919 2449 1058 2492 una
1091 2430 1312 2511 ciffra,
1363 2429 1684 2494 revelet-a
1718 2451 1885 2492 cose
1914 2430 2103 2492 assai
2132 2437 2206 2492 et
2232 2428 2583 2492 mirabilia
2610 2427 2809 2508 polli-

271 2541 486 2608 cetur;
535 2535 570 2597 ὲ
620 2537 833 2599 homo
881 2536 1064 2599 falso
1116 2547 1186 2599 et
1235 2538 1306 2598 di
1353 2557 1540 2620 poco
1589 2537 1937 2609 cervello;
1988 2557 2127 2624 non
2177 2537 2213 2600 ὲ
2246 2536 2389 2600 mal
2418 2545 2653 2598 tentar
2701 2532 2809 2596 cio

269 2639 386 2700 che
443 2640 538 2702 lui
585 2663 666 2704 sa
714 2642 857 2715 far;
933 2663 1012 2706 so
1061 2646 1202 2707 ben
1268 2647 1400 2706 che
1462 2643 1558 2706 lui
1607 2645 1644 2706 ὲ
1693 2664 1835 2706 uno
1902 2643 2068 2706 delli
2116 2642 2341 2706 intimi
2405 2643 2592 2704 della
2653 2660 2805 2722 per·

269 2763 459 2808 versa
501 2749 938 2812 Accademia
1004 2760 1076 2813 et
1139 2771 1252 2814 me
1317 2753 1565 2814 revela
1629 2753 1847 2814 molte
1912 2770 2077 2813 cose
2146 2760 2219 2813 et
2281 2757 2634 2831 promette
2698 2748 2811 2811 far

268 2853 442 2917 buon
504 2854 742 2920 officio
809 2879 924 2921 ma
988 2866 1528 2923 secretamente.
1621 2859 1700 2921 Io
1766 2858 1989 2941 fengo
2046 2857 2319 2921 fidarrni
2389 2855 2460 2919 di
2508 2855 2638 2935 lui,
2710 2853 2806 2917 dil

269 2962 388 3023 che
429 2963 562 3025 Dio
627 2986 740 3027 me
789 2965 1078 3046 guardi;
1153 2988 1266 3031 ma
1315 2976 1502 3030 sotto
1560 2976 1811 3048 questa
1858 2965 2133 3029 fittione
2200 2966 2241 3026 1’
2270 2966 2529 3027 huomo
2592 2982 2667 3024 se
2716 2982 2807 3025 ne

267 3070 376 3146 pol
435 3070 694 3151 servir,
765 3074 1028 3154 perche
1101 3094 1242 3137 non
1310 3074 1368 3137 si
1417 3075 1640 3155 perde
1689 3072 1949 3137 niente.
2045 3072 2125 3135 In
2192 3091 2461 3135 summa
2519 3090 2627 3133 me
2676 3088 2808 3150 par

267 3193 448 3237 esser
489 3180 704 3241 molto
754 3181 822 3242 al
867 3180 1240 3261 proposito
1290 3180 1452 3243 farli
1499 3182 1736 3262 quelle
1779 3178 2009 3260 gratie
2060 3180 2149 3241 de
2192 3178 2383 3259 quali
2414 3180 2507 3239 ho
2542 3175 2805 3240 scritto·

427 3282 597 3347 Dice
660 3305 925 3349 ancora
987 3288 1118 3349 che
1177 3289 1267 3351 de
1315 3288 1476 3350 tutti
1525 3287 1696 3350 moti
1757 3298 1829 3349 et
1891 3271 2183 3350 conselii
2247 3286 2379 3348 che
2444 3284 2538 3347 lui
2586 3284 2808 3347 inten-

265 3388 422 3450 ἀει-ἐι
465 3388 578 3471 qui
625 3403 792 3473 post
842 3392 1227 3457 discessum
1277 3394 1608 3457 Caesaris
1657 3394 1831 3456 dara
1878 3397 2073 3456 buon
2121 3394 2408 3472 adviso,
2456 3391 2723 3474 perche
2772 3390 2807 3452 ὸ

266 3498 634 3561 secretario
686 3500 802 3561 del
851 3501 1168 3564 conselio
1218 3511 1289 3564 et
1338 3503 1693 3564 demanda
1740 3521 1871 3583 per
1920 3504 1983 3565 el
2033 3500 2337 3563 servicio
2385 3501 2457 3562 di
2505 3509 2613 3563 tre
2648 3498 2809 3561 anni

262 3601 566 3680 proxime
633 3604 852 3669 futuri
919 3610 1146 3671 solum
1211 3607 1518 3672 florenos
1567 3619 1849 3671 centum
1898 3608 2051 3671 auri
2117 3628 2455 3671 renenses
2520 3608 2588 3669 al
2655 3627 2809 3688 pre-

261 3719 448 3772 sente
489 3714 758 3797 pagati.

423 3817 530 3881 De
587 3822 828 3900 quella
876 3842 1092 3884 causa
1139 3821 1698 3885 monasteriense
1747 3843 1883 3884 con
1932 3823 2345 3902 monsignor
2395 3822 2808 3900 Casertan0‚

261 3934 576 4001 questoro
639 3943 729 3989 ne
777 3929 1038 3991 voleno
1088 3928 1199 3991 far
1248 3929 1367 4009 qui
1414 3931 1690 4011 grande
1739 3930 2035 4010 querela
2082 3928 2151 3993 in
2203 3929 2428 4001 dieta;
2485 3928 2569 3991 -io
2619 3929 2667 3993 li
2715 3930 2807 3990 ho

263 4030 578 4093 retardati
641 4052 772 4114 per
821 4034 1056 4097 alcuni
1119 4034 1350 4115 giorni
1415 4057 1545 4118 per
1592 4036 1881 4117 meggio
1942 4036 2059 4098 del
2108 4036 2498 4099 Cancellier
2558 4035 2630 4097 di
2680 4036 2805 4097 Co-

266 4135 440 4199 lonia
489 4136 714 4202 finche
778 4138 847 4202 io
894 4141 1087 4203 habii
1140 4150 1466 4223 resposta
1511 4143 1604 4205 da
1643 4144 1914 4216 Roma;
1986 4164 2225 4205 amore
2274 4143 2409 4206 Dei
2457 4163 2534 4205 se
2582 4142 2641 4205 si
2688 4143 2808 4225 pol

261 4243 592 4307 remediar
636 4245 695 4308 si
746 4246 928 4309 faeci
975 4248 1240 4329 perche
1291 4250 1360 4310 la
1411 4248 1670 4311 Chiesa
1719 4250 2273 4312 monasteriense
2324 4251 2361 4312 ὲ
2408 4249 2621 4313 fidele
2668 4250 2809 4313 alla

262 4348 438 4413 Sede
465 4349 887 4433 Apostolica
937 4364 1008 4416 et
1053 4355 1372 4436 produce
1423 4357 1512 4418 de
1561 4355 1831 4418 versuti
1877 4355 2142 4419 homini
2191 4357 2339 4438 apti
2389 4378 2432 4419 a
2478 4356 2588 4419 far
2618 4356 2807 4419 mille

260 4454 697 4522 innovationi.
795 4460 952 4523 Non
1019 4463 1112 4523 ho
1163 4474 1458 4543 possuto
1520 4462 1634 4525 far
1693 4462 1764 4524 di
1831 4483 1971 4527 non
2022 4466 2315 4526 mandar
2377 4466 2445 4526 la
2506 4466 2659 4528 loro
2708 4464 2804 4527 in—

261 4563 649 4639 struttione3
719 4566 808 4629 V.
860 4566 933 4629 S.
1005 4568 1196 4631 Rma
1262 4568 1321 4630 si
1389 4569 1606 4651 degni
1672 4568 1859 4631 faria
1920 4572 2143 4632 veder
2212 4581 2285 4634 et
2350 4593 2425 4633 se
2490 4570 2673 4634 sacci
2739 4574 2804 4634 el

264 4670 506 4752 meglio
554 4673 611 4735 si
657 4674 822 4755 pub.
919 4674 1130 4737 Delia
1177 4675 1630 4757 prepositura
1679 4696 1793 4739 me
1841 4696 2017 4757 pare
2066 4678 2223 4739 chel
2272 4677 2519 4758 signor
2560 4678 2802 4741 Caser-

263 4788 410 4840 tano
467 4778 770 4843 sarebbe
833 4782 970 4844 ben
1019 4784 1316 4845 mandat
1383 4783 1450 4844 la
1506 4782 2032 4865 resignatione,
2102 4786 2363 4865 perche
2427 4806 2567 4848 non
2632 4788 2667 4849 ὲ
2731 4785 2803 4847 di

263 4886 457 4949 molto
507 4888 725 4968 valor,
775 4895 845 4949 et
892 4887 1013 4970 poi
1062 4889 1132 4951 di
1172 4890 1294 4972 piu
1343 4908 1520 4971 gran
1555 4891 1892 4953 scandalo
1942 4892 2205 4973 perche
2256 4892 2290 4956 ὁ
2342 4896 2804 4957 corroborata
