3575 5775
1549 1350 1606 1415 1.

711 1487 1038 1554 Friderico
1086 1488 1246 1555 Dussi
1295 1490 1634 1559 saxoniae.
1684 1493 1758 1561 δ’.
1808 1494 1891 1561 R).
1940 1494 2118 1578 lmp¹.
2170 1496 2437 1563 electori

1179 1630 1417 1717 Leo
1486 1632 1718 1717 PP.
1787 1634 2001 1737 ΖΒ)

1019 1790 1226 1860 (Acta
1262 1788 1823 1849 wormaciensia
1858 1791 1973 1851 fol.
2012 1793 2122 1861 6¹2)

1342 1935 1413 2002 (8.
1453 1936 1586 2001 Julii
1631 1936 1805 2005 1520.)

462 2204 743 2267 Dilecte
805 2203 905 2265 fili
967 2205 1267 2265 salutem
1329 2215 1401 2267 et
1461 2205 1929 2285 apostolicam
1996 2206 2588 2271 benedictionem.
2692 2209 2853 2272 Cre-

301 2314 456 2375 dere
517 2315 843 2374 volumus
908 2307 1352 2373 nobilitatem
1415 2321 1608 2373 tuam
1674 2332 1827 2393 noe,
1890 2324 1961 2374 et
2008 2333 2140 2393 pro
2190 2324 2445 2378 natura
2490 2327 2735 2378 nostra
2787 2328 2856 2378 et

299 2439 416 2499 pro
463 2418 819 2481 Pastorali
869 2420 1060 2499 quod
1111 2417 1421 2497 gerimus
1471 2417 1729 2499 officio,
1781 2420 1873 2481 ad
1924 2420 2287 2483 lenitatem
2339 2432 2409 2487 et
2456 2433 2851 2485 mansuetu-

297 2526 516 2589 dinem
548 2544 970 2608 propenSOS,
1023 2526 1318 2587 moleste
1366 2526 1746 2587 admodum
1794 2525 1985 2589 ferre
2038 2548 2197 2590 cum
2230 2531 2347 2591 vel
2377 2549 2556 2591 unus
2596 2530 2853 2611 aliquis

297 2654 378 2696 ex
422 2654 650 2715 grege
701 2652 944 2694 eorum
995 2631 1114 2712 qui
1164 2652 1367 2695 sacro
1419 2632 1690 2714 perfusi
1737 2635 2169 2715 baptismate
2218 2633 2339 2699 filii
2388 2645 2553 2698 sunt
2601 2646 2671 2699 et
2718 2635 2853 2699 Dei

297 2752 360 2802 et
419 2740 673 2819 nostri,
741 2739 1008 2819 aliquid
1071 2738 1462 2801 committat
1529 2740 1598 2802 in
1661 2742 1897 2821 legem
1960 2751 2277 2804 sanctam
2327 2751 2397 2804 et
2445 2741 2853 2824 scripturaS,

297 2868 423 2930 quo
485 2846 639 2930 ejici
703 2868 795 2910 ex
861 2846 1167 2910 ecclesia
1227 2855 1611 2922 mereatur;
1681 2848 1799 2910 vel
1862 2868 2020 2912 cum
2080 2848 2202 2912 illo
2257 2849 2348 2911 ad
2404 2848 2697 2912 sceleris
2746 2848 2852 2912 sui

297 2956 663 3034 vesaniam,
738 2965 808 3016 et
858 2953 1362 3017 contumatiam
1435 2965 1506 3024 et
1573 2955 2125 3018 obstinationem
2189 2957 2501 3018 addente
2565 2958 2656 3018 ad
2722 2976 2852 3018 nos

295 3063 683 3125 necessario
735 3061 1052 3123 defertur
1101 3062 1447 3123 severitas
1499 3061 1937 3124 vindicandi:
2008 3063 2183 3124 Nam
2238 3072 2308 3124 et
2342 3061 2699 3125 interitum
2734 3065 2851 3124 vel

295 3169 608 3232 minimae
657 3170 812 3231 ovis
861 3190 954 3232 ex
1002 3188 1228 3250 grege
1279 3178 1521 3232 nostro
1572 3190 1730 3231 cum
1778 3169 2026 3232 dolore
2075 3169 2400 3248 ferimuS,
2454 3178 2524 3230 et
2571 3188 2850 3251 poenae

295 3277 802 3338 animadversio
865 3275 1388 3338 mansuetudini
1454 3287 1738 3338 nostrae
1802 3277 2265 3339 vehementer
2314 3284 2422 3338 est
2469 3276 2845 3340 contraria.

297 3382 528 3464 Itaque
575 3385 864 3446 Testem
913 3383 1143 3443 Deum
1208 3383 1768 3464 omnipotentem
1826 3393 1899 3446 et
1945 3393 2137 3446 tuam
2186 3382 2631 3446 nobilitatem
2679 3383 2843 3446 faci-

293 3510 434 3551 mus
463 3511 589 3552 nos
614 3491 759 3570 jam
803 3492 894 3552 ab
929 3489 1128 3552 initio
1167 3511 1324 3552 cum
1357 3489 1646 3551 Martini
1683 3489 1999 3572 Lutheri,
2049 3510 2259 3572 quem
2288 3489 2511 3552 filium
2544 3490 2845 3572 amplius

295 3608 592 3660 nostrum
642 3617 906 3658 vocare
956 3617 1096 3658 non
1129 3618 1524 3678 possumus,
1574 3598 1875 3678 primum
1909 3597 2391 3660 malivolentia
2427 3608 2496 3660 et
2529 3597 2846 3660 inaudito

295 3707 580 3782 quodam
629 3703 698 3765 in
748 3705 932 3766 hanc
984 3703 1520 3772 Sanctissimam
1563 3703 1827 3766 Sedem
1874 3714 2243 3786 totumque
2292 3725 2549 3766 nomen
2583 3705 2844 3767 Roma-

297 3829 444 3872 num
505 3811 670 3873 odio
735 3818 1316 3892 prorumpentem
1365 3809 1871 3888 temeritatem,
1935 3809 2196 3872 deinde
2258 3831 2481 3892 usque
2541 3812 2633 3874 ad
2678 3810 2845 3873 fidei

295 3919 724 3982 orthodoxae
757 3919 1224 3980 fundamenta
1258 3919 1750 3999 convellenda,
1800 3919 2052 3998 bonOS,
2103 3929 2175 3980 et
2204 3939 2436 3981 mores
2472 3930 2545 3980 et
2572 3918 2845 3980 animos

295 4027 870 4108 corrumpendos,
951 4045 1373 4106 omnemque
1454 4025 1774 4088 ordinem
1857 4025 2298 4088 Christianae
2366 4024 2844 4106 Reipublicae

296 4133 825 4208 pervertendum
875 4141 1290 4213 provectam
1340 4131 1684 4194 insaniam
1733 4132 2140 4195 videremus
2191 4131 2448 4195 diutius
2491 4153 2647 4195 esse
2687 4153 2841 4214 pas-

297 4257 427 4318 305,
485 4260 690 4320 quam
739 4239 1036 4303 forsitan
1085 4241 1466 4321 pastoralis
1517 4241 1744 4302 Curae
1794 4239 2167 4321 vigilantia
2214 4242 2653 4321 postulabat:
2716 4243 2845 4303 sed

297 4363 374 4404 ea
401 4365 516 4427 spe
550 4367 708 4408 esse
744 4367 1013 4427 paSSOS‚
1049 4347 1241 4437 quod
1275 4347 1468 4408 illum
1500 4347 1590 4408 ad
1625 4348 2137 4428 poenitentiam
2168 4345 2508 4428 converti,
2544 4359 2615 4410 et
2648 4359 2840 4411 tuam

297 4453 717 4517 nobilitatem
783 4475 923 4515 non
986 4452 1255 4517 offendi
1323 4454 1740 4535 optavimus,
1850 4452 1969 4516 Sic
2038 4455 2223 4517 enim
2286 4455 2636 4516 communi
2702 4477 2841 4518 om-

299 4555 466 4622 nium
525 4582 850 4624 sermone
911 4561 1497 4642 praedicabatur,
1567 4563 1694 4624 tibi
1743 4563 1939 4625 illum
1988 4565 2276 4624 charum
2327 4572 2842 4643 acceptumque

301 4682 460 4748 esse,
511 4679 773 4750 tuoque
821 4669 1017 4732 illum
1064 4669 1462 4751 patrocinio
1513 4671 1742 4750 magis
1791 4669 2131 4732 confisum
2179 4690 2390 4751 quam
2437 4672 2841 4751 oportebat,

372 4790 698 4802 ———-—-———

345 4861 382 4922 ¹)
427 4863 690 4912 Diversam
743 4866 958 4914 omnino
1005 4865 1284 4928 epistolam
1335 4866 1614 4914 ediderunt
1661 4867 2005 4930 impressores
2054 4881 2270 4931 operum
2316 4865 2567 4924 Lutheri,
2620 4867 2686 4914 de
2738 4882 2841 4930 qua

427 4944 640 4992 diximus
680 4947 732 4994 in
777 4946 1120 5010 praefatione.

355 5045 492 5100 Balsa,
517 5050 800 5090 nocumenta
819 5052 1096 5092 butherana.
2486 5033 2516 5088 l
