<?xml version="1.0" encoding="UTF-8"?>
<!DOCTYPE html PUBLIC "-//W3C//DTD XHTML 1.0 Transitional//EN"
    "http://www.w3.org/TR/xhtml1/DTD/xhtml1-transitional.dtd">
<html xmlns="http://www.w3.org/1999/xhtml" xml:lang="en" lang="en">
 <head>
  <title>
</title>
<meta http-equiv="Content-Type" content="text/html;charset=utf-8" />
  <meta name='ocr-system' content='tesseract 3.04.00' />
  <meta name='ocr-capabilities' content='ocr_page ocr_carea ocr_par ocr_line ocrx_word'/>
</head>
<body>
  <div class='ocr_page' id='page_1' title='image "./monumentareform02vatigoog_0385.png"; bbox 0 0 3575 5775; ppageno 0'>
   <div class='ocr_carea' id='block_1_1' title="bbox 1341 563 1839 654">
    <p class='ocr_par' dir='ltr' id='par_1_1' title="bbox 1341 563 1839 654">
     <span class='ocr_line' id='line_1_1' title="bbox 1341 563 1839 654; baseline -0.006 0"><span class='ocrx_word' id='word_1_1' title='bbox 1341 585 1456 654; x_wconf 54' lang='grc' dir='ltr'>ὡς)</span> <span class='ocrx_word' id='word_1_2' title='bbox 1535 563 1649 654; x_wconf 60' lang='lat'>505</span> <span class='ocrx_word' id='word_1_3' title='bbox 1718 574 1839 652; x_wconf 61' lang='lat' dir='ltr'>e-o&#39;</span> 
     </span>
    </p>
   </div>
   <div class='ocr_carea' id='block_1_2' title="bbox 230 713 2930 4679">
    <p class='ocr_par' dir='ltr' id='par_1_2' title="bbox 230 713 2930 4679">
     <span class='ocr_line' id='line_1_2' title="bbox 230 713 2872 846; baseline -0.002 -32"><span class='ocrx_word' id='word_1_4' title='bbox 230 793 235 798; x_wconf 91' lang='lat'><em>-</em></span> <span class='ocrx_word' id='word_1_5' title='bbox 314 743 446 814; x_wconf 80' lang='lat' dir='ltr'>non</span> <span class='ocrx_word' id='word_1_6' title='bbox 495 715 889 813; x_wconf 64' lang='lat' dir='ltr'>exambita</span> <span class='ocrx_word' id='word_1_7' title='bbox 978 713 1292 846; x_wconf 58' lang='lat' dir='ltr'>Quorum</span> <span class='ocrx_word' id='word_1_8' title='bbox 1342 727 1450 809; x_wconf 80' lang='lat' dir='ltr'>est</span> <span class='ocrx_word' id='word_1_9' title='bbox 1498 755 1742 809; x_wconf 87' lang='lat' dir='ltr'>noster</span> <span class='ocrx_word' id='word_1_10' title='bbox 1790 745 2126 825; x_wconf 76' lang='lat' dir='ltr'>Carolu3‚</span> <span class='ocrx_word' id='word_1_11' title='bbox 2194 754 2264 808; x_wconf 92' lang='lat' dir='ltr'>et</span> <span class='ocrx_word' id='word_1_12' title='bbox 2320 744 2390 808; x_wconf 89' lang='lat' dir='ltr'>in</span> <span class='ocrx_word' id='word_1_13' title='bbox 2455 745 2662 809; x_wconf 87' lang='lat' dir='ltr'>huius</span> <span class='ocrx_word' id='word_1_14' title='bbox 2711 726 2872 810; x_wconf 82' lang='lat' dir='ltr'>aula</span> 
     </span>
     <span class='ocr_line' id='line_1_3' title="bbox 312 851 2870 944; baseline -0.001 -24"><span class='ocrx_word' id='word_1_15' title='bbox 312 857 523 938; x_wconf 88' lang='lat' dir='ltr'>multi,</span> <span class='ocrx_word' id='word_1_16' title='bbox 573 857 745 920; x_wconf 88' lang='lat' dir='ltr'>Rex</span> <span class='ocrx_word' id='word_1_17' title='bbox 786 853 1133 944; x_wconf 75' lang='lat' dir='ltr'>Angliae,</span> <span class='ocrx_word' id='word_1_18' title='bbox 1156 853 1763 938; x_wconf 88' lang='lat' dir='ltr'>Archiepiscopus</span> <span class='ocrx_word' id='word_1_19' title='bbox 1813 851 2374 936; x_wconf 80' lang='lat' dir='ltr'>CantuariensiS,</span> <span class='ocrx_word' id='word_1_20' title='bbox 2422 863 2499 916; x_wconf 88' lang='lat' dir='ltr'>ut</span> <span class='ocrx_word' id='word_1_21' title='bbox 2549 874 2637 916; x_wconf 91' lang='lat' dir='ltr'>ne</span> <span class='ocrx_word' id='word_1_22' title='bbox 2687 874 2870 918; x_wconf 91' lang='lat' dir='ltr'>com-</span> 
     </span>
     <span class='ocr_line' id='line_1_4' title="bbox 315 945 2870 1043; baseline -0.001 -16"><span class='ocrx_word' id='word_1_23' title='bbox 315 984 691 1028; x_wconf 86' lang='lat' dir='ltr'>memorem</span> <span class='ocrx_word' id='word_1_24' title='bbox 736 971 845 1026; x_wconf 85' lang='lat' dir='ltr'>tot</span> <span class='ocrx_word' id='word_1_25' title='bbox 893 945 1283 1043; x_wconf 80' lang='lat' dir='ltr'>PrincipeS,</span> <span class='ocrx_word' id='word_1_26' title='bbox 1333 968 1439 1022; x_wconf 86' lang='lat' dir='ltr'>tot</span> <span class='ocrx_word' id='word_1_27' title='bbox 1486 953 1904 1040; x_wconf 75' lang='lat' dir='ltr'>EpiscOPOS,</span> <span class='ocrx_word' id='word_1_28' title='bbox 1955 969 2060 1022; x_wconf 88' lang='lat' dir='ltr'>tot</span> <span class='ocrx_word' id='word_1_29' title='bbox 2109 961 2449 1042; x_wconf 90' lang='lat' dir='ltr'>eruditos,</span> <span class='ocrx_word' id='word_1_30' title='bbox 2501 957 2574 1023; x_wconf 75' lang='lat' dir='ltr'>et</span> <span class='ocrx_word' id='word_1_31' title='bbox 2619 951 2870 1025; x_wconf 76' lang='lat' dir='ltr'>ho&#39;nes</span> 
     </span>
     <span class='ocr_line' id='line_1_5' title="bbox 313 1047 2870 1148; baseline -0 -14"><span class='ocrx_word' id='word_1_32' title='bbox 313 1081 421 1134; x_wconf 88' lang='lat' dir='ltr'>tos</span> <span class='ocrx_word' id='word_1_33' title='bbox 465 1070 661 1134; x_wconf 87' lang='lat' dir='ltr'>viros</span> <span class='ocrx_word' id='word_1_34' title='bbox 709 1089 851 1132; x_wconf 87' lang='lat' dir='ltr'>non</span> <span class='ocrx_word' id='word_1_35' title='bbox 902 1070 1127 1131; x_wconf 92' lang='lat' dir='ltr'>solum</span> <span class='ocrx_word' id='word_1_36' title='bbox 1175 1067 1247 1129; x_wconf 88' lang='lat' dir='ltr'>in</span> <span class='ocrx_word' id='word_1_37' title='bbox 1294 1066 1585 1147; x_wconf 85' lang='lat' dir='ltr'>Anglia,</span> <span class='ocrx_word' id='word_1_38' title='bbox 1634 1066 1967 1148; x_wconf 87' lang='lat' dir='ltr'>Fladria,</span> <span class='ocrx_word' id='word_1_39' title='bbox 2011 1076 2080 1129; x_wconf 86' lang='lat' dir='ltr'>et</span> <span class='ocrx_word' id='word_1_40' title='bbox 2127 1047 2401 1148; x_wconf 80' lang='lat' dir='ltr'>Gallia,</span> <span class='ocrx_word' id='word_1_41' title='bbox 2461 1066 2870 1134; x_wconf 88' lang='lat' dir='ltr'>Germania-</span> 
     </span>
     <span class='ocr_line' id='line_1_6' title="bbox 315 1173 2874 1260; baseline 0 -20"><span class='ocrx_word' id='word_1_42' title='bbox 315 1199 481 1260; x_wconf 87' lang='lat' dir='ltr'>que,</span> <span class='ocrx_word' id='word_1_43' title='bbox 568 1197 817 1240; x_wconf 87' lang='lat' dir='ltr'>verum</span> <span class='ocrx_word' id='word_1_44' title='bbox 906 1175 1117 1238; x_wconf 87' lang='lat' dir='ltr'>etiam</span> <span class='ocrx_word' id='word_1_45' title='bbox 1188 1174 1259 1236; x_wconf 91' lang='lat' dir='ltr'>in</span> <span class='ocrx_word' id='word_1_46' title='bbox 1342 1173 1715 1256; x_wconf 84' lang='lat' dir='ltr'>Hungaria</span> <span class='ocrx_word' id='word_1_47' title='bbox 1742 1221 1759 1254; x_wconf 92' lang='lat'>,</span> <span class='ocrx_word' id='word_1_48' title='bbox 1841 1182 1912 1235; x_wconf 87' lang='lat' dir='ltr'>et</span> <span class='ocrx_word' id='word_1_49' title='bbox 1989 1173 2328 1256; x_wconf 90' lang='lat' dir='ltr'>Polonia,</span> <span class='ocrx_word' id='word_1_50' title='bbox 2404 1175 2523 1258; x_wconf 92' lang='lat' dir='ltr'>qui</span> <span class='ocrx_word' id='word_1_51' title='bbox 2601 1177 2718 1239; x_wconf 91' lang='lat' dir='ltr'>vel</span> <span class='ocrx_word' id='word_1_52' title='bbox 2795 1198 2874 1241; x_wconf 91' lang='lat' dir='ltr'>se</span> 
     </span>
     <span class='ocr_line' id='line_1_7' title="bbox 316 1260 2873 1367; baseline 0 -19"><span class='ocrx_word' id='word_1_53' title='bbox 316 1293 560 1367; x_wconf 88' lang='lat' dir='ltr'>putant</span> <span class='ocrx_word' id='word_1_54' title='bbox 610 1285 875 1346; x_wconf 89' lang='lat' dir='ltr'>debere</span> <span class='ocrx_word' id='word_1_55' title='bbox 924 1283 1214 1344; x_wconf 84' lang='lat' dir='ltr'>multum</span> <span class='ocrx_word' id='word_1_56' title='bbox 1264 1282 1629 1344; x_wconf 82' lang='lat' dir='ltr'>laboribus</span> <span class='ocrx_word' id='word_1_57' title='bbox 1677 1278 1852 1343; x_wconf 90' lang='lat' dir='ltr'>meis</span> <span class='ocrx_word' id='word_1_58' title='bbox 1868 1328 1885 1358; x_wconf 91' lang='lat'>,</span> <span class='ocrx_word' id='word_1_59' title='bbox 1943 1282 2058 1342; x_wconf 88' lang='lat' dir='ltr'>vel</span> <span class='ocrx_word' id='word_1_60' title='bbox 2108 1291 2300 1344; x_wconf 87' lang='lat' dir='ltr'>certe</span> <span class='ocrx_word' id='word_1_61' title='bbox 2350 1302 2460 1346; x_wconf 91' lang='lat' dir='ltr'>me</span> <span class='ocrx_word' id='word_1_62' title='bbox 2509 1283 2599 1346; x_wconf 90' lang='lat' dir='ltr'>de</span> <span class='ocrx_word' id='word_1_63' title='bbox 2646 1260 2873 1366; x_wconf 78' lang='lat' dir='ltr'>publi-</span> 
     </span>
     <span class='ocr_line' id='line_1_8' title="bbox 318 1386 2876 1473; baseline 0 -19"><span class='ocrx_word' id='word_1_64' title='bbox 318 1392 409 1455; x_wconf 89' lang='lat' dir='ltr'>cis</span> <span class='ocrx_word' id='word_1_65' title='bbox 466 1390 719 1454; x_wconf 89' lang='lat' dir='ltr'>studiis</span> <span class='ocrx_word' id='word_1_66' title='bbox 784 1387 1297 1452; x_wconf 86' lang='lat' dir='ltr'>benemeritum</span> <span class='ocrx_word' id='word_1_67' title='bbox 1362 1407 1539 1452; x_wconf 91' lang='lat' dir='ltr'>esse.</span> <span class='ocrx_word' id='word_1_68' title='bbox 1632 1387 1906 1449; x_wconf 89' lang='lat' dir='ltr'>Horum</span> <span class='ocrx_word' id='word_1_69' title='bbox 1959 1386 2230 1450; x_wconf 89' lang='lat' dir='ltr'>animos</span> <span class='ocrx_word' id='word_1_70' title='bbox 2279 1388 2768 1473; x_wconf 90' lang='lat' dir='ltr'>discruciaret,</span> <span class='ocrx_word' id='word_1_71' title='bbox 2817 1392 2876 1455; x_wconf 91' lang='lat' dir='ltr'>si</span> 
     </span>
     <span class='ocr_line' id='line_1_9' title="bbox 318 1493 2870 1581; baseline 0.001 -21"><span class='ocrx_word' id='word_1_72' title='bbox 318 1499 559 1561; x_wconf 89' lang='lat' dir='ltr'>liceret</span> <span class='ocrx_word' id='word_1_73' title='bbox 607 1496 1064 1580; x_wconf 88' lang='lat' dir='ltr'>quibusdam,</span> <span class='ocrx_word' id='word_1_74' title='bbox 1115 1495 1235 1577; x_wconf 84' lang='lat' dir='ltr'>qui</span> <span class='ocrx_word' id='word_1_75' title='bbox 1283 1493 1565 1577; x_wconf 88' lang='lat' dir='ltr'>privato</span> <span class='ocrx_word' id='word_1_76' title='bbox 1616 1495 1968 1556; x_wconf 90' lang='lat' dir='ltr'>ducuntur</span> <span class='ocrx_word' id='word_1_77' title='bbox 2017 1493 2213 1576; x_wconf 93' lang='lat' dir='ltr'>odio,</span> <span class='ocrx_word' id='word_1_78' title='bbox 2283 1495 2630 1577; x_wconf 88' lang='lat' dir='ltr'>perficere</span> <span class='ocrx_word' id='word_1_79' title='bbox 2679 1501 2870 1581; x_wconf 93' lang='lat' dir='ltr'>quod</span> 
     </span>
     <span class='ocr_line' id='line_1_10' title="bbox 317 1599 2873 1687; baseline 0.001 -19"><span class='ocrx_word' id='word_1_80' title='bbox 317 1604 731 1687; x_wconf 88' lang='lat' dir='ltr'>iampridem</span> <span class='ocrx_word' id='word_1_81' title='bbox 792 1603 1193 1666; x_wconf 87' lang='lat' dir='ltr'>moliuntur.</span> <span class='ocrx_word' id='word_1_82' title='bbox 1302 1599 1394 1662; x_wconf 84' lang='lat' dir='ltr'>Et</span> <span class='ocrx_word' id='word_1_83' title='bbox 1454 1619 1593 1682; x_wconf 84' lang='lat' dir='ltr'>ego</span> <span class='ocrx_word' id='word_1_84' title='bbox 1654 1601 1934 1663; x_wconf 86' lang='lat' dir='ltr'>illorum</span> <span class='ocrx_word' id='word_1_85' title='bbox 1984 1602 2233 1665; x_wconf 93' lang='lat' dir='ltr'>dolore</span> <span class='ocrx_word' id='word_1_86' title='bbox 2279 1602 2508 1685; x_wconf 75' lang='lat' dir='ltr'>mag-is</span> <span class='ocrx_word' id='word_1_87' title='bbox 2559 1607 2873 1670; x_wconf 86' lang='lat' dir='ltr'>dolerem</span> 
     </span>
     <span class='ocr_line' id='line_1_11' title="bbox 324 1707 2874 1794; baseline 0 -20"><span class='ocrx_word' id='word_1_88' title='bbox 324 1733 526 1794; x_wconf 89' lang='lat' dir='ltr'>quam</span> <span class='ocrx_word' id='word_1_89' title='bbox 574 1730 754 1774; x_wconf 77' lang='lat' dir='ltr'>meo·</span> <span class='ocrx_word' id='word_1_90' title='bbox 846 1709 1077 1772; x_wconf 90' lang='lat' dir='ltr'>Multa</span> <span class='ocrx_word' id='word_1_91' title='bbox 1125 1707 1377 1790; x_wconf 84' lang='lat' dir='ltr'><strong>scripsi</strong></span> <span class='ocrx_word' id='word_1_92' title='bbox 1426 1709 1551 1771; x_wconf 94' lang='lat' dir='ltr'>sed</span> <span class='ocrx_word' id='word_1_93' title='bbox 1600 1709 1889 1770; x_wconf 88' lang='lat' dir='ltr'>saeculo</span> <span class='ocrx_word' id='word_1_94' title='bbox 1939 1708 2360 1790; x_wconf 87' lang='lat' dir='ltr'>tranquillo,</span> <span class='ocrx_word' id='word_1_95' title='bbox 2410 1712 2603 1792; x_wconf 92' lang='lat' dir='ltr'>quod</span> <span class='ocrx_word' id='word_1_96' title='bbox 2652 1712 2708 1775; x_wconf 91' lang='lat' dir='ltr'>si</span> <span class='ocrx_word' id='word_1_97' title='bbox 2771 1734 2874 1776; x_wconf 91' lang='lat' dir='ltr'>su-</span> 
     </span>
     <span class='ocr_line' id='line_1_12' title="bbox 326 1813 2875 1902; baseline 0.001 -22"><span class='ocrx_word' id='word_1_98' title='bbox 326 1818 633 1901; x_wconf 85' lang='lat' dir='ltr'>spicatus</span> <span class='ocrx_word' id='word_1_99' title='bbox 655 1817 947 1880; x_wconf 86' lang='lat' dir='ltr'>fuissem</span> <span class='ocrx_word' id='word_1_100' title='bbox 975 1817 1111 1879; x_wconf 89' lang='lat' dir='ltr'>hoc</span> <span class='ocrx_word' id='word_1_101' title='bbox 1161 1815 1523 1877; x_wconf 89' lang='lat' dir='ltr'>saeculum</span> <span class='ocrx_word' id='word_1_102' title='bbox 1570 1813 2030 1896; x_wconf 82' lang='lat' dir='ltr'>exoriturum,</span> <span class='ocrx_word' id='word_1_103' title='bbox 2080 1817 2296 1898; x_wconf 88' lang='lat' dir='ltr'>longe</span> <span class='ocrx_word' id='word_1_104' title='bbox 2330 1817 2539 1881; x_wconf 89' lang='lat' dir='ltr'>aliter</span> <span class='ocrx_word' id='word_1_105' title='bbox 2561 1818 2875 1902; x_wconf 88' lang='lat' dir='ltr'>scripsis-</span> 
     </span>
     <span class='ocr_line' id='line_1_13' title="bbox 323 1921 2877 2006; baseline 0.001 -18"><span class='ocrx_word' id='word_1_106' title='bbox 323 1947 462 1989; x_wconf 85' lang='lat' dir='ltr'>sem</span> <span class='ocrx_word' id='word_1_107' title='bbox 510 1927 760 2006; x_wconf 89' lang='lat' dir='ltr'>multa,</span> <span class='ocrx_word' id='word_1_108' title='bbox 809 1932 933 1987; x_wconf 87' lang='lat' dir='ltr'>aut</span> <span class='ocrx_word' id='word_1_109' title='bbox 978 1943 1117 1986; x_wconf 88' lang='lat' dir='ltr'>non</span> <span class='ocrx_word' id='word_1_110' title='bbox 1170 1921 1632 2004; x_wconf 85' lang='lat' dir='ltr'>scripsissem.</span> <span class='ocrx_word' id='word_1_111' title='bbox 1727 1921 1938 1985; x_wconf 91' lang='lat' dir='ltr'>Certe</span> <span class='ocrx_word' id='word_1_112' title='bbox 1995 1922 2063 1985; x_wconf 89' lang='lat' dir='ltr'>in</span> <span class='ocrx_word' id='word_1_113' title='bbox 2109 1923 2245 1985; x_wconf 89' lang='lat' dir='ltr'>hoc</span> <span class='ocrx_word' id='word_1_114' title='bbox 2294 1943 2526 1987; x_wconf 89' lang='lat' dir='ltr'>rerum</span> <span class='ocrx_word' id='word_1_115' title='bbox 2575 1929 2877 1990; x_wconf 88' lang='lat' dir='ltr'>tumultu</span> 
     </span>
     <span class='ocr_line' id='line_1_14' title="bbox 324 2030 2930 2114; baseline -0.002 -18"><span class='ocrx_word' id='word_1_116' title='bbox 324 2032 753 2096; x_wconf 84' lang='lat' dir='ltr'>sanctissime</span> <span class='ocrx_word' id='word_1_117' title='bbox 806 2052 915 2094; x_wconf 89' lang='lat' dir='ltr'>me</span> <span class='ocrx_word' id='word_1_118' title='bbox 964 2030 1178 2114; x_wconf 86' lang='lat' dir='ltr'>gessi,</span> <span class='ocrx_word' id='word_1_119' title='bbox 1228 2039 1299 2093; x_wconf 86' lang='lat' dir='ltr'>et</span> <span class='ocrx_word' id='word_1_120' title='bbox 1346 2038 1677 2112; x_wconf 87' lang='lat' dir='ltr'>gesturus</span> <span class='ocrx_word' id='word_1_121' title='bbox 1726 2050 1879 2092; x_wconf 91' lang='lat' dir='ltr'>sum</span> <span class='ocrx_word' id='word_1_122' title='bbox 1924 2050 2146 2111; x_wconf 90' lang='lat' dir='ltr'>usque</span> <span class='ocrx_word' id='word_1_123' title='bbox 2177 2033 2268 2092; x_wconf 91' lang='lat' dir='ltr'>ad</span> <span class='ocrx_word' id='word_1_124' title='bbox 2317 2041 2635 2097; x_wconf 89' lang='lat' dir='ltr'>mortem.</span> <span class='ocrx_word' id='word_1_125' title='bbox 2715 2035 2875 2097; x_wconf 91' lang='lat' dir='ltr'>Nul-</span> <span class='ocrx_word' id='word_1_126' title='bbox 2925 2077 2930 2092; x_wconf 89' lang='lat'>.</span> 
     </span>
     <span class='ocr_line' id='line_1_15' title="bbox 324 2135 2874 2220; baseline 0.001 -19"><span class='ocrx_word' id='word_1_127' title='bbox 324 2142 429 2202; x_wconf 83' lang='lat' dir='ltr'>lus</span> <span class='ocrx_word' id='word_1_128' title='bbox 468 2138 908 2218; x_wconf 79' lang='lat' dir='ltr'>haereticus,</span> <span class='ocrx_word' id='word_1_129' title='bbox 957 2147 1079 2201; x_wconf 89' lang='lat' dir='ltr'>aut</span> <span class='ocrx_word' id='word_1_130' title='bbox 1127 2135 1613 2201; x_wconf 88' lang='lat' dir='ltr'>schismaticus</span> <span class='ocrx_word' id='word_1_131' title='bbox 1660 2136 1834 2199; x_wconf 90' lang='lat' dir='ltr'>meis</span> <span class='ocrx_word' id='word_1_132' title='bbox 1883 2136 2140 2220; x_wconf 90' lang='lat' dir='ltr'>opibus</span> <span class='ocrx_word' id='word_1_133' title='bbox 2187 2138 2654 2203; x_wconf 88' lang='lat' dir='ltr'>adiuvabitur.</span> <span class='ocrx_word' id='word_1_134' title='bbox 2753 2142 2874 2204; x_wconf 90' lang='lat' dir='ltr'>Ad</span> 
     </span>
     <span class='ocr_line' id='line_1_16' title="bbox 326 2245 2878 2329; baseline 0 -19"><span class='ocrx_word' id='word_1_135' title='bbox 326 2245 651 2310; x_wconf 90' lang='lat' dir='ltr'>Stunicae</span> <span class='ocrx_word' id='word_1_136' title='bbox 700 2245 1087 2312; x_wconf 82' lang='lat' dir='ltr'>calumnias</span> <span class='ocrx_word' id='word_1_137' title='bbox 1129 2245 1366 2308; x_wconf 88' lang='lat' dir='ltr'>verius</span> <span class='ocrx_word' id='word_1_138' title='bbox 1406 2265 1616 2326; x_wconf 88' lang='lat' dir='ltr'>quam</span> <span class='ocrx_word' id='word_1_139' title='bbox 1664 2245 2158 2308; x_wconf 88' lang='lat' dir='ltr'>conclusiones</span> <span class='ocrx_word' id='word_1_140' title='bbox 2191 2245 2492 2308; x_wconf 84' lang='lat' dir='ltr'>strictim</span> <span class='ocrx_word' id='word_1_141' title='bbox 2517 2249 2878 2329; x_wconf 84' lang='lat' dir='ltr'>respondi.</span> 
     </span>
     <span class='ocr_line' id='line_1_17' title="bbox 326 2349 2879 2438; baseline 0.001 -21"><span class='ocrx_word' id='word_1_142' title='bbox 326 2355 515 2417; x_wconf 89' lang='lat' dir='ltr'>Talis</span> <span class='ocrx_word' id='word_1_143' title='bbox 566 2355 859 2418; x_wconf 87' lang='lat' dir='ltr'>Rabula</span> <span class='ocrx_word' id='word_1_144' title='bbox 904 2354 1197 2417; x_wconf 84' lang='lat' dir='ltr'>multum</span> <span class='ocrx_word' id='word_1_145' title='bbox 1245 2350 1389 2414; x_wconf 90' lang='lat' dir='ltr'>odii</span> <span class='ocrx_word' id='word_1_146' title='bbox 1440 2350 1777 2414; x_wconf 87' lang='lat' dir='ltr'>conflabit</span> <span class='ocrx_word' id='word_1_147' title='bbox 1819 2349 1993 2413; x_wconf 83' lang='lat' dir='ltr'>Sedi</span> <span class='ocrx_word' id='word_1_148' title='bbox 2041 2351 2417 2415; x_wconf 80' lang='lat' dir='ltr'>Romanae</span> <span class='ocrx_word' id='word_1_149' title='bbox 2477 2355 2620 2417; x_wconf 90' lang='lat' dir='ltr'>suis</span> <span class='ocrx_word' id='word_1_150' title='bbox 2679 2375 2879 2438; x_wconf 89' lang='lat' dir='ltr'>syco-</span> 
     </span>
     <span class='ocr_line' id='line_1_18' title="bbox 327 2457 2882 2542; baseline 0 -18"><span class='ocrx_word' id='word_1_151' title='bbox 327 2461 671 2542; x_wconf 88' lang='lat' dir='ltr'>phanticis</span> <span class='ocrx_word' id='word_1_152' title='bbox 728 2459 1022 2538; x_wconf 87' lang='lat' dir='ltr'>libellis,</span> <span class='ocrx_word' id='word_1_153' title='bbox 1091 2457 1345 2541; x_wconf 89' lang='lat' dir='ltr'>quibus</span> <span class='ocrx_word' id='word_1_154' title='bbox 1393 2457 1567 2521; x_wconf 88' lang='lat' dir='ltr'>nulli</span> <span class='ocrx_word' id='word_1_155' title='bbox 1616 2459 1844 2540; x_wconf 87' lang='lat' dir='ltr'>magis</span> <span class='ocrx_word' id='word_1_156' title='bbox 1893 2459 2360 2540; x_wconf 87' lang='lat' dir='ltr'>applaudunt,</span> <span class='ocrx_word' id='word_1_157' title='bbox 2411 2480 2620 2542; x_wconf 88' lang='lat' dir='ltr'>quam</span> <span class='ocrx_word' id='word_1_158' title='bbox 2667 2461 2882 2525; x_wconf 89' lang='lat' dir='ltr'>valde</span> 
     </span>
     <span class='ocr_line' id='line_1_19' title="bbox 328 2565 2878 2649; baseline 0.001 -20"><span class='ocrx_word' id='word_1_159' title='bbox 328 2569 692 2631; x_wconf 84' lang='lat' dir='ltr'>lutherani.</span> <span class='ocrx_word' id='word_1_160' title='bbox 790 2565 867 2630; x_wconf 83' lang='lat' dir='ltr'>Si</span> <span class='ocrx_word' id='word_1_161' title='bbox 917 2566 1085 2649; x_wconf 93' lang='lat' dir='ltr'>quid</span> <span class='ocrx_word' id='word_1_162' title='bbox 1131 2566 1574 2630; x_wconf 89' lang='lat' dir='ltr'>inveniretur</span> <span class='ocrx_word' id='word_1_163' title='bbox 1619 2566 1689 2628; x_wconf 89' lang='lat' dir='ltr'>in</span> <span class='ocrx_word' id='word_1_164' title='bbox 1740 2565 1943 2632; x_wconf 89' lang='lat' dir='ltr'>libris</span> <span class='ocrx_word' id='word_1_165' title='bbox 1992 2566 2189 2647; x_wconf 82' lang='lat' dir='ltr'>meiS,</span> <span class='ocrx_word' id='word_1_166' title='bbox 2239 2587 2417 2649; x_wconf 87' lang='lat' dir='ltr'>quos</span> <span class='ocrx_word' id='word_1_167' title='bbox 2465 2569 2721 2632; x_wconf 91' lang='lat' dir='ltr'>multos</span> <span class='ocrx_word' id='word_1_168' title='bbox 2770 2591 2878 2632; x_wconf 89' lang='lat' dir='ltr'>ae·</span> 
     </span>
     <span class='ocr_line' id='line_1_20' title="bbox 331 2673 2879 2759; baseline 0.001 -23"><span class='ocrx_word' id='word_1_169' title='bbox 331 2676 501 2754; x_wconf 90' lang='lat' dir='ltr'>didi,</span> <span class='ocrx_word' id='word_1_170' title='bbox 585 2675 929 2756; x_wconf 87' lang='lat' dir='ltr'>scriptum</span> <span class='ocrx_word' id='word_1_171' title='bbox 1002 2673 1355 2737; x_wconf 88' lang='lat' dir='ltr'>incautius</span> <span class='ocrx_word' id='word_1_172' title='bbox 1371 2722 1388 2753; x_wconf 89' lang='lat'>,</span> <span class='ocrx_word' id='word_1_173' title='bbox 1451 2683 1771 2755; x_wconf 87' lang='lat' dir='ltr'>poteram</span> <span class='ocrx_word' id='word_1_174' title='bbox 1844 2673 2138 2737; x_wconf 88' lang='lat' dir='ltr'>secretis</span> <span class='ocrx_word' id='word_1_175' title='bbox 2199 2675 2422 2737; x_wconf 90' lang='lat' dir='ltr'>literis</span> <span class='ocrx_word' id='word_1_176' title='bbox 2492 2677 2879 2759; x_wconf 89' lang='lat' dir='ltr'>admoneri,</span> 
     </span>
     <span class='ocr_line' id='line_1_21' title="bbox 330 2779 2884 2861; baseline 0.001 -17"><span class='ocrx_word' id='word_1_177' title='bbox 330 2783 624 2846; x_wconf 88' lang='lat' dir='ltr'>monitus</span> <span class='ocrx_word' id='word_1_178' title='bbox 673 2781 981 2845; x_wconf 87' lang='lat' dir='ltr'>libenter</span> <span class='ocrx_word' id='word_1_179' title='bbox 1029 2790 1392 2844; x_wconf 87' lang='lat' dir='ltr'>mutarem.</span> <span class='ocrx_word' id='word_1_180' title='bbox 1490 2779 1691 2843; x_wconf 91' lang='lat' dir='ltr'>Nunc</span> <span class='ocrx_word' id='word_1_181' title='bbox 1760 2789 2056 2861; x_wconf 89' lang='lat' dir='ltr'>paratur</span> <span class='ocrx_word' id='word_1_182' title='bbox 2125 2791 2376 2860; x_wconf 89' lang='lat' dir='ltr'>quarta</span> <span class='ocrx_word' id='word_1_183' title='bbox 2443 2783 2610 2845; x_wconf 85' lang='lat' dir='ltr'>novi</span> <span class='ocrx_word' id='word_1_184' title='bbox 2674 2793 2884 2847; x_wconf 89' lang='lat' dir='ltr'>testa·</span> 
     </span>
     <span class='ocr_line' id='line_1_22' title="bbox 330 2889 2884 2973; baseline 0 -19"><span class='ocrx_word' id='word_1_185' title='bbox 330 2892 537 2954; x_wconf 89' lang='lat' dir='ltr'>menti</span> <span class='ocrx_word' id='word_1_186' title='bbox 585 2891 891 2965; x_wconf 81' lang='lat' dir='ltr'>aediti03</span> <span class='ocrx_word' id='word_1_187' title='bbox 941 2891 1155 2953; x_wconf 88' lang='lat' dir='ltr'>homo</span> <span class='ocrx_word' id='word_1_188' title='bbox 1204 2909 1377 2969; x_wconf 88' lang='lat' dir='ltr'>sum,</span> <span class='ocrx_word' id='word_1_189' title='bbox 1428 2908 1669 2951; x_wconf 88' lang='lat' dir='ltr'>errare</span> <span class='ocrx_word' id='word_1_190' title='bbox 1701 2906 2014 2969; x_wconf 89' lang='lat' dir='ltr'>possum,</span> <span class='ocrx_word' id='word_1_191' title='bbox 2045 2889 2326 2952; x_wconf 80' lang='lat' dir='ltr'>tametsi</span> <span class='ocrx_word' id='word_1_192' title='bbox 2359 2890 2607 2973; x_wconf 85' lang='lat' dir='ltr'>sedulo</span> <span class='ocrx_word' id='word_1_193' title='bbox 2639 2912 2884 2973; x_wconf 87' lang='lat' dir='ltr'>cave0,</span> 
     </span>
     <span class='ocr_line' id='line_1_23' title="bbox 334 2994 2884 3081; baseline 0.001 -22"><span class='ocrx_word' id='word_1_194' title='bbox 334 3018 414 3061; x_wconf 87' lang='lat' dir='ltr'>ne</span> <span class='ocrx_word' id='word_1_195' title='bbox 460 3000 626 3081; x_wconf 92' lang='lat' dir='ltr'>quid</span> <span class='ocrx_word' id='word_1_196' title='bbox 677 2998 769 3060; x_wconf 91' lang='lat' dir='ltr'>sit</span> <span class='ocrx_word' id='word_1_197' title='bbox 814 2996 886 3060; x_wconf 91' lang='lat' dir='ltr'>in</span> <span class='ocrx_word' id='word_1_198' title='bbox 938 2996 1138 3059; x_wconf 90' lang='lat' dir='ltr'>libris</span> <span class='ocrx_word' id='word_1_199' title='bbox 1202 2994 1410 3074; x_wconf 89' lang='lat' dir='ltr'>meis,</span> <span class='ocrx_word' id='word_1_200' title='bbox 1474 2996 1665 3076; x_wconf 94' lang='lat' dir='ltr'>quod</span> <span class='ocrx_word' id='word_1_201' title='bbox 1725 2996 1843 3057; x_wconf 88' lang='lat' dir='ltr'>vel</span> <span class='ocrx_word' id='word_1_202' title='bbox 1903 2994 2326 3057; x_wconf 85' lang='lat' dir='ltr'>seditionem</span> <span class='ocrx_word' id='word_1_203' title='bbox 2392 3007 2704 3079; x_wconf 84' lang='lat' dir='ltr'>moveat,</span> <span class='ocrx_word' id='word_1_204' title='bbox 2767 3000 2884 3061; x_wconf 88' lang='lat' dir='ltr'>vel</span> 
     </span>
     <span class='ocr_line' id='line_1_24' title="bbox 333 3100 2882 3187; baseline 0.001 -20"><span class='ocrx_word' id='word_1_205' title='bbox 333 3108 605 3169; x_wconf 87' lang='lat' dir='ltr'>aberret</span> <span class='ocrx_word' id='word_1_206' title='bbox 670 3126 715 3168; x_wconf 91' lang='lat' dir='ltr'>a</span> <span class='ocrx_word' id='word_1_207' title='bbox 781 3103 1213 3187; x_wconf 83' lang='lat' dir='ltr'>synceritate</span> <span class='ocrx_word' id='word_1_208' title='bbox 1279 3101 1645 3165; x_wconf 88' lang='lat' dir='ltr'>doctrinae</span> <span class='ocrx_word' id='word_1_209' title='bbox 1710 3100 2158 3167; x_wconf 88' lang='lat' dir='ltr'>christianae.</span> <span class='ocrx_word' id='word_1_210' title='bbox 2254 3102 2650 3167; x_wconf 88' lang='lat' dir='ltr'>Excuditur</span> <span class='ocrx_word' id='word_1_211' title='bbox 2697 3126 2882 3169; x_wconf 91' lang='lat' dir='ltr'>nunc</span> 
     </span>
     <span class='ocr_line' id='line_1_25' title="bbox 336 3208 2883 3295; baseline 0.001 -22"><span class='ocrx_word' id='word_1_212' title='bbox 336 3210 795 3295; x_wconf 77' lang='lat' dir='ltr'>paraphrasis</span> <span class='ocrx_word' id='word_1_213' title='bbox 841 3210 911 3273; x_wconf 92' lang='lat' dir='ltr'>in</span> <span class='ocrx_word' id='word_1_214' title='bbox 962 3219 1124 3273; x_wconf 91' lang='lat' dir='ltr'>acta</span> <span class='ocrx_word' id='word_1_215' title='bbox 1152 3210 1685 3291; x_wconf 87' lang='lat' dir='ltr'>Apostolorum,</span> <span class='ocrx_word' id='word_1_216' title='bbox 1736 3229 1891 3271; x_wconf 88' lang='lat' dir='ltr'>eam</span> <span class='ocrx_word' id='word_1_217' title='bbox 1940 3208 2396 3272; x_wconf 81' lang='lat' dir='ltr'>dedicaturus</span> <span class='ocrx_word' id='word_1_218' title='bbox 2447 3231 2639 3274; x_wconf 89' lang='lat' dir='ltr'>eram</span> <span class='ocrx_word' id='word_1_219' title='bbox 2675 3211 2883 3276; x_wconf 88' lang='lat' dir='ltr'>Card.</span> 
     </span>
     <span class='ocr_line' id='line_1_26' title="bbox 338 3315 2888 3401; baseline 0 -20"><span class='ocrx_word' id='word_1_220' title='bbox 338 3318 657 3401; x_wconf 81' lang='lat' dir='ltr'>Angliae,</span> <span class='ocrx_word' id='word_1_221' title='bbox 711 3317 828 3401; x_wconf 90' lang='lat' dir='ltr'>qui</span> <span class='ocrx_word' id='word_1_222' title='bbox 876 3337 1106 3399; x_wconf 89' lang='lat' dir='ltr'>nuper</span> <span class='ocrx_word' id='word_1_223' title='bbox 1154 3316 1242 3379; x_wconf 89' lang='lat' dir='ltr'>ad</span> <span class='ocrx_word' id='word_1_224' title='bbox 1294 3336 1405 3379; x_wconf 90' lang='lat' dir='ltr'>me</span> <span class='ocrx_word' id='word_1_225' title='bbox 1454 3316 1739 3398; x_wconf 89' lang='lat' dir='ltr'>scripsit</span> <span class='ocrx_word' id='word_1_226' title='bbox 1785 3315 2283 3397; x_wconf 88' lang='lat' dir='ltr'>amantissime,</span> <span class='ocrx_word' id='word_1_227' title='bbox 2345 3316 2888 3397; x_wconf 86' lang='lat' dir='ltr'>subsignificans</span> 
     </span>
     <span class='ocr_line' id='line_1_27' title="bbox 334 3423 2885 3507; baseline 0 -20"><span class='ocrx_word' id='word_1_228' title='bbox 334 3444 459 3507; x_wconf 88' lang='lat' dir='ltr'>per</span> <span class='ocrx_word' id='word_1_229' title='bbox 502 3424 959 3489; x_wconf 88' lang='lat' dir='ltr'>secretarium</span> <span class='ocrx_word' id='word_1_230' title='bbox 1009 3444 1087 3487; x_wconf 91' lang='lat' dir='ltr'>se</span> <span class='ocrx_word' id='word_1_231' title='bbox 1132 3426 1276 3486; x_wconf 85' lang='lat' dir='ltr'>tale</span> <span class='ocrx_word' id='word_1_232' title='bbox 1326 3423 1665 3504; x_wconf 89' lang='lat' dir='ltr'>quiddam</span> <span class='ocrx_word' id='word_1_233' title='bbox 1712 3426 2018 3504; x_wconf 79' lang='lat' dir='ltr'>cupere,</span> <span class='ocrx_word' id='word_1_234' title='bbox 2068 3424 2195 3486; x_wconf 91' lang='lat' dir='ltr'>sed</span> <span class='ocrx_word' id='word_1_235' title='bbox 2262 3424 2490 3507; x_wconf 86' lang='lat' dir='ltr'>magis</span> <span class='ocrx_word' id='word_1_236' title='bbox 2537 3424 2742 3488; x_wconf 89' lang='lat' dir='ltr'>hbuit</span> <span class='ocrx_word' id='word_1_237' title='bbox 2789 3426 2885 3488; x_wconf 90' lang='lat' dir='ltr'>di-</span> 
     </span>
     <span class='ocr_line' id='line_1_28' title="bbox 336 3528 2886 3614; baseline 0.001 -21"><span class='ocrx_word' id='word_1_238' title='bbox 336 3550 491 3595; x_wconf 88' lang='lat' dir='ltr'>care</span> <span class='ocrx_word' id='word_1_239' title='bbox 554 3532 901 3595; x_wconf 90' lang='lat' dir='ltr'>Clementi</span> <span class='ocrx_word' id='word_1_240' title='bbox 968 3530 1125 3593; x_wconf 93' lang='lat' dir='ltr'>VII.</span> <span class='ocrx_word' id='word_1_241' title='bbox 1250 3530 1475 3611; x_wconf 80' lang='lat' dir='ltr'>Quem</span> <span class='ocrx_word' id='word_1_242' title='bbox 1555 3530 1877 3592; x_wconf 85' lang='lat' dir='ltr'>Pacaeus</span> <span class='ocrx_word' id='word_1_243' title='bbox 1939 3528 2106 3593; x_wconf 89' lang='lat' dir='ltr'>mihi</span> <span class='ocrx_word' id='word_1_244' title='bbox 2172 3530 2347 3593; x_wconf 92' lang='lat' dir='ltr'>mire</span> <span class='ocrx_word' id='word_1_245' title='bbox 2421 3530 2745 3614; x_wconf 83' lang='lat' dir='ltr'>depinxit</span> <span class='ocrx_word' id='word_1_246' title='bbox 2812 3532 2886 3596; x_wconf 90' lang='lat' dir='ltr'>in</span> 
     </span>
     <span class='ocr_line' id='line_1_29' title="bbox 336 3634 2883 3719; baseline 0.001 -18"><span class='ocrx_word' id='word_1_247' title='bbox 336 3638 471 3702; x_wconf 88' lang='lat' dir='ltr'>suis</span> <span class='ocrx_word' id='word_1_248' title='bbox 518 3640 607 3702; x_wconf 89' lang='lat' dir='ltr'>ad</span> <span class='ocrx_word' id='word_1_249' title='bbox 654 3660 768 3702; x_wconf 86' lang='lat' dir='ltr'>me</span> <span class='ocrx_word' id='word_1_250' title='bbox 815 3638 1059 3719; x_wconf 83' lang='lat' dir='ltr'>literis,</span> <span class='ocrx_word' id='word_1_251' title='bbox 1110 3634 1523 3718; x_wconf 86' lang='lat' dir='ltr'>significans</span> <span class='ocrx_word' id='word_1_252' title='bbox 1574 3636 1785 3699; x_wconf 90' lang='lat' dir='ltr'>etiam</span> <span class='ocrx_word' id='word_1_253' title='bbox 1835 3636 2038 3719; x_wconf 90' lang='lat' dir='ltr'>illud,</span> <span class='ocrx_word' id='word_1_254' title='bbox 2091 3656 2229 3717; x_wconf 93' lang='lat' dir='ltr'>quo</span> <span class='ocrx_word' id='word_1_255' title='bbox 2277 3635 2528 3702; x_wconf 88' lang='lat' dir='ltr'>favore</span> <span class='ocrx_word' id='word_1_256' title='bbox 2579 3648 2767 3703; x_wconf 89' lang='lat' dir='ltr'>esset</span> <span class='ocrx_word' id='word_1_257' title='bbox 2814 3640 2883 3704; x_wconf 90' lang='lat' dir='ltr'>in</span> 
     </span>
     <span class='ocr_line' id='line_1_30' title="bbox 338 3740 2888 3828; baseline 0.001 -21"><span class='ocrx_word' id='word_1_258' title='bbox 338 3765 463 3809; x_wconf 91' lang='lat' dir='ltr'>me.</span> <span class='ocrx_word' id='word_1_259' title='bbox 556 3744 863 3809; x_wconf 86' lang='lat' dir='ltr'>Adnitar</span> <span class='ocrx_word' id='word_1_260' title='bbox 906 3765 995 3807; x_wconf 91' lang='lat' dir='ltr'>ne</span> <span class='ocrx_word' id='word_1_261' title='bbox 1043 3744 1373 3807; x_wconf 87' lang='lat' dir='ltr'>videatur</span> <span class='ocrx_word' id='word_1_262' title='bbox 1406 3740 1691 3824; x_wconf 77' lang='lat' dir='ltr'>omnino</span> <span class='ocrx_word' id='word_1_263' title='bbox 1730 3742 1994 3806; x_wconf 88' lang='lat' dir='ltr'>favisse</span> <span class='ocrx_word' id='word_1_264' title='bbox 2042 3742 2308 3807; x_wconf 88' lang='lat' dir='ltr'>homini</span> <span class='ocrx_word' id='word_1_265' title='bbox 2364 3744 2668 3828; x_wconf 79' lang='lat' dir='ltr'>ingrato,</span> <span class='ocrx_word' id='word_1_266' title='bbox 2767 3749 2888 3809; x_wconf 85' lang='lat' dir='ltr'>Ce-</span> 
     </span>
     <span class='ocr_line' id='line_1_31' title="bbox 340 3848 2885 3923; baseline 0.002 -10"><span class='ocrx_word' id='word_1_267' title='bbox 340 3874 449 3923; x_wconf 81' lang='lat' dir='ltr'>sar</span> <span class='ocrx_word' id='word_1_268' title='bbox 494 3874 603 3917; x_wconf 89' lang='lat' dir='ltr'>me</span> <span class='ocrx_word' id='word_1_269' title='bbox 651 3862 945 3923; x_wconf 84' lang='lat' dir='ltr'>revocat</span> <span class='ocrx_word' id='word_1_270' title='bbox 991 3852 1062 3914; x_wconf 93' lang='lat' dir='ltr'>in</span> <span class='ocrx_word' id='word_1_271' title='bbox 1111 3851 1613 3914; x_wconf 72' lang='lat' dir='ltr'>Brab&#39;afitiam:</span> <span class='ocrx_word' id='word_1_272' title='bbox 1665 3851 1836 3913; x_wconf 86' lang='lat' dir='ltr'>Rex</span> <span class='ocrx_word' id='word_1_273' title='bbox 1887 3848 2164 3914; x_wconf 86' lang='lat' dir='ltr'>Galliae</span> <span class='ocrx_word' id='word_1_274' title='bbox 2215 3851 2285 3913; x_wconf 92' lang='lat' dir='ltr'>in</span> <span class='ocrx_word' id='word_1_275' title='bbox 2334 3872 2530 3915; x_wconf 90' lang='lat' dir='ltr'>suam</span> <span class='ocrx_word' id='word_1_276' title='bbox 2580 3852 2885 3917; x_wconf 88' lang='lat' dir='ltr'>Galliam</span> 
     </span>
     <span class='ocr_line' id='line_1_32' title="bbox 344 3956 2886 4043; baseline 0.001 -22"><span class='ocrx_word' id='word_1_277' title='bbox 344 3960 607 4043; x_wconf 89' lang='lat' dir='ltr'>magnis</span> <span class='ocrx_word' id='word_1_278' title='bbox 652 3958 1019 4042; x_wconf 90' lang='lat' dir='ltr'>promissis</span> <span class='ocrx_word' id='word_1_279' title='bbox 1066 3956 1339 4021; x_wconf 85' lang='lat' dir='ltr'>invitat.</span> <span class='ocrx_word' id='word_1_280' title='bbox 1435 3958 1796 4020; x_wconf 85' lang='lat' dir='ltr'>Adrianus</span> <span class='ocrx_word' id='word_1_281' title='bbox 1874 3978 1984 4019; x_wconf 90' lang='lat' dir='ltr'>me</span> <span class='ocrx_word' id='word_1_282' title='bbox 2045 3978 2263 4040; x_wconf 88' lang='lat' dir='ltr'>saepe</span> <span class='ocrx_word' id='word_1_283' title='bbox 2324 3958 2676 4022; x_wconf 87' lang='lat' dir='ltr'>invitabat</span> <span class='ocrx_word' id='word_1_284' title='bbox 2739 3962 2886 4023; x_wconf 92' lang='lat' dir='ltr'>Ro-</span> 
     </span>
     <span class='ocr_line' id='line_1_33' title="bbox 344 4065 2888 4131; baseline 0.001 -3"><span class='ocrx_word' id='word_1_285' title='bbox 344 4082 537 4130; x_wconf 88' lang='lat' dir='ltr'>mam.</span> <span class='ocrx_word' id='word_1_286' title='bbox 632 4066 779 4129; x_wconf 87' lang='lat' dir='ltr'>Sed</span> <span class='ocrx_word' id='word_1_287' title='bbox 824 4086 1081 4128; x_wconf 80' lang='lat' dir='ltr'>vereor</span> <span class='ocrx_word' id='word_1_288' title='bbox 1130 4086 1218 4127; x_wconf 91' lang='lat' dir='ltr'>ne</span> <span class='ocrx_word' id='word_1_289' title='bbox 1249 4065 1417 4128; x_wconf 87' lang='lat' dir='ltr'>Rex</span> <span class='ocrx_word' id='word_1_290' title='bbox 1455 4067 1768 4127; x_wconf 89' lang='lat' dir='ltr'>calculus</span> <span class='ocrx_word' id='word_1_291' title='bbox 1800 4084 1914 4128; x_wconf 87' lang='lat' dir='ltr'>me</span> <span class='ocrx_word' id='word_1_292' title='bbox 1947 4066 2377 4128; x_wconf 88' lang='lat' dir='ltr'>transmittat</span> <span class='ocrx_word' id='word_1_293' title='bbox 2409 4066 2479 4128; x_wconf 89' lang='lat' dir='ltr'>in</span> <span class='ocrx_word' id='word_1_294' title='bbox 2507 4068 2888 4131; x_wconf 89' lang='lat' dir='ltr'>coelestem</span> 
     </span>
     <span class='ocr_line' id='line_1_34' title="bbox 344 4171 2888 4257; baseline 0.001 -22"><span class='ocrx_word' id='word_1_295' title='bbox 344 4174 655 4255; x_wconf 87' lang='lat' dir='ltr'>patriam.</span> <span class='ocrx_word' id='word_1_296' title='bbox 776 4172 987 4253; x_wconf 79' lang='lat' dir='ltr'>Quod</span> <span class='ocrx_word' id='word_1_297' title='bbox 1054 4171 1111 4235; x_wconf 88' lang='lat' dir='ltr'>si</span> <span class='ocrx_word' id='word_1_298' title='bbox 1174 4180 1461 4255; x_wconf 89' lang='lat' dir='ltr'>praeter</span> <span class='ocrx_word' id='word_1_299' title='bbox 1524 4191 1722 4253; x_wconf 89' lang='lat' dir='ltr'>spem</span> <span class='ocrx_word' id='word_1_300' title='bbox 1789 4172 2131 4234; x_wconf 86' lang='lat' dir='ltr'>acciderit</span> <span class='ocrx_word' id='word_1_301' title='bbox 2195 4173 2531 4235; x_wconf 87' lang='lat' dir='ltr'>valetudo</span> <span class='ocrx_word' id='word_1_302' title='bbox 2600 4172 2888 4257; x_wconf 90' lang='lat' dir='ltr'>firmior,</span> 
     </span>
     <span class='ocr_line' id='line_1_35' title="bbox 346 4278 2888 4363; baseline 0.002 -22"><span class='ocrx_word' id='word_1_303' title='bbox 346 4300 676 4363; x_wconf 86' lang='lat' dir='ltr'>nusquam</span> <span class='ocrx_word' id='word_1_304' title='bbox 726 4280 963 4343; x_wconf 89' lang='lat' dir='ltr'>malim</span> <span class='ocrx_word' id='word_1_305' title='bbox 1012 4278 1391 4342; x_wconf 88' lang='lat' dir='ltr'>animulam</span> <span class='ocrx_word' id='word_1_306' title='bbox 1439 4298 1743 4359; x_wconf 89' lang='lat' dir='ltr'>ponere,</span> <span class='ocrx_word' id='word_1_307' title='bbox 1808 4298 2019 4360; x_wconf 89' lang='lat' dir='ltr'>quam</span> <span class='ocrx_word' id='word_1_308' title='bbox 2083 4279 2385 4343; x_wconf 88' lang='lat' dir='ltr'>Romae.</span> <span class='ocrx_word' id='word_1_309' title='bbox 2487 4280 2668 4344; x_wconf 90' lang='lat' dir='ltr'>Nam</span> <span class='ocrx_word' id='word_1_310' title='bbox 2718 4280 2888 4345; x_wconf 89' lang='lat' dir='ltr'>Ger-</span> 
     </span>
     <span class='ocr_line' id='line_1_36' title="bbox 347 4385 2898 4470; baseline 0 -19"><span class='ocrx_word' id='word_1_311' title='bbox 347 4387 615 4451; x_wconf 87' lang='lat' dir='ltr'>maniae</span> <span class='ocrx_word' id='word_1_312' title='bbox 660 4408 773 4451; x_wconf 89' lang='lat' dir='ltr'>me</span> <span class='ocrx_word' id='word_1_313' title='bbox 828 4386 1247 4468; x_wconf 88' lang='lat' dir='ltr'>iampridem</span> <span class='ocrx_word' id='word_1_314' title='bbox 1299 4386 1562 4463; x_wconf 89' lang='lat' dir='ltr'>taedet,</span> <span class='ocrx_word' id='word_1_315' title='bbox 1609 4385 1734 4448; x_wconf 91' lang='lat' dir='ltr'>ubi</span> <span class='ocrx_word' id='word_1_316' title='bbox 1782 4405 1914 4447; x_wconf 89' lang='lat' dir='ltr'>nec</span> <span class='ocrx_word' id='word_1_317' title='bbox 1964 4385 2135 4448; x_wconf 91' lang='lat' dir='ltr'>satis</span> <span class='ocrx_word' id='word_1_318' title='bbox 2182 4394 2335 4448; x_wconf 89' lang='lat' dir='ltr'>tuto</span> <span class='ocrx_word' id='word_1_319' title='bbox 2387 4386 2550 4449; x_wconf 91' lang='lat' dir='ltr'>vivo</span> <span class='ocrx_word' id='word_1_320' title='bbox 2599 4396 2898 4470; x_wconf 88' lang='lat' dir='ltr'>propter</span> 
     </span>
     <span class='ocr_line' id='line_1_37' title="bbox 350 4492 2897 4576; baseline 0.001 -21"><span class='ocrx_word' id='word_1_321' title='bbox 350 4495 769 4574; x_wconf 85' lang='lat' dir='ltr'>lutheranos,</span> <span class='ocrx_word' id='word_1_322' title='bbox 820 4494 939 4576; x_wconf 92' lang='lat' dir='ltr'>qui</span> <span class='ocrx_word' id='word_1_323' title='bbox 987 4493 1337 4556; x_wconf 89' lang='lat' dir='ltr'>neminem</span> <span class='ocrx_word' id='word_1_324' title='bbox 1387 4492 1591 4574; x_wconf 88' lang='lat' dir='ltr'>peius</span> <span class='ocrx_word' id='word_1_325' title='bbox 1623 4495 1946 4571; x_wconf 87' lang='lat' dir='ltr'>oderunt,</span> <span class='ocrx_word' id='word_1_326' title='bbox 1999 4513 2208 4575; x_wconf 86' lang='lat' dir='ltr'>quam</span> <span class='ocrx_word' id='word_1_327' title='bbox 2240 4493 2628 4557; x_wconf 89' lang='lat' dir='ltr'>Erasmum.</span> <span class='ocrx_word' id='word_1_328' title='bbox 2724 4495 2897 4558; x_wconf 91' lang='lat' dir='ltr'>Cum</span> 
     </span>
     <span class='ocr_line' id='line_1_38' title="bbox 351 4598 2900 4679; baseline 0.001 -16"><span class='ocrx_word' id='word_1_329' title='bbox 351 4598 549 4665; x_wconf 55' lang='lat' dir='ltr'>Gafflo</span> <span class='ocrx_word' id='word_1_330' title='bbox 595 4603 818 4665; x_wconf 88' lang='lat' dir='ltr'>bellat</span> <span class='ocrx_word' id='word_1_331' title='bbox 866 4600 1164 4679; x_wconf 89' lang='lat' dir='ltr'>Caesar,</span> <span class='ocrx_word' id='word_1_332' title='bbox 1215 4600 1327 4663; x_wconf 90' lang='lat' dir='ltr'>cui</span> <span class='ocrx_word' id='word_1_333' title='bbox 1375 4600 1644 4661; x_wconf 89' lang='lat' dir='ltr'>iuratus</span> <span class='ocrx_word' id='word_1_334' title='bbox 1692 4620 1842 4662; x_wconf 91' lang='lat' dir='ltr'>sum</span> <span class='ocrx_word' id='word_1_335' title='bbox 1895 4598 2390 4674; x_wconf 84' lang='lat' dir='ltr'>Consiliarius;</span> <span class='ocrx_word' id='word_1_336' title='bbox 2439 4602 2512 4664; x_wconf 90' lang='lat' dir='ltr'>in</span> <span class='ocrx_word' id='word_1_337' title='bbox 2559 4602 2900 4665; x_wconf 85' lang='lat' dir='ltr'>Flandria</span> 
     </span>
    </p>
   </div>
   <div class='ocr_carea' id='block_1_3' title="bbox 351 4706 2903 4773">
    <p class='ocr_par' dir='ltr' id='par_1_3' title="bbox 351 4706 2903 4773">
     <span class='ocr_line' id='line_1_39' title="bbox 351 4706 2903 4773; baseline 0.002 -5"><span class='ocrx_word' id='word_1_338' title='bbox 351 4710 801 4773; x_wconf 86' lang='lat' dir='ltr'>tumultuatur</span> <span class='ocrx_word' id='word_1_339' title='bbox 861 4708 1089 4771; x_wconf 77' lang='lat' dir='ltr'>bellis,</span> <span class='ocrx_word' id='word_1_340' title='bbox 1167 4708 1261 4770; x_wconf 90' lang='lat' dir='ltr'>R.</span> <span class='ocrx_word' id='word_1_341' title='bbox 1328 4706 1415 4771; x_wconf 88' lang='lat' dir='ltr'>D.</span> <span class='ocrx_word' id='word_1_342' title='bbox 1480 4707 1561 4769; x_wconf 83' lang='lat' dir='ltr'>T.</span> <span class='ocrx_word' id='word_1_343' title='bbox 1626 4706 2029 4770; x_wconf 90' lang='lat' dir='ltr'>incolumen</span> <span class='ocrx_word' id='word_1_344' title='bbox 2093 4727 2177 4770; x_wconf 85' lang='lat' dir='ltr'>ac</span> <span class='ocrx_word' id='word_1_345' title='bbox 2246 4711 2602 4771; x_wconf 88' lang='lat' dir='ltr'>valentem</span> <span class='ocrx_word' id='word_1_346' title='bbox 2665 4720 2903 4773; x_wconf 85' lang='lat' dir='ltr'>servet</span> 
     </span>
    </p>
   </div>
   <div class='ocr_carea' id='block_1_4' title="bbox 353 4812 2833 4968">
    <p class='ocr_par' dir='ltr' id='par_1_4' title="bbox 353 4812 2833 4968">
     <span class='ocr_line' id='line_1_40' title="bbox 353 4812 1119 4897; baseline 0 -21"><span class='ocrx_word' id='word_1_347' title='bbox 353 4812 661 4879; x_wconf 83' lang='lat' dir='ltr'>Christus</span> <span class='ocrx_word' id='word_1_348' title='bbox 706 4813 875 4897; x_wconf 86' lang='lat' dir='ltr'>Opt.</span> <span class='ocrx_word' id='word_1_349' title='bbox 922 4814 1119 4877; x_wconf 84' lang='lat' dir='ltr'>Max.</span> 
     </span>
     <span class='ocr_line' id='line_1_41' title="bbox 1342 4902 2833 4968; baseline 0.004 -13"><span class='ocrx_word' id='word_1_350' title='bbox 1342 4908 1404 4961; x_wconf 83' lang='lat' dir='ltr'>E.</span> <span class='ocrx_word' id='word_1_351' title='bbox 1448 4910 1521 4955; x_wconf 85' lang='lat' dir='ltr'>R.</span> <span class='ocrx_word' id='word_1_352' title='bbox 1564 4908 1631 4957; x_wconf 89' lang='lat' dir='ltr'>D.</span> <span class='ocrx_word' id='word_1_353' title='bbox 1670 4907 2062 4957; x_wconf 78' lang='lat' dir='ltr'>addictissimus</span> <span class='ocrx_word' id='word_1_354' title='bbox 2102 4902 2372 4967; x_wconf 72' lang='lat' dir='ltr'>Rmnu</span> <span class='ocrx_word' id='word_1_355' title='bbox 2407 4903 2833 4968; x_wconf 58' lang='lat' dir='ltr'>Bolon-odana&amp;</span> 
     </span>
    </p>
   </div>
   <div class='ocr_carea' id='block_1_5' title="bbox 2479 5032 2588 5087">
    <p class='ocr_par' dir='ltr' id='par_1_5' title="bbox 2479 5032 2588 5087">
     <span class='ocr_line' id='line_1_42' title="bbox 2479 5032 2588 5087; baseline 0 0"><span class='ocrx_word' id='word_1_356' title='bbox 2479 5033 2548 5087; x_wconf 83' lang='lat'>20</span> <span class='ocrx_word' id='word_1_357' title='bbox 2559 5032 2588 5066; x_wconf 84' lang='grc'>*</span> 
     </span>
    </p>
   </div>
  </div>
 </body>
</html>
