3575 5775
1308 610 1802 673 0-434718>-0

278 769 440 822 tunc
489 762 776 842 quando
824 761 1343 826 matrimonium
1390 760 1794 825 huiusmodi
1839 762 2028 825 inter
2058 782 2182 825 eos
2214 768 2657 825 contractum
2701 756 2837 823 fuit

274 876 647 948 presentes
695 867 980 933 fuerant
1024 870 1254 933 adhuc
1301 870 1664 934 vivebant.
1756 868 1906 933 Nos
1955 890 2045 933 ne
2093 888 2396 933 erronea
2439 864 2838 931 huiusmodi

276 985 347 1037 et
392 994 587 1056 vaga
630 974 821 1037 fama
884 976 1167 1040 veritati
1230 986 1521 1057 noceat,
1590 977 1661 1040 in
1738 976 2176 1040 Consistorio
2243 983 2487 1039 nostro
2557 983 2837 1039 secreto

272 1080 656 1145 Francisco
706 1091 1109 1146 sanctorum
1156 1084 1451 1164 Joannis
1500 1094 1571 1148 et
1619 1084 1822 1147 Pauli
1872 1094 1944 1148 et
1991 1082 2368 1147 Leonardo
2416 1091 2662 1146 sancte
2711 1078 2836 1145 Su·

281 1208 506 1251 sanne
537 1198 615 1255 tt.
654 1191 1071 1272 presbiteris
1102 1190 1599 1255 Cardinalibus
1647 1192 1925 1256 dilectis
1973 1190 2132 1253 filiis
2179 1190 2462 1271 nostriS‚
2511 1200 2587 1253 ut
2624 1208 2839 1271 super

272 1316 493 1357 causa
556 1305 629 1359 et
698 1296 1002 1379 negocio
1072 1298 1541 1381 legitimitatis
1613 1321 1694 1363 ac
1764 1298 2286 1382 illegitimitatis
2347 1318 2432 1361 ac
2499 1295 2838 1361 natalium

268 1402 435 1481 Julii
484 1402 715 1466 Electi
759 1405 1159 1469 huiusmodi
1209 1406 1422 1470 etiam
1470 1427 1556 1470 eo
1604 1408 1725 1471 vel
1780 1406 1918 1496 alio
1967 1426 2099 1489 pro
2149 1425 2234 1468 eo
2297 1424 2438 1468 non
2505 1403 2835 1478 instante,

276 1511 557 1573 vocatis
606 1532 733 1575 sua
778 1511 851 1574 in
897 1512 1262 1593 premissis
1308 1514 1650 1579 interesse
1683 1514 2123 1597 putantibuS‚
2171 1533 2264 1576 ex
2327 1510 2565 1575 officio
2610 1508 2832 1594 inqui-

268 1627 514 1681 rerent
562 1628 635 1682 et
696 1631 1221 1701 cognoscerent
1264 1622 1673 1705 veritatem,
1721 1622 1896 1705 ipsis
1942 1620 2278 1701 invicem,
2325 1639 2541 1683 unum
2589 1638 2683 1683 ex
2731 1618 2836 1681 eis

269 1732 389 1787 aut
438 1723 655 1788 alium
702 1728 819 1789 vel
865 1726 1044 1791 alios
1090 1737 1305 1809 prout
1360 1727 1463 1792 eis
1524 1730 1888 1795 videretur
1946 1727 2468 1810 subdelegandi
2523 1726 2614 1789 ad
2674 1745 2833 1809 pro-

270 1832 671 1895 cedendum
716 1833 787 1896 in
836 1833 1219 1916 premissiS,
1270 1833 1483 1899 etiam
1526 1834 1725 1899 feriis
1776 1837 1866 1899 de
1915 1856 2155 1901 mense
2204 1832 2650 1918 Septembris
2704 1852 2835 1915 per

268 1937 414 2001 Nos
465 1938 791 2021 indictis,
858 1960 1001 2003 non
1052 1942 1532 2025 obstantibuS,
1582 1944 2014 2023 facultatem,
2063 1942 2466 2022 tribuend0‚
2515 1960 2597 2004 ac
2645 1947 2834 2022 post-

274 2048 561 2109 modum
613 2046 947 2130 quicquid
997 2068 1215 2132 super
1258 2049 1659 2113 huiusmodi
1706 2050 2156 2134 legitimitate
2188 2051 2304 2115 vel
2328 2046 2872 2131 illegitimitate'

276 2152 739 2235 inveniretur,
786 2154 856 2217 in
907 2157 1160 2220 eodem
1194 2155 1631 2220 Consistorio
1678 2157 2058 2237 referendi,
2106 2156 2272 2221 vive
2318 2156 2516 2220 vocis
2545 2155 2835 2218 oraculo

276 2268 351 2321 ut
396 2258 473 2323 in
520 2259 869 2325 similibus
928 2262 1083 2327 fieri
1143 2264 1513 2329 consuevit
1575 2266 2118 2345 commissimuS,
2189 2286 2276 2328 ac
2343 2265 2558 2328 etiam
2621 2271 2835 2343 super

270 2366 405 2429 hoc
452 2367 952 2434 comissionem
999 2392 1211 2434 manu
1258 2382 1502 2435 nostra
1564 2372 1919 2453 signatam
1981 2390 2112 2454 per
2177 2374 2358 2436 duos
2422 2392 2516 2434 etx.
2555 2367 2834 2433 -nostris

273 2470 699 2538 Cursoribus
744 2477 1143 2557 presentari
1202 2479 1690 2542 mandavimus
1749 2501 1833 2542 ac
1883 2480 2200 2561 fecimus,
2261 2478 2537 2561 ipsique
2595 2474 2836 2540 Cardi-

272 2582 469 2645 nales
538 2583 1053 2650 commissionis
1113 2585 1513 2649 huiusmodi
1572 2586 1826 2669 vigore
1896 2574 2174 2670 seipsos
2241 2588 2334 2649 ad
2402 2585 2708 2648 invicem
2761 2592 2838 2646 et

273 2687 575 2753 dilectos
644 2688 827 2755 filios
904 2691 1301 2771 Johannem
1374 2693 1741 2758 Paschalis
1809 2704 1880 2757 et
1937 2694 2328 2760 Gentilem.
2359 2695 2448 2756 de
2515 2691 2836 2756 Carlenis

273 2794 593 2875 clericOS,
644 2816 887 2863 eorum
934 2798 1343 2879 AuditoreS,
1395 2802 1487 2863 ad
1534 2800 1609 2863 in
1651 2802 2056 2865 huiusmodi
2097 2799 2582 2883 inquisitionis
2623 2818 2838 2862 causa

270 2904 840 2986 procedendum,
900 2914 971 2969 et
1036 2907 1370 2988 quicquid
1430 2928 1562 2990 per
1618 2929 1742 2973 eos
1805 2908 1878 2972 in
1941 2911 2194 2972 eadem
2238 2895 2600 2970 inventum
2644 2905 2837 2970 foret

273 3009 369 3072 eis
414 3009 877 3075 referendum
941 3013 1521 3096 subdelegarunt,
1568 3035 1650 3078 ac
1718 3017 2019 3079 dilectus
2064 3013 2248 3078 filius
2293 3013 2644 3096 Magister
2689 3013 2838 3075 Am

275 3117 475 3196 gelus
529 3118 623 3180 de
673 3117 871 3184 Cesis
920 3120 1153 3184 Aulae
1188 3131 1427 3186 nostre
1460 3122 1990 3187 Consistorialis
2015 3123 2456 3199 Advocatus,
2505 3139 2836 3184 asserens

272 3243 345 3286 se
390 3225 715 3288 eiusdem
762 3227 929 3306 Julii
978 3227 1203 3292 Electi
1251 3228 1571 3292 intimum
1619 3239 1691 3292 et
1738 3230 2156 3313 precipuum
2219 3227 2518 3292 amicum
2575 3247 2658 3290 ac
2707 3245 2834 3290 sua

270 3329 619 3396 interesse
642 3381 659 3412 ,
708 3353 799 3397 ne
848 3335 1005 3416 quis
1052 3334 1370 3399 indebite
1418 3336 1533 3398 vel
1595 3336 1854 3401 iniuste
1911 3337 2430 3416 diffamaretur,
2497 3345 2834 3415 tanquam

271 3437 425 3502 talis
477 3457 566 3500 ac
616 3439 793 3502 alias
840 3451 915 3502 ut
962 3462 1143 3506 unus
1192 3443 1281 3506 de
1347 3445 1613 3524 populo
1676 3464 1918 3507 coram
1979 3443 2277 3526 prefatis
2339 3440 2836 3506 Cardinalibus

272 3563 697 3628 comparens
745 3567 1155 3628 processum
1204 3549 1274 3612 in
1322 3549 1723 3614 huiusmodi
1770 3573 1984 3614 causa
2030 3571 2163 3634 per
2221 3549 2545 3614 Edictum
2606 3545 2832 3630 publia

272 3671 421 3714 cum
472 3651 550 3714 in
600 3653 813 3716 Alma
880 3655 1077 3720 Urbe
1140 3667 1383 3720 nostra
1451 3667 1524 3720 et
1572 3657 1824 3721 Valvis
1885 3657 2328 3724 Cancellarie
2407 3655 2833 3738 Apostolice

272 3777 351 3820 ac
398 3757 589 3822 Acie
636 3758 1039 3842 Campiflori
1088 3763 1524 3845 affigendum
1575 3773 1821 3829 contra
1867 3785 2116 3830 omnes
2173 3775 2250 3828 et
2320 3765 2641 3845 singulos
2673 3781 2836 3824 vsua

274 3865 339 3928 in
386 3866 755 3947 premissis
804 3870 1264 3934 communiter
1311 3873 1428 3934 vel
1485 3871 1767 3935 divisim
1814 3873 2158 3936 interesse
2223 3880 2557 3954 putantes
2605 3869 2662 3931 si
2713 3867 2832 3950 qui
2869 3878 2876 3888 '

274 3971 506 4036 forent
556 3973 1065 4040 instituendum
1114 3987 1184 4041 et
1218 3979 1769 4042 continuandum
1805 3999 1886 4041 ac
1919 3977 2325 4041 citationem
2359 3997 2490 4060 per
2523 3973 2829 4040 edictum

276 4091 519 4144 contra
593 4101 720 4143 sua
790 4081 1136 4146 interesse
1208 4094 1541 4166 putantes
1598 4085 1669 4148 in
1752 4083 2008 4148 Valvis
2089 4094 2160 4148 et
2237 4083 2420 4147 Acie
2489 4080 2830 4165 predictis

276 4185 707 4268 affigendam
758 4199 1007 4252 contra
1040 4189 1235 4272 ipsos
1267 4211 1395 4254 sua
1422 4191 1769 4256 interesse
1815 4201 2149 4273 putantes
2199 4192 2286 4255 ad
2337 4191 2712 4255 dicendum
2759 4198 2832 4252 et

278 4293 777 4375 excipiendum
825 4296 1159 4377 quicquid
1208 4299 1431 4361 verbo
1479 4299 1593 4360 vel
1654 4298 1723 4360 in
1773 4297 2053 4379 scriptis
2099 4307 2348 4361 contra
2394 4297 2620 4380 ipsam
2675 4315 2830 4379 pre-

276 4396 433 4462 fatis
504 4400 1005 4466 Cardinalibus
1078 4413 1153 4465 ut
1218 4403 1579 4486 prefertur
1637 4404 1898 4468 factam
1973 4414 2047 4468 et
2103 4415 2588 4486 presentatam
2647 4425 2830 4468 com-

278 4505 677 4570 missionem
724 4508 963 4572 dicere
994 4509 1148 4573 sive
1182 4510 1521 4593 excipere
1553 4513 1818 4574 vellent
1848 4513 1938 4574 ad
1972 4521 2242 4575 certum
2273 4511 2830 4594 peremptorium

277 4622 433 4676 tunc
484 4635 905 4697 expressum
954 4627 1473 4699 competentem
1518 4618 1892 4682 terminum
1943 4620 2228 4684 decerni
2291 4619 2614 4684 obtinuit.
2719 4619 2838 4682 Ac·

278 4724 721 4799 postmodum
776 4722 847 4784 in
912 4725 1162 4786 eodem
1220 4724 1520 4787 termino
1582 4745 1822 4788 coram
1879 4725 2182 4807 prefatis
2225 4725 2284 4788 F
2287 4727 2611 4791 rancisco
2662 4725 2821 4789 Car·

279 4826 487 4892 dinali
538 4829 1035 4895 Commissario
1084 4853 1167 4899 ac
1215 4833 1537 4912 Johanne
1588 4843 1661 4896 et
1708 4832 1996 4897 Gentile
2032 4833 2498 4898 Auditoribus
2547 4843 2623 4894 ut
2669 4853 2822 4914 pre·

276 4931 490 4999 fertur
550 4937 1041 5020 subdelegatis
1118 4959 1539 5022 comparens
1604 4940 1932 5003 Edictum
2001 4941 2360 5005 citationis
2422 4938 2824 5006 huiusmodi
