3575 5775
1352 577 1848 636 0-{3‘25554

443 747 449 756 ·
494 723 899 788 Franceseo
930 723 1369 806 Sichinghen
1422 727 1477 788 ὲ·
1507 726 1608 789 ito
1657 727 1726 788 al
1773 745 1994 808 paese
2043 725 2134 786 da
2170 723 2704 806 Wirtcmberge
2755 743 2882 804 per

334 852 525 894 nome
575 831 644 894 di
694 831 933 896 Cesar.
1028 833 1261 895 Resta
1309 833 1441 896 che
1490 833 1557 895 io
1608 832 1822 896 scrivi
1873 834 1962 894 de
2009 831 2057 894 li
2106 831 2267 893 libri
2317 841 2387 894 et
2437 831 2636 893 brevi
2685 851 2876 892 rece-

330 938 501 1019 puti:
558 947 739 1002 tutto
788 938 828 1001 e
875 948 1062 1002 stato
1094 941 1157 1002 al
1194 940 1565 1020 proposito
1599 938 2025 1019 assaissimO,
2076 947 2148 1003 et
2181 938 2227 999 li
2263 937 2462 1001 brevi
2495 937 2881 1016 bonissimi,

334 1055 395 1108 et
438 1049 577 1110 ben
627 1046 790 1109 fatti
839 1057 909 1108 et
958 1068 1001 1108 a
1046 1055 1309 1128 temp0.

490 1153 607 1216 De
673 1154 719 1217 li
789 1152 1039 1216 danari
1108 1153 1240 1217 che
1306 1175 1436 1236 per
1484 1154 1771 1236 meggio
1823 1153 1894 1216 di
1943 1153 2209 1216 Vostra
2259 1149 2598 1233 Signoria
2645 1152 2878 1214 Reve-

330 1259 735 1323 rendissima
781 1261 1045 1324 Nostro
1096 1259 1405 1343 Signore
1454 1283 1567 1327 me
1613 1263 1705 1324 ha
1753 1262 1934 1324 fatto
1984 1279 2212 1343 pagar
2261 1258 2382 1322 alli
2429 1258 2627 1339 Bini,
2691 1269 2762 1322 et
2811 1258 2881 1320 li-

331 1370 643 1430 berarme
694 1370 810 1430 dal
860 1368 1140 1450 debito,
1218 1371 1383 1450 qual
1442 1371 1675 1432 havea
1724 1390 1858 1431 con
1909 1370 2084 1446 lor0,
2133 1367 2498 1447 rengratio
2546 1366 2589 1428 l’
2623 1387 2762 1429 uno
2814 1375 2884 1428 et

332 1475 529 1536 laltro
577 1485 843 1556 quanto
891 1475 1011 1557 piu
1082 1496 1332 1558 possm
1398 1487 1597 1539 certo
1660 1477 1898 1538 hanno
1961 1475 2140 1537 fatto
2199 1477 2342 1538 ben
2403 1473 2494 1535 ad
2557 1495 2648 1535 un
2718 1473 2880 1535 fide·

330 1580 581 1644 lissimo
634 1583 977 1661 servitor,
1026 1584 1158 1645 che
1209 1585 1295 1646 de
1346 1593 1529 1646 tutto
1578 1583 1627 1646 il
1676 1603 1842 1645 core
1893 1603 2098 1645 cerea
2148 1593 2218 1644 et
2267 1602 2546 1662 sempre
2597 1579 2885 1643 cercara

331 1689 548 1751 servir
596 1709 639 1751 a
688 1687 838 1752 Sua
885 1687 1163 1752 Santita
1214 1700 1284 1753 et
1348 1712 1389 1753 a
1438 1691 1703 1752 Vostra
1753 1688 2088 1771 Signoria
2136 1687 2767 1751 Reverendissima
2815 1697 2886 1750 et

334 1793 469 1858 Sua
518 1796 999 1860 Illustrissima
1048 1817 1231 1860 casa.

1392 1986 1422 1998 m
1435 1984 1555 1998 .··ae·t‘N
1571 1984 1631 1998 xv«-
1641 1983 1695 1998 νγ
1718 1983 1806 1998 ’.κν

1552 2236 1636 2300 98

1205 2352 1283 2432 B..
1342 2350 1601 2432 Pacius
1654 2349 1872 2432 Leoni
1927 2350 2013 2432 X.

1152 2499 1323 2566 (Arm.
1361 2498 1506 2556 nv.
1545 2499 1695 2573 Cape.
1731 2497 1804 2555 Π.
1852 2497 1919 2556 N.
1957 2498 2062 2569 28.)

1362 2619 1435 2686 (ι.
1475 2619 1628 2684 Junii
1674 2619 1846 2681 1521.)

497 2753 920 2816 Beatissime
966 2755 1183 2816 Pater
1228 2763 1393 2834 post
1439 2752 1677 2816 humil.
1729 2753 2416 2816 commendationem
2465 2763 2536 2816 et
2584 2753 2883 2817 devotis-

332 2859 497 2924 sima
542 2862 787 2925 oscula
834 2862 1117 2943 pedum.
1213 2860 1419 2923 Mitto
1470 2861 1560 2923 ad
1612 2858 2080 2923 Sanctitatem
2131 2860 2460 2924 Vestram
2523 2881 2664 2925 una
2729 2881 2886 2924 cum

331 2968 543 3031 literis
607 2968 821 3049 meiS,
892 2988 1287 3030 sermonem
1356 2967 1775 3030 Reverendi
1843 2967 2064 3049 patris
2121 2968 2487 3032 Roffensis
2549 2968 2886 3050 Episcopi

333 3075 638 3137 habitum
690 3074 995 3137 Londini
1044 3074 1441 3137 astantibus
1491 3086 1561 3137 et
1610 3074 2226 3136 circumstantibus
2275 3074 2568 3156 triginta
2618 3077 2720 3155 (ut
2769 3074 2878 3136 mi·

334 3181 579 3243 nimum
630 3182 887 3262 dicam)
936 3182 1295 3244 hominum
1352 3178 1673 3260 milibus,
1745 3201 1832 3244 ea
1882 3180 2027 3262 die,
2091 3201 2230 3262 qua
2292 3178 2458 3244 libri
2510 3181 2888 3243 lutheriani

334 3290 609 3369 publice
658 3288 1009 3351 combusti
1056 3288 1363 3351 fuerunt.
1466 3288 1557 3349 Et
1604 3286 1770 3369 quia
1819 3308 1960 3350 non
2010 3297 2152 3351 tam
2201 3289 2386 3370 ignis
2433 3289 2594 3351 huic
2644 3297 2884 3350 nostro

334 3398 589 3477 populo
640 3416 851 3477 quam
900 3416 1132 3459 sermo
1181 3405 1326 3457 tam
1374 3394 1544 3456 boni
1595 3405 1667 3457 et
1732 3394 1988 3457 eruditi
2055 3394 2435 3477 Episcopi,
2501 3396 2883 3459 Lutherum

332 3504 707 3567 hereticum
759 3502 1152 3566 declaravit
1202 3504 1367 3583 (non
1417 3501 1645 3583 magis
1696 3501 1880 3563 enim
1933 3502 2256 3565 doctrina
2304 3504 2471 3566 licet
2519 3504 2607 3566 sit
2655 3504 2885 3586 singu-

334 3610 509 3690 laris,
558 3632 768 3693 quam
819 3611 1009 3674 vitae
1060 3630 1473 3690 morumque
1523 3607 1904 3689 SanctitaS,
1953 3608 2372 3675 Roffensem
2412 3608 2888 3697 commendat)

336 3720 571 3796 putavi
636 3740 767 3802 per
835 3740 1047 3800 quam
1117 3716 1595 3781 necessarium
1664 3736 1821 3778 esse
1892 3729 1968 3778 ut
2032 3718 2290 3780 Vestra
2347 3716 2744 3800 Sanctitas,
2817 3731 2889 3781 et

336 3822 509 3887 istud
557 3846 835 3889 sacrum
887 3825 1268 3907 collegium
1320 3845 1405 3885 ex
1458 3823 1595 3885 hoc
1645 3843 1974 3885 sermone
2021 3824 2540 3906 intelligerent,
2607 3837 2677 3888 et
2730 3847 2885 3907 per-

338 3932 682 4012 spicerent
748 3934 987 4013 qualia
1054 3934 1371 3994 membra
1432 3928 1826 3992 catholicae
1894 3930 2262 3995 Ecclesiae
2323 3934 2586 3995 habeat
2648 3936 2782 3995 hoc
2845 3954 2888 3996 a

338 4048 477 4101 toto
522 4043 697 4103 orbe
746 4049 889 4103 tam
944 4039 1243 4102 divisum
1293 4056 1624 4117 regnum;
1676 4058 2028 4118 quamque
2076 4049 2327 4119 parata
2375 4041 2516 4103 sint
2546 4042 2887 4103 adversus

340 4147 738 4225 pestilentes
785 4149 1109 4225 hereseS,
1174 4157 1245 4207 et
1293 4143 1609 4208 nefanda
1658 4143 2072 4226 schismata,
2140 4156 2424 4211 strenue
2492 4151 2885 4214 decertare.

340 4251 423 4313 Et
475 4255 793 4335 quamvis
838 4252 1238 4332 Roffensis,
1306 4252 1439 4313 hac
1506 4249 1844 4331 peculiari
1905 4251 2164 4316 virtute
2225 4258 2590 4335 praeditus
2656 4259 2744 4321 sit
2813 4271 2885 4322 ut

342 4369 592 4425 tanturn
642 4362 861 4443 fugiat
917 4360 1253 4443 gloriam,
1304 4365 1642 4438 quantum
1687 4358 1866 4419 haec
1915 4358 2141 4439 ipsum
2190 4376 2697 4445 persequatur,
2748 4388 2885 4449 ego

344 4476 559 4533 tamen
605 4468 1025 4533 Sanctitatis
1086 4468 1393 4529 Vestrae
1457 4463 1880 4546 prudentiae
1944 4467 2158 4531 etiam
2226 4470 2482 4550 opinor
2541 4484 2617 4536 ut
2665 4474 2887 4539 literis

346 4574 760 4656 Apostolicis
807 4576 908 4639 illi
960 4576 1363 4637 declaretur
1410 4590 1621 4652 quam
1670 4582 2043 4653 acceptum
2093 4576 2184 4639 sit
2231 4577 2460 4641 eidem
2511 4580 2886 4645 Sanctitati

348 4680 628 4747 Vestrae
684 4688 819 4748 hoc
880 4682 1193 4745 officium
1254 4679 1442 4761 quod
1502 4677 1661 4739 Deo
1728 4687 1798 4739 et
1861 4679 2244 4745 universali
2307 4685 2670 4751 Ecclesiae
2743 4700 2886 4753 tam

348 4787 457 4867 pie
500 4802 565 4854 et
607 4792 875 4856 utiliter
921 4789 1311 4873 praestitit;
1384 4793 1545 4848 sunt
1594 4794 1778 4855 enim
1829 4814 2110 4872 omnes,
2175 4816 2332 4857 mea
2389 4796 2670 4877 quidem
2734 4818 2882 4859 sen.

352 4897 573 4980 tentia,
620 4902 707 4962 ad
757 4901 940 4963 hanc
988 4920 1231 4963 veram
1261 4896 1626 4969 Ecclesiae
1658 4902 2156 4967 defendendae
2186 4904 2487 4985 gloriam
2525 4904 2884 4975 incitandi,
