3575 5775
1704 547 2199 606 wana&

665 697 1090 762 bellaturam
1150 710 1220 760 et
1277 699 1460 761 hanc
1519 698 1831 784 opimam
1892 698 2251 761 victimam
2298 697 2457 760 Deo
2508 707 2787 780 gratam
2834 698 3239 760 oblaturam

666 806 822 870 fore
872 817 1225 888 optamuS,
1291 826 1370 867 ac
1419 805 1490 866 in
1541 805 1848 868 Domino
1897 809 2245 868 bonorum
2295 804 2603 867 omnium
2652 813 2943 868 auctore
2996 825 3241 886 spera-

667 934 850 977 mus:
944 914 1203 976 Datum
1255 923 1387 976 ete.

1731 1089 1857 1101 Atm-
1870 1091 1935 1102 ‘vu
1943 1090 2145 1104 Nost-W*

1894 1319 2003 1386 40.

663 1430 938 1511 Cardin.
964 1425 1607 1530 Sanctor.Quatuor
1635 1425 1987 1530 magistro
2016 1428 2345 1530 generali
2372 1427 2688 1510 fratrum
2702 1429 3241 1511 observantiae.

1580 1558 1750 1629 (Acta
1787 1556 2059 1616 Wormao.
2094 1557 2186 1616 fol.
2222 1557 2325 1632 79.)

735 1661 922 1726 (Missa
961 1662 1027 1710 ad
1067 1677 1148 1710 me
1185 1661 1239 1709 in
1280 1663 1556 1709 Conventu
1593 1659 1986 1708 'wormaciensi
2033 1669 2161 1722 1521
2206 1675 2237 1707 a
2277 1663 2467 1708 Rev-»¹0
2516 1663 2617 1710 D⁰⁰
2664 1663 2903 1710 Sanctor.
2936 1661 3191 1724 ‚Quatuor

1472 1765 1588 1798 cum
1629 1750 1820 1798 litteris
1857 1751 1937 1800 X.
1976 1751 2155 1798 Martii
2203 1751 2406 1814 1521¹).

842 1857 1049 1919 Bulla
1097 1859 1228 1920 sub
1277 1859 1570 1940 plumbo
1621 1866 1875 1919 contra
1902 1855 2285 1919 Martinum
2316 1857 2702 1920 Lutherum
2752 1876 2981 1938 nuper
3021 1856 3245 1937 edita,

661 1985 846 2028 nunc
909 1966 1000 2026 ad
1049 1967 1460 2044 generalem
1509 1962 1903 2026 ministrum
1949 1963 2247 2026 mittitur
2296 1965 2386 2026 ad
2438 1963 2766 2026 effectum
2818 1974 2892 2026 ut
2941 1982 3069 2026 sua
3118 1985 3242 2044 pa-

659 2072 954 2134 ternitas
1023 2070 1348 2133 omnibus
1410 2070 1828 2152 guardianis
1878 2080 1948 2132 et
1994 2070 2351 2134 fratribus·
2382 2070 2651 2133 ordinis
2700 2071 2804 2134 sui
2854 2072 2945 2134 de
2994 2073 3241 2136 obser-

660 2179 906 2241 vantia
953 2187 1024 2239 et
1059 2178 1235 2254 aliis,
1272 2179 1527 2259 quibus
1561 2175 1957 2258 expediens
2006 2177 2384 2256 videbitur,
2418 2177 2609 2240 illam
2641 2179 3020 2242 ostendere
3058 2177 3241 2240 eius-

661 2305 798 2366 que
860 2284 1138 2365 copiam
1199 2285 1267 2347 in
1335 2283 1533 2346 Urbe
1598 2284 1688 2346 de
1751 2285 2088 2348 mandato
2153 2282 2269 2345 S¹¹¹i
2320 2284 2405 2346 D.
2470 2285 2556 2346 N.
2620 2284 3036 2366 impressam
3098 2285 3245 2347 illis

661 2393 1063 2473 relinquere
1113 2391 1358 2474 possit.
1433 2389 1696 2471 Quanti
1745 2411 1919 2453 vero
1968 2390 2309 2472 ponderis
2360 2412 2441 2454 ac
2490 2391 2827 2456 momenti
2859 2390 3245 2472 negocium

661 2501 791 2561 hoc
857 2498 981 2577 sit,
1043 2497 1200 2578 ipse
1261 2497 1624 2579 generalis
1672 2497 1988 2560 minister
2034 2519 2128 2560 ex
2177 2497 2332 2578 ipso
2380 2497 2593 2562 facile
2641 2497 3025 2579 intelliget,
3080 2517 3243 2560 cum

661 2605 751 2670 sit
797 2605 906 2666 vir
955 2604 1402 2666 doctissimus
1450 2604 1520 2666 in
1571 2602 1760 2666 omni
1809 2604 2151 2667 facultate
2200 2614 2271 2666 et
2318 2603 2740 2684 praesertim
2772 2603 2843 2666 in
2876 2624 3081 2668 sacra
3113 2624 3241 2686 pa-

659 2713 828 2793 gina
861 2731 1070 2794 quam
1106 2711 1315 2774 Bulla
1345 2711 1502 2794 ipsa
1539 2710 1879 2802 continet,
1932 2711 2336 2772 damnando
2366 2709 2760 2792 positiones
2791 2721 2863 2774 et
2895 2711 3246 2774 articulos

659 2839 836 2903 quos
897 2819 1030 2882 iste
1079 2817 1428 2882 Martinus
1491 2817 1760 2882 Luther
1827 2817 2181 2880 diabolico
2250 2837 2424 2880 ausu
2486 2815 2767 2880 firmare
2834 2827 2941 2880 est
2998 2839 3239 2898 ausuS,

659 2947 956 3008 quorum
1007 2927 1287 3007 quidem
1338 2927 1796 2990 articulorum
1846 2925 2064 3009 aliqui
2096 2935 2259 2989 sunt
2289 2926 2574 3007 penitus
2603 2924 2967 3006 haeretici,
3016 2925 3245 3007 aliqui

659 3056 830 3097 vero
868 3033 1290 3114 scandalosi,
1325 3034 1644 3096 nonnulli
1677 3042 1913 3095 autem
1947 3031 2102 3114 pias
2136 3053 2345 3095 aures
2377 3031 2633 3095 Christi
2668 3032 2981 3095 fidelium
3012 3030 3239 3094 offen-

660 3143 932 3205 dentes,
1029 3140 1165 3222 Qui
1231 3140 1441 3203 etiam
1499 3139 1557 3203 si
1604 3140 1849 3202 forsan
1898 3139 2295 3202 rationibus
2344 3139 2857 3222 philosophicis
2904 3160 2986 3201 ac
3036 3141 3239 3201 theo-

659 3248 911 3330 logicis
974 3247 1321 3328 disputari
1376 3256 1704 3329 possent,
1769 3246 2221 3310 nihilominus
2270 3247 2362 3309 ad
2411 3246 2872 3309 scandalosas
2920 3246 3235 3328 disputa-

659 3355 891 3417 tiones
939 3353 1338 3416 huiusmodi
1391 3355 1742 3416 tollendas
1777 3375 1908 3436 per
1944 3353 2254 3416 Romani
2286 3352 2675 3415 Pontifices
2709 3353 2779 3415 in
2816 3352 3237 3415 Florentino

659 3482 741 3523 ac
792 3460 948 3523 aliis
996 3461 1288 3523 concilis
1334 3459 1715 3540 improbati
1767 3480 1851 3521 ac
1902 3460 2211 3523 damnati
2264 3461 2734 3541 reperiuntur,
2785 3480 2969 3541 quae
3017 3461 3237 3541 pluri·

658 3571 791 3631 bus
842 3586 979 3649 ego
1029 3587 1172 3629 non
1221 3567 1588 3647 disseram,
1637 3587 1795 3629 cum
1843 3567 1977 3648 ipsi
2022 3568 2340 3631 ministro
2374 3568 2696 3649 generali
2727 3568 2800 3631 in
2835 3568 3241 3648 Theologia

660 3677 777 3737 diu
811 3684 1097 3739 versato
1127 3678 1347 3739 multo
1381 3676 1630 3738 melius
1678 3696 1891 3757 quam
1940 3675 2105 3739 mihi
2156 3676 2275 3758 qui
2306 3676 2778 3758 Theologiam
2825 3674 3051 3757 ipsam
3086 3695 3233 3738 non

659 3782 1000 3865 profiteor
1049 3794 1217 3846 nota
1265 3782 1404 3845 sint
1453 3792 1522 3845 et
1573 3804 1660 3845 ne
1695 3782 1978 3846 videam
2010 3784 2195 3846 velle
2229 3782 2629 3845 Minervam
2662 3782 3032 3845 instruere.
3100 3781 3239 3845 His

658 3892 876 3973 igitur
941 3890 1350 3972 praemissis
1417 3910 1572 3952 cum
1635 3892 1814 3953 haec
1863 3890 2005 3952 sint
2053 3889 2142 3951 de
2192 3888 2576 3953 maioribus
2625 3889 2855 3951 causis
2903 3908 3087 3971 quae
3134 3892 3235 3951 ab

659 4001 790 4061 hac
842 4009 1088 4061 sancta
1137 3998 1308 4061 sede
1341 3997 1780 4077 decidantur,
1833 3996 1999 4079 quia
2029 3995 2241 4059 fidem
2275 4004 2589 4059 nostram
2622 3996 3043 4059 catholicam
3077 3995 3235 4059 sine

659 4127 800 4187 qua
847 4126 1052 4169 nemo
1103 4104 1366 4169 salvari
1414 4114 1654 4187 potest
1701 4105 2007 4168 maxime
2056 4114 2381 4185 tangunt,
2432 4114 2503 4167 et
2552 4103 2609 4165 si
2640 4101 2928 4165 Domini
2961 4113 3231 4185 tempo-

658 4216 844 4276 rales
913 4222 983 4277 et
1045 4213 1582 4277 communitates
1646 4233 1726 4275 ac
1796 4212 1913 4275 alii
1964 4211 2222 4274 Christi
2288 4210 2538 4275 fideles
2603 4209 2885 4274 inimico
2942 4210 3235 4293 generis

661 4320 943 4381 humani
979 4329 1324 4401 operante
1356 4340 1439 4382 ac
1471 4320 1807 4381 zizaniam
1842 4319 2253 4398 seminante,
2305 4318 2567 4380 dictum
2598 4316 2983 4379 Martinum
3028 4317 3234 4399 sequi

659 4428 774 4488 vel
824 4446 980 4489 eum
1032 4428 1424 4491 defendere
1473 4427 1779 4506 vellent,
1851 4427 2069 4488 multa
2116 4434 2187 4487 et
2236 4424 2539 4487 maxime
2588 4424 3011 4505 pernitiosa,
3060 4424 3234 4487 inde

659 4534 998 4596 scandala
1045 4534 1321 4614 possint
1370 4532 1665 4609 exoriri,
1733 4532 1955 4614 ipsius
2002 4531 2303 4594 ministri
2351 4530 2711 4611 generalis
2758 4550 2843 4592 ac
2892 4529 3044 4592 eius
3093 4529 3233 4591 fra-

659 4650 876 4720 trum,
945 4639 1062 4722 qui
1125 4649 1422 4722 propter
1485 4661 1728 4703 eorum
1794 4640 2277 4720 exemplarem
2342 4638 2559 4700 vitam
2622 4637 2814 4719 apud
2864 4657 3108 4699 omnes
3158 4638 3229 4699 in

659 4748 1120 4811 veneratione
1151 4750 1524 4828 habentur,
1573 4760 1815 4829 partes
1851 4756 2058 4810 erunt
2089 4747 2524 4829 persuadere
2558 4743 3009 4825 Principibus
3043 4764 3231 4807 cum·

707 4910 754 4975 ¹)
807 4910 956 4957 Haec
995 4908 1158 4957 verba
1195 4908 1247 4957 in
1287 4910 1460 4973 capite
1501 4909 1618 4957 solii
1655 4909 1871 4975 propria
1908 4924 2063 4957 manu
2106 4907 2367 4956 Ale-andri
2406 4912 2526 4955 sunt
2562 4906 2771 4973 scripta.
