3575 5775
1698 574 2157 632 0-43268m

643 719 974 783 rechiesti
1008 722 1124 783 dal
1161 720 1546 801 Pontefice‚
1588 731 1660 785 et
1707 724 2020 805 allegato
2064 725 2217 787 loro
2262 724 2499 805 quello
2530 720 2975 785 sanctissimo
3010 721 3207 783 detto

645 826 714 889 di
765 824 988 890 Santo
1051 828 1491 912 Hieronymo
1541 839 1788 892 contra
1834 828 2329 894 Luciferianos
2378 829 2497 911 qui
2544 827 2646 891 sic
2695 828 2968 890 scribit:
3044 828 3207 907 „Ec-

643 936 903 999 clesiae
953 937 1144 999 salus
1191 937 1262 999 in
1305 935 1572 999 Summi
1607 936 2020 1001 Sacerdotis
2069 938 2417 1020 dignitate
2460 936 2749 1018 pendet,
2799 935 2910 998 cui
2958 934 3015 997 si
3066 955 3203 997 non

577 1092 580 1095 .
645 1064 857 1105 exors
905 1044 1253 1124 quaedam
1303 1052 1374 1106 et
1423 1046 1514 1107 ab
1578 1044 1904 1108 omnibus
1965 1045 2280 1107 eminens
2327 1045 2533 1106 detur
2580 1051 2920 1125 potestas,
2982 1052 3089 1105 tot
3134 1040 3203 1104 in

643 1149 980 1213 Ecclesiis
1028 1150 1429 1215 efficientur
1475 1151 1859 1214 schismata
1908 1160 2080 1233 quot
2128 1151 2602 1214 sacerdote8.“

821 1258 1139 1321 Tandem
1185 1257 1339 1322 heri
1388 1278 1550 1321 sera
1605 1258 1698 1321 ad
1754 1259 1930 1321 hore
1979 1258 2236 1340 cinque
2286 1258 2357 1321 di
2420 1266 2619 1321 notte
2688 1258 2753 1319 el
2804 1256 3203 1319 Leodiense

643 1384 752 1427 me
802 1364 1208 1429 introdusse
1259 1368 1328 1428 al
1375 1365 1494 1428 Re
1565 1376 1637 1428 et
1683 1366 2105 1429 abboccomi
2173 1386 2306 1428 con
2358 1364 2701 1429 Chievres
2762 1365 2985 1427 solum
3048 1384 3205 1425 cum

641 1472 816 1553 solO,
867 1474 1052 1536 dove
1100 1472 1169 1535 io
1217 1471 1460 1535 trattai
1509 1472 1580 1535 in
1611 1492 1785 1535 vero
1837 1492 1970 1537 con
2005 1475 2283 1555 grande
2333 1494 2461 1537 sua
2509 1471 2903 1535 attentione
2950 1481 3023 1534 et
3072 1481 3203 1532 sat-

640 1577 1031 1642 tisfattione
1079 1588 1265 1643 tutta
1313 1588 1567 1661 questa
1615 1600 1815 1659 cosa,
1885 1602 1995 1643 me
2045 1602 2337 1663 respose
2405 1584 2535 1644 che
2585 1599 2724 1642 non
2792 1579 2849 1641 si
2906 1578 3207 1641 sarebbe

641 1706 810 1750 cosa
866 1706 943 1749 se
1009 1706 1151 1749 non
1213 1706 1345 1769 per
1391 1687 1666 1751 l’honor
1715 1689 1805 1750 de
1854 1688 1939 1751 N.
1990 1688 2068 1748 ὃ*
2146 1710 2185 1751 e
2234 1689 2424 1751 della
2472 1687 2748 1765 Chiesa,
2799 1695 2870 1748 et
2916 1695 3203 1747 mostra·

640 1793 782 1855 rasi
831 1794 963 1856 che
1013 1794 1277 1857 Caesar
1327 1804 1434 1857 est
1481 1794 1819 1877 princeps
1864 1814 2036 1858 vere
2088 1794 2497 1858 catholicus
2592 1793 2897 1856 Dissemi
2946 1812 3211 1855 ancora

641 1902 774 1963 che
837 1911 1091 1982 questa
1154 1923 1362 1965 mane
1433 1901 1526 1965 mi
1577 1911 1977 1966 attrovasse
2043 1904 2110 1965 al
2161 1902 2456 1965 consilio
2515 1902 2581 1963 d'
2617 1900 3018 1964 Allemania
3075 1902 3205 1961 sub

640 2018 867 2071 ortum
917 2007 1117 2081 solis;
1170 2030 1300 2071 nec
1350 2009 1581 2091 potuit
1631 2010 1976 2073 interesse
2030 2010 2361 2077 dominus¹
2400 2008 2719 2071 Nuncius
2769 2006 3031 2089 perche
3080 2027 3205 2069 era

641 2115 978 2195 alquanto
1025 2114 1422 2198 indisposto
1449 2136 1650 2179 come
1675 2116 1768 2179 mi
1816 2117 1892 2179 fu
1942 2116 2257 2180 referitO.
2330 2117 2801 2179 Praesidebat
2832 2124 2999 2176 tunc
3030 2112 3205 2175 Gur-

640 2222 889 2303 eensiS,
942 2222 1266 2286 interfuit
1295 2224 1714 2287 Leodiensis
1762 2234 1841 2286 ut
1886 2224 2221 2307 princeps
2270 2223 2565 2306 imperii,
2621 2222 3083 2303 Tergestinus
3130 2230 3205 2282 ut

639 2329 1068 2403 consiliarius
1119 2329 1446 2394 Caesaris
1512 2340 1583 2393 et
1643 2329 1846 2395 multi
1912 2330 2031 2393 alii
2079 2330 2239 2393 laici
2297 2330 2677 2414 principes.
2788 2328 2877 2391 Et
2932 2326 3203 2409 perche

636 2456 766 2518 per
815 2439 1000 2500 mala
1047 2437 1393 2518 disgratia
1439 2437 1532 2501 mi
1579 2438 1672 2500 ha
1706 2438 2089 2520 bisognato
2140 2438 2211 2500 in
2261 2440 2359 2500 tal
2404 2439 2618 2501 modo
2666 2438 3001 2516 revolger
3040 2433 3203 2497 tutti

639 2544 684 2606 li
735 2543 958 2607 scritti
991 2542 1135 2607 cosi
1176 2544 1425 2608 vecchi
1458 2566 1658 2607 come
1691 2544 1906 2607 nuovi
1941 2544 2011 2606 di
2045 2556 2298 2627 questo
2328 2544 2684 2623 basiliscO,
2723 2544 2855 2605 che
2890 2540 3089 2623 quasi
3122 2562 3203 2603 so

639 2672 726 2713 ea
755 2652 1160 2715 memoriter
1193 2652 1450 2733 omnia,
1481 2652 1620 2715 feci
1651 2673 1746 2715 un
1777 2653 2098 2715 discorso
2132 2652 2301 2728 delli
2332 2651 2453 2734 piu
2498 2646 2767 2714 enormi
2802 2648 3022 2713 errori
3072 2650 3203 2711 che

637 2778 749 2821 me
797 2778 1185 2839 paresseno
1221 2780 1418 2822 esser
1442 2759 1740 2823 dannosi
1789 2759 1862 2822 in
1910 2759 1979 2822 la
2025 2759 2192 2822 fede
2231 2758 2583 2822 catholica
2632 2768 2703 2821 et
2735 2755 3197 2839 dispiacevoli

638 2864 756 2929 alli
803 2866 1143 2948 audienti,
1191 2865 1312 2950 poi
1372 2866 1423 2930 li
1471 2866 1734 2950 allegai
1797 2869 1864 2931 le
1912 2888 2079 2932 cose
2129 2868 2245 2930 del
2296 2889 2532 2931 nuovo
2584 2867 3040 2930 Testamento
3091 2862 3201 2926 cui

634 2973 790 3056 ipse
839 2975 1143 3037 maxime
1193 2995 1268 3038 se
1318 2975 1522 3038 inniti
1571 2973 1971 3056 profitetur,
2038 2975 2207 3039 delli
2254 2975 2535 3039 concilii
2597 2984 2669 3038 et
2729 2971 3003 3054 antiqui
3050 2972 3201 3066 dot-

634 3081 794 3160 tori,
855 3084 1001 3144 cosi
1049 3082 1292 3164 graeci
1342 3103 1541 3145 come
1591 3081 1789 3145 latini
1839 3085 1971 3146 che
2022 3083 2239 3144 fanno
2288 3093 2536 3146 contra
2586 3082 2700 3162 lui,
2767 3078 3033 3162 perche
3082 3077 3196 3141 de’

637 3189 802 3251 novi
851 3189 1170 3270 theologi
1229 3199 1301 3252 et
1349 3188 1710 3252 decretisti
1783 3190 1851 3252 el
1909 3209 2083 3253 cane
2150 3210 2293 3253 non
2350 3192 2515 3254 vole
2574 3207 2868 3271 prorsus
2916 3184 3199 3266 sentire,

635 3295 775 3358 imo
838 3294 1118 3358 deridet
1178 3316 1422 3360 omnes
1481 3309 1553 3359 et
1599 3297 1873 3378 respuit
1918 3307 1996 3360 ut
2051 3307 2442 3380 suspectos.
2552 3297 2644 3360 Et
2704 3295 2989 3378 quando
3054 3292 3197 3355 vidi

637 3402 685 3465 li
734 3401 1050 3483 Principi
1096 3405 1315 3466 molto
1365 3405 1505 3466 ben
1555 3402 1867 3466 instrutti
1914 3414 1987 3468 et
2033 3426 2076 3468 a
2124 3407 2195 3469 la
2242 3425 2457 3468 causa
2505 3403 2767 3483 affetti‚
2817 3399 3199 3464 domandai

637 3487 712 3571 la
755 3509 1217 3591 expeditione
1266 3511 1382 3572 del
1433 3511 1768 3574 mandato
1818 3521 1889 3573 et
1936 3512 2097 3574 altri
2145 3512 2440 3574 remedii
2489 3509 2893 3594 opportuni.
2960 3509 3197 3571 Furno

636 3616 916 3679 interim
965 3617 1295 3680 chiamati
1344 3618 1436 3680 ad
1485 3617 1865 3682 Caesarem
1928 3639 2060 3700 per
2124 3622 2305 3682 altra
2366 3638 2581 3681 causa
2642 3626 2714 3680 et
2769 3617 2972 3681 simul
3019 3615 3195 3679 refe-

637 3723 827 3786 rirno
877 3725 1116 3806 quello
1165 3726 1468 3788 havemo
1518 3733 1835 3789 trattatO.
1940 3727 2294 3788 Concluso
2354 3725 2431 3788 fu
2480 3726 2613 3787 che
2662 3745 2738 3788 se
2788 3733 3199 3806 expettasse

637 3831 702 3892 el
735 3830 1162 3913 Moguntino
1213 3851 1414 3895 come
1463 3833 2092 3896 archicancellario
2142 3834 2233 3895 de
2282 3831 2668 3896 Germania
2716 3834 2782 3896 el
2830 3833 2995 3914 qual
3054 3830 3197 3893 tien

636 3937 702 3999 el
751 3936 1011 4020 sigillo.

815 4044 1035 4108 Intrai
1084 4045 1363 4108 interim
1413 4048 1482 4109 al
1530 4046 1879 4128 consiglio
1928 4055 2208 4109 secreto
2268 4047 2382 4108 del
2432 4047 2571 4111 Re.
2630 4045 2869 4110 Parlai
2936 4067 3069 4108 con
3132 4048 3197 4109 el

635 4151 1255 4234 grancancellieri,
1306 4155 1369 4216 el
1419 4155 1584 4234 qual
1649 4173 1915 4217 ancora
1964 4163 2168 4216 stava
2217 4157 2286 4216 in
2336 4164 2589 4235 questa
2636 4153 3015 4236 phantasia
3065 4153 3197 4216 che

635 4259 828 4320 bono
875 4261 1180 4322 sarebbe
1229 4261 1360 4323 che
1413 4259 1682 4322 Luther
1727 4259 2009 4324 venisse
2058 4262 2199 4324 alla
2250 4261 2472 4341 dieta,
2538 4261 2587 4324 il
2645 4263 2775 4324 che
2826 4260 2873 4323 li
2923 4260 3198 4342 resposi

636 4365 828 4446 quod
876 4385 1015 4447 ego
1064 4377 1134 4429 et
1182 4377 1524 4448 optarem,
1573 4369 1783 4430 modo
1833 4381 2226 4450 revocaret,
2275 4371 2467 4451 quod
2512 4389 2819 4450 unquam
2870 4367 2940 4430 in
2974 4377 3195 4432 aeter-

637 4491 802 4534 num
853 4471 1069 4535 faciet
1116 4483 1454 4555 quantum
1503 4474 1751 4554 vide0,
1820 4476 2000 4538 adeo
2052 4487 2161 4538 est
2208 4476 2437 4558 gloria
2485 4476 2785 4557 cupidus
2834 4490 2905 4539 et
2960 4495 3197 4558 super·

638 4579 757 4642 bia
803 4581 1051 4661 elatuS‚
1101 4592 1170 4643 et
1218 4584 1350 4645 che
1398 4604 1474 4645 se
1523 4603 1664 4646 non
1715 4583 1773 4645 si
1820 4603 2236 4666 revocasse,
2294 4594 2365 4646 et
2412 4605 2555 4658 non
2604 4584 3027 4665 possendosi
3074 4603 3196 4666 pu—

639 4687 790 4750 nire
841 4707 971 4769 per
1019 4690 1087 4750 el
1135 4690 1335 4752 salvo
1385 4691 1726 4753 condotto
1775 4694 2081 4754 sarebbe
2152 4694 2221 4755 la
2286 4691 2704 4755 confusione
2770 4693 2887 4754 del
2937 4691 3197 4754 mundo

641 4806 711 4858 et
765 4795 928 4858 tutti
989 4795 1549 4862 iudicarebbono
1617 4819 1859 4862 essere
1940 4810 2126 4863 stata
2188 4797 2605 4862 confirmata
2665 4801 2732 4862 la
2794 4797 3010 4880 impia
3072 4819 3200 4862 sua

640 4903 988 4976 dottrina;
1039 4923 1169 4985 per
1217 4916 1468 4985 questo
1517 4905 1555 4967 e
1606 4907 1738 4970 che
1787 4905 1837 4968 li
1886 4907 2272 4971 Lutherani
2301 4905 2607 4970 maxime
2656 4905 3080 4970 desidet-ano
3132 4909 3201 4970 la
