3575 5775
1522 571 2020 628 0-43483t>-0

480 722 615 784 hos
648 739 872 802 usque
903 719 1081 784 fines
1116 741 1429 801 serpere,
1462 740 1818 801 nunquam
1871 720 2144 784 cessavi
2177 721 2346 802 quin
2395 720 2704 785 omnium
2751 722 3056 786 maxime

482 829 1014 907 contenderem,
1064 828 1255 908 apud
1306 827 1853 890 Serenissimum
1902 828 2336 911 Principem,
2409 839 2554 891 tam
2629 827 2852 890 literis
2921 827 3056 892 fre-

482 934 1002 1016 quentissimiS,
1076 955 1287 1016 quam
1344 945 1416 997 et
1478 935 1749 999 crebris
1816 935 2123 999 nunctiis
2151 985 2168 1015 ,
2239 946 2315 999 ut
2379 933 2572 999 Suae
2635 933 3060 999 Sei-enitatis

480 1043 789 1105 animum
838 1062 969 1124 pro
999 1041 1416 1105 defensione
1462 1042 1766 1106 nominis
1814 1043 2278 1107 ecclesiastici
2326 1042 2809 1106 inviolabilem
2859 1052 2930 1107 et
2958 1044 3056 1106 in-

482 1149 913 1231 placabilem
960 1152 1356 1232 redderem,
1405 1171 1493 1213 ne
1542 1150 1713 1232 quid
1764 1152 2116 1215 decedere
2163 1161 2531 1234 pateretur
2579 1151 2670 1215 de
2705 1171 2834 1214 sua
2882 1171 3058 1233 erga

480 1258 727 1320 sedem
760 1257 1253 1340 Apostolicam
1287 1258 1671 1322 devotione
1704 1259 1935 1341 solita,
1985 1269 2056 1322 et
2103 1259 2366 1341 insigni
2415 1277 2590 1339 erga
2635 1257 3056 1340 religionem

482 1364 940 1428 christianam
972 1365 1263 1446 pietate,
1298 1365 1510 1429 etiam
1544 1366 1603 1428 si
1636 1365 1705 1428 vi
1738 1373 1811 1428 et
1857 1366 2070 1429 armis
2119 1365 2494 1449 negocium
2541 1365 3056 1429 conficiendum

481 1473 886 1545 videretur;
960 1474 1087 1535 sed
1145 1493 1377 1554 neque
1424 1494 1538 1538 me
1585 1472 1852 1536 frustra
1921 1476 2254 1536 laborare
2317 1472 2775 1553 crediderim,
2842 1492 3056 1553 quum

482 1589 741 1662 sponte
790 1579 1103 1642 currenti
1152 1579 1457 1643 calcaria
1490 1580 1908 1661 addiderim,
1958 1591 2029 1644 et
2073 1601 2496 1662 quacunque
2525 1580 2800 1644 ratione
2834 1579 3056 1661 potui,

483 1707 966 1768 quoscumque
1015 1689 1301 1750 labores
1334 1696 1405 1750 et
1451 1687 1735 1770 vigilias
1782 1708 1976 1752 meas
2023 1689 2116 1751 ad
2143 1690 2276 1750 hos
2321 1691 2662 1750 tumultus
2701 1688 3058 1750 sedandos

484 1794 785 1875 contuli,
848 1804 923 1856 ut
979 1795 1149 1857 mihi
1211 1794 1457 1858 videre
1524 1795 1773 1858 videar
1844 1795 2279 1879 presentiam
2342 1815 2573 1858 meam
2636 1795 2820 1857 inter
2874 1796 3055 1857 haec

486 1901 794 1964 confinia
858 1902 1181 1965 nonnihil
1255 1903 1606 1965 commodi
1677 1923 1905 1983 usque
1974 1902 2046 1966 in
2117 1901 2636 1985 presentiarum
2708 1901 3052 1964 attulisse.

488 2009 759 2072 Verum
806 2009 866 2071 si
914 2018 1203 2091 praeter
1251 2009 1659 2091 opinionem
1708 2031 1978 2090 meam,
2043 2011 2234 2091 quod
2281 2010 2482 2072 Deus
2531 2006 2860 2090 Optimus
2907 2009 3052 2070 Ma-

487 2109 862 2197 ximusque
912 2115 1314 2198 prohibeat,
1363 2137 1479 2179 res
1526 2116 1733 2180 aliter
1780 2118 2071 2180 cederet
2113 2119 2478 2198 (quantum
2509 2117 2601 2178 ad
2635 2135 2746 2177 me
2776 2111 3058 2198 attinet)

486 2223 799 2303 decrevi,
828 2243 1250 2304 quecunque
1282 2224 1480 2305 dura,
1515 2223 1787 2306 gravia,
1838 2236 1909 2286 et
1944 2245 2198 2305 aspera
2229 2224 2428 2306 prius
2475 2221 2794 2302 sufferre,
2845 2242 3056 2302 quam

488 2331 582 2392 ad
628 2329 873 2412 iniqua
920 2332 1039 2393 vel
1088 2331 1325 2413 turpia
1372 2331 1687 2414 perduci,
1739 2349 1972 2413 neque
2020 2330 2235 2394 facile
2283 2329 2714 2394 committam
2749 2337 2826 2391 ut
2860 2327 3054 2410 quip-

487 2435 681 2518 piam
730 2456 823 2499 ex
870 2458 981 2500 me
1031 2437 1359 2501 audiatur
1407 2447 1878 2520 acceptatum,
1916 2440 2105 2520 quod
2140 2440 2256 2503 vel
2307 2447 2588 2501 vestrae
2621 2436 3060 2500 Beatitudini

488 2545 863 2608 molestum
894 2564 1052 2608 esse
1078 2545 1324 2628 possit,
1358 2547 1475 2608 vel
1504 2567 1616 2609 me
1642 2566 1893 2628 parum
1925 2545 2250 2609 decuisse
2275 2546 2630 2618 videatur;
2654 2543 3060 2626 arbitratus,

489 2652 682 2732 quod
729 2650 801 2713 in
851 2653 1042 2715 omni
1097 2672 1255 2714 mea
1314 2651 1631 2734 fortuna,
1690 2662 1761 2716 et
1811 2674 2160 2736 prospera
2231 2663 2303 2716 et
2350 2654 2695 2732 adversa,
2743 2651 2901 2732 ipsa
2947 2671 3059 2714 me

492 2780 635 2822 non
682 2759 775 2822 sit
820 2759 1251 2824 derelictura
1298 2781 1429 2842 pro
1480 2781 1565 2822 ea
1613 2760 1991 2824 clementia
2040 2770 2111 2823 et
2157 2759 2596 2823 humanitate
2645 2779 2786 2840 qua
2827 2758 3060 2840 singu·

491 2869 599 2931 los
647 2867 755 2931 sui
804 2876 876 2930 et
922 2865 1133 2932 Sedis
1182 2868 1499 2951 Apostm
1536 2867 1895 2932 studiosos
1943 2889 2226 2950 semper
2294 2874 2404 2930 est
2463 2873 2880 2950 prosecuta3
2950 2863 3064 2928 cui

494 2996 605 3039 me
636 2985 709 3039 et
741 2975 1133 3039 Ecclesiam
1165 2976 1349 3039 hanc
1378 2996 1576 3039 suam
1608 2976 2100 3039 Tridentinam
2127 2976 2587 3038 vehementer
2621 2972 3059 3036 commenda

672 3100 783 3163 Ex
832 3100 1178 3164 Tridento
1228 3102 1343 3164 die
1392 3100 1657 3163 XXII·
1698 3100 1890 3181 Junii
1939 3102 2155 3163 Anno
2203 3098 2492 3163 Domini
2541 3096 2846 3161 XXVto.

2292 3242 2456 3293 Hum.
2493 3242 2747 3291 ereatura

2056 3332 2119 3385 Β.
2163 3330 2560 3397 Episcopus
2609 3329 2920 3382 Trident.

1706 3824 1858 3889 225.

924 3943 1319 4045 Episcopus
1373 3940 2004 4021 wratislaviensis
2063 3939 2408 4020 Clementi
2463 3938 2620 4020 VII.

1369 4088 1485 4163 (Ep.
1522 4090 1694 4162 prino.
1732 4088 1838 4146 111.
1879 4086 1971 4147 fol.
2014 4087 2153 4158 1⁷9.)

1510 4209 1619 4273 (28.
1658 4205 1808 4274 Junii
1853 4204 2028 4270 1525.)

674 4362 1140 4427 Sanctissime
1188 4382 1271 4424 ac
1340 4360 1760 4424 Beatissime
1829 4360 1902 4421 in
1951 4357 2230 4422 Christo
2301 4357 2517 4419 Pater
2586 4377 2666 4418 ac
2729 4357 3059 4438 Domine,

496 4472 801 4535 Domine
851 4470 1417 4535 clementissime.
1514 4469 1688 4531 Post
1754 4469 2018 4531 devota
2071 4472 2438 4529 beatorum
2485 4465 2747 4547 pedum
2797 4467 3060 4547 oscula,

495 4579 957 4643 humillimam
1004 4576 1110 4640 sui
1148 4577 1370 4659 ipsius
1401 4573 2106 4647 commendationem.
2142 4570 2703 4635 Clementissime
2733 4572 3060 4637 Domine.

499 4686 839 4768 Quamvis
888 4704 1220 4747 erumnas
1268 4692 1340 4745 et
1388 4682 1826 4745 calamitates
1884 4680 2246 4744 Ecclesiae
2293 4699 2375 4741 ac
2426 4678 2598 4741 cleri
2642 4679 2800 4760 mei,
2848 4678 3059 4742 immo

502 4790 809 4857 Sanctae
878 4790 1089 4856 Sedis
1150 4789 1617 4874 Apostolicae
1679 4799 1751 4851 et
1810 4787 2202 4870 relligionis
2275 4796 2756 4872 contemptum
2813 4786 2922 4851 his
2987 4788 3058 4851 in

498 4900 757 4964 finibus
802 4898 1067 4964 totiens
1113 4899 1251 4961 iam
1302 4895 1830 4980 deploraverim
1877 4895 2281 4976 totiensque
2325 4892 2701 4956 Sanctitati
2733 4894 3056 4973 Vestrae,

2638 5017 2740 5071 31*
