<?xml version="1.0" encoding="UTF-8"?>
<!DOCTYPE html PUBLIC "-//W3C//DTD XHTML 1.0 Transitional//EN"
    "http://www.w3.org/TR/xhtml1/DTD/xhtml1-transitional.dtd">
<html xmlns="http://www.w3.org/1999/xhtml" xml:lang="en" lang="en">
 <head>
  <title>
</title>
<meta http-equiv="Content-Type" content="text/html;charset=utf-8" />
  <meta name='ocr-system' content='tesseract 3.04.00' />
  <meta name='ocr-capabilities' content='ocr_page ocr_carea ocr_par ocr_line ocrx_word'/>
</head>
<body>
  <div class='ocr_page' id='page_1' title='image "./monumentareform02vatigoog_0140.png"; bbox 0 0 3575 5775; ppageno 0'>
   <div class='ocr_carea' id='block_1_1' title="bbox 541 699 3125 4975">
    <p class='ocr_par' dir='ltr' id='par_1_1' title="bbox 541 699 3125 1323">
     <span class='ocr_line' id='line_1_1' title="bbox 542 699 3125 787; baseline 0.001 -25"><span class='ocrx_word' id='word_1_1' title='bbox 542 701 842 782; x_wconf 87' lang='lat' dir='ltr'><strong>dicitur),</strong></span> <span class='ocrx_word' id='word_1_2' title='bbox 891 699 960 762; x_wconf 69' lang='lat'>52¹1·</span> <span class='ocrx_word' id='word_1_3' title='bbox 1003 699 1237 780; x_wconf 74' lang='grc' dir='ltr'><strong><em>κόνων,</em></strong></span> <span class='ocrx_word' id='word_1_4' title='bbox 1285 703 1471 766; x_wconf 85' lang='lat' dir='ltr'><strong>idest</strong></span> <span class='ocrx_word' id='word_1_5' title='bbox 1519 725 1698 767; x_wconf 84' lang='lat' dir='ltr'><strong>unus</strong></span> <span class='ocrx_word' id='word_1_6' title='bbox 1745 703 2001 787; x_wconf 70' lang='lat' dir='ltr'><strong>pulviS,</strong></span> <span class='ocrx_word' id='word_1_7' title='bbox 2052 703 2443 785; x_wconf 90' lang='lat' dir='ltr'><strong>eademque</strong></span> <span class='ocrx_word' id='word_1_8' title='bbox 2476 703 2735 766; x_wconf 88' lang='lat' dir='ltr'><strong>farina:</strong></span> <span class='ocrx_word' id='word_1_9' title='bbox 2808 703 3125 784; x_wconf 83' lang='lat' dir='ltr'><strong>Nequic-</strong></span> 
     </span>
     <span class='ocr_line' id='line_1_2' title="bbox 541 808 3118 894; baseline 0.002 -24"><span class='ocrx_word' id='word_1_10' title='bbox 541 829 750 891; x_wconf 91' lang='lat' dir='ltr'><strong>quam</strong></span> <span class='ocrx_word' id='word_1_11' title='bbox 801 808 1171 894; x_wconf 85' lang='lat' dir='ltr'>Episcopi,</span> <span class='ocrx_word' id='word_1_12' title='bbox 1235 811 1498 874; x_wconf 87' lang='lat' dir='ltr'><strong>frustra</strong></span> <span class='ocrx_word' id='word_1_13' title='bbox 1560 812 2017 894; x_wconf 88' lang='lat' dir='ltr'><strong>presbisteri,</strong></span> <span class='ocrx_word' id='word_1_14' title='bbox 2079 813 2231 875; x_wconf 88' lang='lat' dir='ltr'><strong>sine</strong></span> <span class='ocrx_word' id='word_1_15' title='bbox 2294 833 2509 874; x_wconf 87' lang='lat' dir='ltr'><strong>causa</strong></span> <span class='ocrx_word' id='word_1_16' title='bbox 2571 811 2851 873; x_wconf 85' lang='lat' dir='ltr'><strong>diaconi</strong></span> <span class='ocrx_word' id='word_1_17' title='bbox 2926 821 3118 875; x_wconf 89' lang='lat' dir='ltr'><strong>sunt.</strong></span> 
     </span>
     <span class='ocr_line' id='line_1_3' title="bbox 541 915 3115 1002; baseline 0 -24"><span class='ocrx_word' id='word_1_18' title='bbox 541 917 630 979; x_wconf 92' lang='lat' dir='ltr'><strong>Et</strong></span> <span class='ocrx_word' id='word_1_19' title='bbox 695 917 884 982; x_wconf 89' lang='lat' dir='ltr'><strong>idem</strong></span> <span class='ocrx_word' id='word_1_20' title='bbox 935 915 1396 980; x_wconf 84' lang='lat' dir='ltr'><strong>Beatissimus</strong></span> <span class='ocrx_word' id='word_1_21' title='bbox 1455 919 1564 982; x_wconf 87' lang='lat' dir='ltr'><strong>vir</strong></span> <span class='ocrx_word' id='word_1_22' title='bbox 1609 920 1680 982; x_wconf 87' lang='lat' dir='ltr'><strong>in</strong></span> <span class='ocrx_word' id='word_1_23' title='bbox 1741 921 2031 1002; x_wconf 82' lang='lat' dir='ltr'>dialogo</span> <span class='ocrx_word' id='word_1_24' title='bbox 2080 917 2485 983; x_wconf 80' lang='lat' dir='ltr'><strong>Orthodoxi</strong></span> <span class='ocrx_word' id='word_1_25' title='bbox 2535 929 2607 980; x_wconf 92' lang='lat' dir='ltr'><strong>et</strong></span> <span class='ocrx_word' id='word_1_26' title='bbox 2654 916 3115 997; x_wconf 87' lang='lat' dir='ltr'><strong>Luciferiani,</strong></span> 
     </span>
     <span class='ocr_line' id='line_1_4' title="bbox 543 1023 3115 1109; baseline -0 -23"><span class='ocrx_word' id='word_1_27' title='bbox 543 1025 905 1088; x_wconf 82' lang='lat' dir='ltr'><strong>Ecclesiae</strong></span> <span class='ocrx_word' id='word_1_28' title='bbox 973 1023 1252 1109; x_wconf 86' lang='lat' dir='ltr'><strong>(inquit)</strong></span> <span class='ocrx_word' id='word_1_29' title='bbox 1315 1027 1504 1090; x_wconf 85' lang='lat' dir='ltr'><strong>salus</strong></span> <span class='ocrx_word' id='word_1_30' title='bbox 1553 1026 1626 1089; x_wconf 88' lang='lat' dir='ltr'><strong>in</strong></span> <span class='ocrx_word' id='word_1_31' title='bbox 1675 1027 1927 1090; x_wconf 90' lang='lat' dir='ltr'><strong>summi</strong></span> <span class='ocrx_word' id='word_1_32' title='bbox 1976 1027 2369 1090; x_wconf 89' lang='lat' dir='ltr'><strong>sacerdotis</strong></span> <span class='ocrx_word' id='word_1_33' title='bbox 2417 1026 2771 1108; x_wconf 84' lang='lat' dir='ltr'>dignitate</span> <span class='ocrx_word' id='word_1_34' title='bbox 2818 1025 3115 1107; x_wconf 83' lang='lat' dir='ltr'><strong>pendet,</strong></span> 
     </span>
     <span class='ocr_line' id='line_1_5' title="bbox 543 1131 3117 1214; baseline 0.001 -22"><span class='ocrx_word' id='word_1_35' title='bbox 543 1131 730 1193; x_wconf 89' lang='lat' dir='ltr'><strong>cuini</strong></span> <span class='ocrx_word' id='word_1_36' title='bbox 761 1132 818 1193; x_wconf 90' lang='lat' dir='ltr'><strong>si</strong></span> <span class='ocrx_word' id='word_1_37' title='bbox 853 1152 1067 1195; x_wconf 83' lang='lat' dir='ltr'><strong>exors</strong></span> <span class='ocrx_word' id='word_1_38' title='bbox 1114 1135 1466 1214; x_wconf 85' lang='lat' dir='ltr'><strong>quaedam</strong></span> <span class='ocrx_word' id='word_1_39' title='bbox 1516 1143 1586 1196; x_wconf 91' lang='lat' dir='ltr'><strong>et</strong></span> <span class='ocrx_word' id='word_1_40' title='bbox 1634 1137 1728 1197; x_wconf 92' lang='lat' dir='ltr'><strong>ab</strong></span> <span class='ocrx_word' id='word_1_41' title='bbox 1778 1135 2103 1198; x_wconf 90' lang='lat' dir='ltr'><strong>omnibus</strong></span> <span class='ocrx_word' id='word_1_42' title='bbox 2153 1135 2469 1198; x_wconf 91' lang='lat' dir='ltr'><strong>eminens</strong></span> <span class='ocrx_word' id='word_1_43' title='bbox 2518 1133 2726 1196; x_wconf 90' lang='lat' dir='ltr'><strong>detur</strong></span> <span class='ocrx_word' id='word_1_44' title='bbox 2764 1142 3117 1214; x_wconf 86' lang='lat' dir='ltr'><strong>potestas,</strong></span> 
     </span>
     <span class='ocr_line' id='line_1_6' title="bbox 541 1238 2751 1323; baseline 0.002 -25"><span class='ocrx_word' id='word_1_45' title='bbox 541 1249 650 1302; x_wconf 91' lang='lat' dir='ltr'><strong>tot</strong></span> <span class='ocrx_word' id='word_1_46' title='bbox 695 1239 766 1300; x_wconf 90' lang='lat' dir='ltr'><strong>in</strong></span> <span class='ocrx_word' id='word_1_47' title='bbox 815 1238 1152 1303; x_wconf 89' lang='lat' dir='ltr'><strong>Ecclesiis</strong></span> <span class='ocrx_word' id='word_1_48' title='bbox 1201 1240 1598 1304; x_wconf 84' lang='lat' dir='ltr'><strong>efficientur</strong></span> <span class='ocrx_word' id='word_1_49' title='bbox 1646 1241 2051 1322; x_wconf 83' lang='lat' dir='ltr'>schismata,</span> <span class='ocrx_word' id='word_1_50' title='bbox 2099 1251 2273 1323; x_wconf 88' lang='lat' dir='ltr'><strong>quot</strong></span> <span class='ocrx_word' id='word_1_51' title='bbox 2320 1243 2751 1304; x_wconf 84' lang='lat' dir='ltr'><strong>sacerdotes.</strong></span> 
     </span>
    </p>

    <p class='ocr_par' dir='ltr' id='par_1_2' title="bbox 541 1337 3119 3152">
     <span class='ocr_line' id='line_1_7' title="bbox 719 1337 3115 1428; baseline -0.001 -18"><span class='ocrx_word' id='word_1_52' title='bbox 719 1346 984 1410; x_wconf 83' lang='lat' dir='ltr'><strong>Restat</strong></span> <span class='ocrx_word' id='word_1_53' title='bbox 1043 1347 1260 1428; x_wconf 87' lang='lat' dir='ltr'><strong>igitur</strong></span> <span class='ocrx_word' id='word_1_54' title='bbox 1323 1358 1397 1410; x_wconf 87' lang='lat' dir='ltr'><strong>ut</strong></span> <span class='ocrx_word' id='word_1_55' title='bbox 1472 1368 1515 1410; x_wconf 90' lang='lat' dir='ltr'><strong>a</strong></span> <span class='ocrx_word' id='word_1_56' title='bbox 1583 1349 1797 1412; x_wconf 88' lang='lat' dir='ltr'><strong>meris</strong></span> <span class='ocrx_word' id='word_1_57' title='bbox 1858 1349 2059 1414; x_wconf 87' lang='lat' dir='ltr'><strong>laicis</strong></span> <span class='ocrx_word' id='word_1_58' title='bbox 2124 1359 2197 1411; x_wconf 93' lang='lat' dir='ltr'><strong>et</strong></span> <span class='ocrx_word' id='word_1_59' title='bbox 2258 1348 2395 1411; x_wconf 90' lang='lat' dir='ltr'><strong>illis</strong></span> <span class='ocrx_word' id='word_1_60' title='bbox 2454 1347 2763 1410; x_wconf 84' lang='lat' dir='ltr'><strong>indoctis</strong></span> <span class='ocrx_word' id='word_1_61' title='bbox 2808 1337 3115 1408; x_wconf 87' lang='lat' dir='ltr'><strong>iudicari</strong></span> 
     </span>
     <span class='ocr_line' id='line_1_8' title="bbox 541 1452 3115 1538; baseline 0 -24"><span class='ocrx_word' id='word_1_62' title='bbox 541 1453 890 1516; x_wconf 87' lang='lat' dir='ltr'><strong>Martinus</strong></span> <span class='ocrx_word' id='word_1_63' title='bbox 937 1453 1142 1534; x_wconf 89' lang='lat' dir='ltr'><strong>velit,</strong></span> <span class='ocrx_word' id='word_1_64' title='bbox 1193 1454 1436 1537; x_wconf 89' lang='lat' dir='ltr'><strong>eisque</strong></span> <span class='ocrx_word' id='word_1_65' title='bbox 1482 1456 1963 1537; x_wconf 89' lang='lat' dir='ltr'><strong>potissimum,</strong></span> <span class='ocrx_word' id='word_1_66' title='bbox 2029 1477 2209 1538; x_wconf 90' lang='lat' dir='ltr'><strong>quos</strong></span> <span class='ocrx_word' id='word_1_67' title='bbox 2255 1453 2585 1519; x_wconf 87' lang='lat' dir='ltr'><strong>Pontifici</strong></span> <span class='ocrx_word' id='word_1_68' title='bbox 2635 1465 2707 1517; x_wconf 93' lang='lat' dir='ltr'><strong>et</strong></span> <span class='ocrx_word' id='word_1_69' title='bbox 2754 1453 2964 1517; x_wconf 91' lang='lat' dir='ltr'><strong>Clero</strong></span> <span class='ocrx_word' id='word_1_70' title='bbox 3010 1452 3115 1515; x_wconf 87' lang='lat' dir='ltr'><strong>in-</strong></span> 
     </span>
     <span class='ocr_line' id='line_1_9' title="bbox 543 1560 3115 1646; baseline -0 -24"><span class='ocrx_word' id='word_1_71' title='bbox 543 1560 765 1624; x_wconf 91' lang='lat' dir='ltr'><strong>festos</strong></span> <span class='ocrx_word' id='word_1_72' title='bbox 827 1562 1158 1624; x_wconf 86' lang='lat' dir='ltr'><strong>reddidit.</strong></span> <span class='ocrx_word' id='word_1_73' title='bbox 1253 1561 1399 1625; x_wconf 89' lang='lat' dir='ltr'><strong>Sed</strong></span> <span class='ocrx_word' id='word_1_74' title='bbox 1461 1583 1672 1626; x_wconf 89' lang='lat' dir='ltr'><strong>nemo</strong></span> <span class='ocrx_word' id='word_1_75' title='bbox 1733 1564 2056 1646; x_wconf 83' lang='lat' dir='ltr'><strong>ignorat,</strong></span> <span class='ocrx_word' id='word_1_76' title='bbox 2122 1563 2243 1626; x_wconf 91' lang='lat' dir='ltr'><strong>ubi</strong></span> <span class='ocrx_word' id='word_1_77' title='bbox 2305 1563 2395 1625; x_wconf 94' lang='lat' dir='ltr'><strong>de</strong></span> <span class='ocrx_word' id='word_1_78' title='bbox 2452 1561 2802 1644; x_wconf 84' lang='lat' dir='ltr'><strong>religione</strong></span> <span class='ocrx_word' id='word_1_79' title='bbox 2850 1560 3115 1642; x_wconf 79' lang='lat' dir='ltr'><strong>agitur,</strong></span> 
     </span>
     <span class='ocr_line' id='line_1_10' title="bbox 543 1663 3115 1753; baseline -0.001 -23"><span class='ocrx_word' id='word_1_80' title='bbox 543 1687 776 1748; x_wconf 88' lang='lat' dir='ltr'><strong>neque</strong></span> <span class='ocrx_word' id='word_1_81' title='bbox 838 1668 1174 1734; x_wconf 85' lang='lat' dir='ltr'><strong>laicorum</strong></span> <span class='ocrx_word' id='word_1_82' title='bbox 1241 1689 1476 1751; x_wconf 88' lang='lat' dir='ltr'><strong>neque</strong></span> <span class='ocrx_word' id='word_1_83' title='bbox 1525 1671 1738 1734; x_wconf 90' lang='lat' dir='ltr'><strong>etiam</strong></span> <span class='ocrx_word' id='word_1_84' title='bbox 1786 1672 2302 1753; x_wconf 87' lang='lat' dir='ltr'><strong>Imperatorum</strong></span> <span class='ocrx_word' id='word_1_85' title='bbox 2352 1690 2510 1732; x_wconf 90' lang='lat' dir='ltr'><strong>esse</strong></span> <span class='ocrx_word' id='word_1_86' title='bbox 2552 1667 2911 1749; x_wconf 89' lang='lat' dir='ltr'><strong>judicium.</strong></span> <span class='ocrx_word' id='word_1_87' title='bbox 3006 1663 3115 1728; x_wconf 89' lang='lat' dir='ltr'><strong>Si-</strong></span> 
     </span>
     <span class='ocr_line' id='line_1_11' title="bbox 543 1773 3115 1860; baseline -0.001 -22"><span class='ocrx_word' id='word_1_88' title='bbox 543 1775 830 1856; x_wconf 85' lang='lat' dir='ltr'><strong>quidem</strong></span> <span class='ocrx_word' id='word_1_89' title='bbox 879 1775 1236 1838; x_wconf 89' lang='lat' dir='ltr'><strong>Arcadius</strong></span> <span class='ocrx_word' id='word_1_90' title='bbox 1267 1777 1664 1859; x_wconf 84' lang='lat' dir='ltr'><strong>Imperator</strong></span> <span class='ocrx_word' id='word_1_91' title='bbox 1709 1780 1845 1841; x_wconf 87' lang='lat' dir='ltr'><strong>hoc</strong></span> <span class='ocrx_word' id='word_1_92' title='bbox 1895 1779 1986 1841; x_wconf 91' lang='lat' dir='ltr'><strong>ad</strong></span> <span class='ocrx_word' id='word_1_93' title='bbox 2016 1778 2414 1860; x_wconf 89' lang='lat' dir='ltr'><strong>Episcopos</strong></span> <span class='ocrx_word' id='word_1_94' title='bbox 2460 1776 2774 1853; x_wconf 87' lang='lat' dir='ltr'><strong>remittit,</strong></span> <span class='ocrx_word' id='word_1_95' title='bbox 2824 1782 2900 1837; x_wconf 88' lang='lat' dir='ltr'><strong>ut</strong></span> <span class='ocrx_word' id='word_1_96' title='bbox 2932 1773 3115 1836; x_wconf 85' lang='lat' dir='ltr'><strong>Con-</strong></span> 
     </span>
     <span class='ocr_line' id='line_1_12' title="bbox 543 1875 3117 1969; baseline -0.001 -25"><span class='ocrx_word' id='word_1_97' title='bbox 543 1875 891 1946; x_wconf 84' lang='lat' dir='ltr'><strong>stantinus</strong></span> <span class='ocrx_word' id='word_1_98' title='bbox 941 1902 1239 1963; x_wconf 87' lang='lat' dir='ltr'><strong>magnus</strong></span> <span class='ocrx_word' id='word_1_99' title='bbox 1287 1884 1358 1947; x_wconf 87' lang='lat' dir='ltr'><strong>in</strong></span> <span class='ocrx_word' id='word_1_100' title='bbox 1408 1885 1726 1950; x_wconf 87' lang='lat' dir='ltr'><strong>Nicaena</strong></span> <span class='ocrx_word' id='word_1_101' title='bbox 1775 1885 2097 1969; x_wconf 87' lang='lat' dir='ltr'><strong>Synod0‚</strong></span> <span class='ocrx_word' id='word_1_102' title='bbox 2162 1886 2253 1948; x_wconf 91' lang='lat' dir='ltr'><strong>de</strong></span> <span class='ocrx_word' id='word_1_103' title='bbox 2302 1883 2612 1967; x_wconf 85' lang='lat' dir='ltr'><strong>querelis</strong></span> <span class='ocrx_word' id='word_1_104' title='bbox 2660 1883 3117 1944; x_wconf 87' lang='lat' dir='ltr'><strong>sacerdotum</strong></span> 
     </span>
     <span class='ocr_line' id='line_1_13' title="bbox 543 1987 3117 2076; baseline -0.001 -26"><span class='ocrx_word' id='word_1_105' title='bbox 543 1989 724 2051; x_wconf 86' lang='lat' dir='ltr'><strong>dixit</strong></span> <span class='ocrx_word' id='word_1_106' title='bbox 774 1988 1341 2054; x_wconf 85' lang='lat' dir='ltr'><strong>manifestissime</strong></span> <span class='ocrx_word' id='word_1_107' title='bbox 1381 1992 1718 2070; x_wconf 84' lang='lat' dir='ltr'><strong>judicium</strong></span> <span class='ocrx_word' id='word_1_108' title='bbox 1767 1995 1861 2056; x_wconf 88' lang='lat' dir='ltr'><strong>ad</strong></span> <span class='ocrx_word' id='word_1_109' title='bbox 1912 2015 1987 2056; x_wconf 89' lang='lat' dir='ltr'><strong>se</strong></span> <span class='ocrx_word' id='word_1_110' title='bbox 2036 2015 2179 2056; x_wconf 89' lang='lat' dir='ltr'><strong>non</strong></span> <span class='ocrx_word' id='word_1_111' title='bbox 2228 2001 2586 2076; x_wconf 88' lang='lat' dir='ltr'><strong>spectare:</strong></span> <span class='ocrx_word' id='word_1_112' title='bbox 2660 1989 2859 2051; x_wconf 86' lang='lat' dir='ltr'><strong>Idem</strong></span> <span class='ocrx_word' id='word_1_113' title='bbox 2899 1987 3117 2050; x_wconf 88' lang='lat' dir='ltr'><strong>etiam</strong></span> 
     </span>
     <span class='ocr_line' id='line_1_14' title="bbox 543 2087 3117 2179; baseline -0.002 -20"><span class='ocrx_word' id='word_1_114' title='bbox 543 2087 939 2178; x_wconf 76' lang='lat' dir='ltr'><strong>Imperator</strong></span> <span class='ocrx_word' id='word_1_115' title='bbox 987 2099 1330 2162; x_wconf 87' lang='lat' dir='ltr'><strong>adversus</strong></span> <span class='ocrx_word' id='word_1_116' title='bbox 1377 2099 1858 2164; x_wconf 89' lang='lat' dir='ltr'><strong>Montensium</strong></span> <span class='ocrx_word' id='word_1_117' title='bbox 1905 2100 2256 2163; x_wconf 88' lang='lat' dir='ltr'><strong>haeresim</strong></span> <span class='ocrx_word' id='word_1_118' title='bbox 2306 2100 2398 2161; x_wconf 90' lang='lat' dir='ltr'><strong>ad</strong></span> <span class='ocrx_word' id='word_1_119' title='bbox 2446 2097 2893 2179; x_wconf 80' lang='lat' dir='ltr'><strong>Sylvestrum</strong></span> <span class='ocrx_word' id='word_1_120' title='bbox 2928 2095 3117 2156; x_wconf 88' lang='lat' dir='ltr'><strong>Pon-</strong></span> 
     </span>
     <span class='ocr_line' id='line_1_15' title="bbox 545 2202 3119 2290; baseline -0.001 -25"><span class='ocrx_word' id='word_1_121' title='bbox 545 2203 826 2284; x_wconf 88' lang='lat' dir='ltr'><strong>tificem,</strong></span> <span class='ocrx_word' id='word_1_122' title='bbox 877 2204 1188 2268; x_wconf 89' lang='lat' dir='ltr'><strong>Romam</strong></span> <span class='ocrx_word' id='word_1_123' title='bbox 1237 2207 1422 2270; x_wconf 90' lang='lat' dir='ltr'><strong>misit</strong></span> <span class='ocrx_word' id='word_1_124' title='bbox 1453 2207 1865 2270; x_wconf 88' lang='lat' dir='ltr'><strong>Rheticium</strong></span> <span class='ocrx_word' id='word_1_125' title='bbox 1900 2209 2623 2290; x_wconf 85' lang='lat' dir='ltr'><strong>Augustodunensem</strong></span> <span class='ocrx_word' id='word_1_126' title='bbox 2657 2202 3119 2286; x_wconf 89' lang='lat' dir='ltr'><strong>Episcopum,</strong></span> 
     </span>
     <span class='ocr_line' id='line_1_16' title="bbox 543 2307 3119 2392; baseline -0.002 -19"><span class='ocrx_word' id='word_1_127' title='bbox 543 2321 618 2374; x_wconf 89' lang='lat' dir='ltr'><strong>ut</strong></span> <span class='ocrx_word' id='word_1_128' title='bbox 666 2313 756 2373; x_wconf 85' lang='lat' dir='ltr'><strong>ad</strong></span> <span class='ocrx_word' id='word_1_129' title='bbox 805 2312 1218 2376; x_wconf 84' lang='lat' dir='ltr'><strong>Marcellam</strong></span> <span class='ocrx_word' id='word_1_130' title='bbox 1269 2311 1770 2379; x_wconf 87' lang='lat' dir='ltr'><strong>Sanctissimus</strong></span> <span class='ocrx_word' id='word_1_131' title='bbox 1818 2316 2064 2378; x_wconf 90' lang='lat' dir='ltr'><strong>scribit</strong></span> <span class='ocrx_word' id='word_1_132' title='bbox 2113 2318 2363 2377; x_wconf 89' lang='lat' dir='ltr'><strong>doctor</strong></span> <span class='ocrx_word' id='word_1_133' title='bbox 2418 2313 2920 2392; x_wconf 78' lang='lat' dir='ltr'><strong>Hieronymus,</strong></span> <span class='ocrx_word' id='word_1_134' title='bbox 3012 2307 3119 2369; x_wconf 83' lang='lat' dir='ltr'><strong>At</strong></span> 
     </span>
     <span class='ocr_line' id='line_1_17' title="bbox 542 2417 3117 2486; baseline -0.001 -8"><span class='ocrx_word' id='word_1_135' title='bbox 542 2417 676 2480; x_wconf 89' lang='lat' dir='ltr'><strong>iste</strong></span> <span class='ocrx_word' id='word_1_136' title='bbox 705 2421 938 2482; x_wconf 85' lang='lat' dir='ltr'><strong>bonus</strong></span> <span class='ocrx_word' id='word_1_137' title='bbox 969 2421 1236 2483; x_wconf 89' lang='lat' dir='ltr'><strong>Luther</strong></span> <span class='ocrx_word' id='word_1_138' title='bbox 1269 2433 1340 2484; x_wconf 87' lang='lat' dir='ltr'><strong>et</strong></span> <span class='ocrx_word' id='word_1_139' title='bbox 1370 2443 1447 2485; x_wconf 87' lang='lat' dir='ltr'><strong>se</strong></span> <span class='ocrx_word' id='word_1_140' title='bbox 1489 2423 1977 2486; x_wconf 89' lang='lat' dir='ltr'><strong>adversarium</strong></span> <span class='ocrx_word' id='word_1_141' title='bbox 2016 2421 2378 2484; x_wconf 77' lang='lat' dir='ltr'><strong>pontificis</strong></span> <span class='ocrx_word' id='word_1_142' title='bbox 2424 2417 2624 2482; x_wconf 89' lang='lat' dir='ltr'><strong>facit:</strong></span> <span class='ocrx_word' id='word_1_143' title='bbox 2675 2428 2747 2480; x_wconf 87' lang='lat' dir='ltr'><strong>et</strong></span> <span class='ocrx_word' id='word_1_144' title='bbox 2794 2437 2954 2478; x_wconf 88' lang='lat' dir='ltr'><strong>eum</strong></span> <span class='ocrx_word' id='word_1_145' title='bbox 3002 2435 3117 2476; x_wconf 92' lang='lat' dir='ltr'><strong>su-</strong></span> 
     </span>
     <span class='ocr_line' id='line_1_18' title="bbox 546 2523 3117 2611; baseline -0.002 -23"><span class='ocrx_word' id='word_1_146' title='bbox 546 2528 756 2592; x_wconf 81' lang='lat' dir='ltr'><strong>besse</strong></span> <span class='ocrx_word' id='word_1_147' title='bbox 803 2527 1062 2590; x_wconf 89' lang='lat' dir='ltr'><strong>iudicio</strong></span> <span class='ocrx_word' id='word_1_148' title='bbox 1112 2529 1450 2592; x_wconf 88' lang='lat' dir='ltr'><strong>laicorum</strong></span> <span class='ocrx_word' id='word_1_149' title='bbox 1497 2532 1676 2593; x_wconf 86' lang='lat' dir='ltr'><strong>vult:</strong></span> <span class='ocrx_word' id='word_1_150' title='bbox 1729 2549 1909 2611; x_wconf 86' lang='lat' dir='ltr'><strong>quos</strong></span> <span class='ocrx_word' id='word_1_151' title='bbox 1958 2539 2192 2593; x_wconf 86' lang='lat' dir='ltr'><strong>tamen</strong></span> <span class='ocrx_word' id='word_1_152' title='bbox 2234 2545 2593 2609; x_wconf 89' lang='lat' dir='ltr'><strong>nunquam</strong></span> <span class='ocrx_word' id='word_1_153' title='bbox 2626 2523 2933 2607; x_wconf 90' lang='lat' dir='ltr'><strong>putarim</strong></span> <span class='ocrx_word' id='word_1_154' title='bbox 2967 2531 3117 2584; x_wconf 90' lang='lat' dir='ltr'><strong>tam</strong></span> 
     </span>
     <span class='ocr_line' id='line_1_19' title="bbox 545 2629 3117 2718; baseline -0.002 -23"><span class='ocrx_word' id='word_1_155' title='bbox 545 2633 835 2715; x_wconf 82' lang='lat' dir='ltr'><strong>impiOS,</strong></span> <span class='ocrx_word' id='word_1_156' title='bbox 899 2643 972 2697; x_wconf 90' lang='lat' dir='ltr'><strong>et</strong></span> <span class='ocrx_word' id='word_1_157' title='bbox 1035 2644 1178 2698; x_wconf 88' lang='lat' dir='ltr'><strong>tam</strong></span> <span class='ocrx_word' id='word_1_158' title='bbox 1243 2637 1726 2718; x_wconf 91' lang='lat' dir='ltr'><strong>impudentes,</strong></span> <span class='ocrx_word' id='word_1_159' title='bbox 1789 2647 1867 2700; x_wconf 88' lang='lat' dir='ltr'><strong>ut</strong></span> <span class='ocrx_word' id='word_1_160' title='bbox 1925 2637 1999 2700; x_wconf 92' lang='lat' dir='ltr'><strong>id</strong></span> <span class='ocrx_word' id='word_1_161' title='bbox 2063 2637 2199 2700; x_wconf 90' lang='lat' dir='ltr'><strong>sibi</strong></span> <span class='ocrx_word' id='word_1_162' title='bbox 2258 2642 2640 2698; x_wconf 86' lang='lat' dir='ltr'><strong>assumant.</strong></span> <span class='ocrx_word' id='word_1_163' title='bbox 2734 2629 2882 2694; x_wconf 91' lang='lat' dir='ltr'><strong>Sed</strong></span> <span class='ocrx_word' id='word_1_164' title='bbox 2937 2629 3117 2691; x_wconf 89' lang='lat' dir='ltr'><strong>illud</strong></span> 
     </span>
     <span class='ocr_line' id='line_1_20' title="bbox 547 2737 3115 2824; baseline -0.002 -21"><span class='ocrx_word' id='word_1_165' title='bbox 547 2741 852 2806; x_wconf 81' lang='lat' dir='ltr'><strong>maxime</strong></span> <span class='ocrx_word' id='word_1_166' title='bbox 902 2746 1201 2824; x_wconf 88' lang='lat' dir='ltr'><strong>optabat</strong></span> <span class='ocrx_word' id='word_1_167' title='bbox 1231 2745 1577 2807; x_wconf 91' lang='lat' dir='ltr'><strong>Martinus</strong></span> <span class='ocrx_word' id='word_1_168' title='bbox 1626 2746 1717 2808; x_wconf 90' lang='lat' dir='ltr'><strong>ad</strong></span> <span class='ocrx_word' id='word_1_169' title='bbox 1767 2745 2077 2808; x_wconf 89' lang='lat' dir='ltr'><strong>diaetam</strong></span> <span class='ocrx_word' id='word_1_170' title='bbox 2125 2746 2324 2807; x_wconf 90' lang='lat' dir='ltr'><strong>salvo</strong></span> <span class='ocrx_word' id='word_1_171' title='bbox 2357 2742 2711 2805; x_wconf 89' lang='lat' dir='ltr'><strong>conductu</strong></span> <span class='ocrx_word' id='word_1_172' title='bbox 2744 2737 3115 2816; x_wconf 89' lang='lat' dir='ltr'><strong>accedere,</strong></span> 
     </span>
     <span class='ocr_line' id='line_1_21' title="bbox 546 2849 3113 2931; baseline -0.002 -20"><span class='ocrx_word' id='word_1_173' title='bbox 546 2860 624 2912; x_wconf 91' lang='lat' dir='ltr'><strong>ut</strong></span> <span class='ocrx_word' id='word_1_174' title='bbox 685 2850 758 2913; x_wconf 92' lang='lat' dir='ltr'><strong>in</strong></span> <span class='ocrx_word' id='word_1_175' title='bbox 819 2871 904 2913; x_wconf 89' lang='lat' dir='ltr'><strong>ea</strong></span> <span class='ocrx_word' id='word_1_176' title='bbox 965 2851 1234 2915; x_wconf 90' lang='lat' dir='ltr'><strong>rabiem</strong></span> <span class='ocrx_word' id='word_1_177' title='bbox 1298 2873 1494 2915; x_wconf 89' lang='lat' dir='ltr'><strong>suam</strong></span> <span class='ocrx_word' id='word_1_178' title='bbox 1557 2863 1629 2916; x_wconf 88' lang='lat' dir='ltr'><strong>et</strong></span> <span class='ocrx_word' id='word_1_179' title='bbox 1677 2873 2028 2917; x_wconf 84' lang='lat' dir='ltr'><strong>venenum</strong></span> <span class='ocrx_word' id='word_1_180' title='bbox 2080 2852 2447 2916; x_wconf 88' lang='lat' dir='ltr'><strong>effundere</strong></span> <span class='ocrx_word' id='word_1_181' title='bbox 2497 2849 2785 2931; x_wconf 90' lang='lat' dir='ltr'><strong>impune</strong></span> <span class='ocrx_word' id='word_1_182' title='bbox 2832 2853 3113 2928; x_wconf 90' lang='lat' dir='ltr'><strong>posset:</strong></span> 
     </span>
     <span class='ocr_line' id='line_1_22' title="bbox 545 2958 3115 3044; baseline -0.002 -25"><span class='ocrx_word' id='word_1_183' title='bbox 545 2970 616 3019; x_wconf 90' lang='lat' dir='ltr'><strong>et</strong></span> <span class='ocrx_word' id='word_1_184' title='bbox 665 2978 752 3021; x_wconf 91' lang='lat' dir='ltr'><strong>ea</strong></span> <span class='ocrx_word' id='word_1_185' title='bbox 795 2958 1129 3041; x_wconf 90' lang='lat' dir='ltr'><strong>opinione</strong></span> <span class='ocrx_word' id='word_1_186' title='bbox 1175 2960 1424 3024; x_wconf 89' lang='lat' dir='ltr'><strong>relicta</strong></span> <span class='ocrx_word' id='word_1_187' title='bbox 1471 2962 1878 3040; x_wconf 90' lang='lat' dir='ltr'><strong>discedere,</strong></span> <span class='ocrx_word' id='word_1_188' title='bbox 1951 2960 2152 3044; x_wconf 88' lang='lat' dir='ltr'><strong>quasi</strong></span> <span class='ocrx_word' id='word_1_189' title='bbox 2199 2981 2242 3022; x_wconf 86' lang='lat' dir='ltr'><strong>a</strong></span> <span class='ocrx_word' id='word_1_190' title='bbox 2292 2958 2599 3022; x_wconf 85' lang='lat' dir='ltr'><strong>Caesare</strong></span> <span class='ocrx_word' id='word_1_191' title='bbox 2659 2965 2731 3019; x_wconf 86' lang='lat' dir='ltr'><strong>et</strong></span> <span class='ocrx_word' id='word_1_192' title='bbox 2778 2976 2821 3017; x_wconf 97' lang='lat' dir='ltr'><strong>a</strong></span> <span class='ocrx_word' id='word_1_193' title='bbox 2869 2972 3115 3037; x_wconf 91' lang='lat' dir='ltr'><strong>proce·</strong></span> 
     </span>
     <span class='ocr_line' id='line_1_23' title="bbox 546 3066 2241 3152; baseline 0.001 -24"><span class='ocrx_word' id='word_1_194' title='bbox 546 3066 744 3129; x_wconf 84' lang='lat' dir='ltr'><strong>ribus</strong></span> <span class='ocrx_word' id='word_1_195' title='bbox 791 3088 896 3145; x_wconf 91' lang='lat' dir='ltr'><strong>ea,</strong></span> <span class='ocrx_word' id='word_1_196' title='bbox 947 3087 1128 3148; x_wconf 87' lang='lat' dir='ltr'><strong>quae</strong></span> <span class='ocrx_word' id='word_1_197' title='bbox 1177 3068 1476 3150; x_wconf 80' lang='lat' dir='ltr'><strong>scripsit,</strong></span> <span class='ocrx_word' id='word_1_198' title='bbox 1530 3078 1772 3133; x_wconf 87' lang='lat' dir='ltr'><strong>essent</strong></span> <span class='ocrx_word' id='word_1_199' title='bbox 1819 3072 2241 3152; x_wconf 86' lang='lat' dir='ltr'><strong>approbata.</strong></span> 
     </span>
    </p>

    <p class='ocr_par' dir='ltr' id='par_1_3' title="bbox 549 3167 3121 3903">
     <span class='ocr_line' id='line_1_24' title="bbox 727 3167 3117 3258; baseline -0.003 -23"><span class='ocrx_word' id='word_1_200' title='bbox 727 3174 1116 3238; x_wconf 80' lang='lat' dir='ltr'><strong>Praeterea</strong></span> <span class='ocrx_word' id='word_1_201' title='bbox 1191 3196 1614 3257; x_wconf 87' lang='lat' dir='ltr'><strong>quaeramus</strong></span> <span class='ocrx_word' id='word_1_202' title='bbox 1695 3176 1951 3258; x_wconf 88' lang='lat' dir='ltr'><strong>quibus</strong></span> <span class='ocrx_word' id='word_1_203' title='bbox 2030 3172 2439 3239; x_wconf 86' lang='lat' dir='ltr'><strong>auctoribus</strong></span> <span class='ocrx_word' id='word_1_204' title='bbox 2520 3168 2844 3234; x_wconf 91' lang='lat' dir='ltr'><strong>convinci</strong></span> <span class='ocrx_word' id='word_1_205' title='bbox 2919 3167 3117 3229; x_wconf 87' lang='lat' dir='ltr'><strong>vult?</strong></span> 
     </span>
     <span class='ocr_line' id='line_1_25' title="bbox 549 3274 3117 3346; baseline -0.004 -4"><span class='ocrx_word' id='word_1_206' title='bbox 549 3278 816 3343; x_wconf 89' lang='lat' dir='ltr'><strong>Omnes</strong></span> <span class='ocrx_word' id='word_1_207' title='bbox 861 3281 1194 3344; x_wconf 85' lang='lat' dir='ltr'><strong>scientias</strong></span> <span class='ocrx_word' id='word_1_208' title='bbox 1245 3292 1316 3345; x_wconf 88' lang='lat' dir='ltr'><strong>et</strong></span> <span class='ocrx_word' id='word_1_209' title='bbox 1360 3283 1739 3346; x_wconf 86' lang='lat' dir='ltr'><strong>facultates</strong></span> <span class='ocrx_word' id='word_1_210' title='bbox 1788 3294 1859 3345; x_wconf 90' lang='lat' dir='ltr'><strong>et</strong></span> <span class='ocrx_word' id='word_1_211' title='bbox 1906 3283 2128 3345; x_wconf 92' lang='lat' dir='ltr'><strong>libros</strong></span> <span class='ocrx_word' id='word_1_212' title='bbox 2159 3282 2466 3343; x_wconf 87' lang='lat' dir='ltr'><strong>damnat.</strong></span> <span class='ocrx_word' id='word_1_213' title='bbox 2554 3278 2648 3340; x_wconf 87' lang='lat' dir='ltr'><strong>At</strong></span> <span class='ocrx_word' id='word_1_214' title='bbox 2678 3274 3117 3339; x_wconf 80' lang='lat' dir='ltr'><strong>rationibus?</strong></span> 
     </span>
     <span class='ocr_line' id='line_1_26' title="bbox 549 3380 3119 3470; baseline -0.003 -22"><span class='ocrx_word' id='word_1_215' title='bbox 549 3387 666 3467; x_wconf 89' lang='lat' dir='ltr'><strong>qui</strong></span> <span class='ocrx_word' id='word_1_216' title='bbox 713 3386 868 3449; x_wconf 89' lang='lat' dir='ltr'><strong>fieri</strong></span> <span class='ocrx_word' id='word_1_217' title='bbox 913 3398 1172 3468; x_wconf 89' lang='lat' dir='ltr'><strong>potest,</strong></span> <span class='ocrx_word' id='word_1_218' title='bbox 1226 3400 1303 3451; x_wconf 90' lang='lat' dir='ltr'><strong>ut</strong></span> <span class='ocrx_word' id='word_1_219' title='bbox 1349 3392 1496 3453; x_wconf 92' lang='lat' dir='ltr'><strong>ulla</strong></span> <span class='ocrx_word' id='word_1_220' title='bbox 1541 3391 1819 3453; x_wconf 89' lang='lat' dir='ltr'><strong>ratione</strong></span> <span class='ocrx_word' id='word_1_221' title='bbox 1865 3390 2193 3453; x_wconf 84' lang='lat' dir='ltr'><strong>vincatur</strong></span> <span class='ocrx_word' id='word_1_222' title='bbox 2240 3387 2356 3470; x_wconf 91' lang='lat' dir='ltr'><strong>qui</strong></span> <span class='ocrx_word' id='word_1_223' title='bbox 2404 3397 2547 3449; x_wconf 88' lang='lat' dir='ltr'><strong>tam</strong></span> <span class='ocrx_word' id='word_1_224' title='bbox 2603 3380 3119 3447; x_wconf 87' lang='lat' dir='ltr'><strong>irrationabilia</strong></span> 
     </span>
     <span class='ocr_line' id='line_1_27' title="bbox 550 3492 3121 3577; baseline -0.002 -23"><span class='ocrx_word' id='word_1_225' title='bbox 550 3503 620 3554; x_wconf 86' lang='lat' dir='ltr'><strong>et</strong></span> <span class='ocrx_word' id='word_1_226' title='bbox 677 3493 920 3557; x_wconf 88' lang='lat' dir='ltr'><strong>scribit</strong></span> <span class='ocrx_word' id='word_1_227' title='bbox 982 3505 1053 3557; x_wconf 89' lang='lat' dir='ltr'><strong>et</strong></span> <span class='ocrx_word' id='word_1_228' title='bbox 1098 3493 1314 3558; x_wconf 81' lang='lat' dir='ltr'><strong>facit?</strong></span> <span class='ocrx_word' id='word_1_229' title='bbox 1409 3497 1614 3559; x_wconf 87' lang='lat' dir='ltr'><strong>Novo</strong></span> <span class='ocrx_word' id='word_1_230' title='bbox 1663 3498 2134 3560; x_wconf 82' lang='lat' dir='ltr'><strong>testamento?</strong></span> <span class='ocrx_word' id='word_1_231' title='bbox 2200 3495 2501 3577; x_wconf 88' lang='lat' dir='ltr'><strong>primum</strong></span> <span class='ocrx_word' id='word_1_232' title='bbox 2548 3492 2621 3555; x_wconf 90' lang='lat' dir='ltr'><strong>in</strong></span> <span class='ocrx_word' id='word_1_233' title='bbox 2670 3510 2857 3553; x_wconf 90' lang='lat' dir='ltr'><strong>novo</strong></span> <span class='ocrx_word' id='word_1_234' title='bbox 2909 3498 3121 3550; x_wconf 86' lang='lat' dir='ltr'><strong>testa-</strong></span> 
     </span>
     <span class='ocr_line' id='line_1_28' title="bbox 550 3598 3120 3686; baseline -0.002 -24"><span class='ocrx_word' id='word_1_235' title='bbox 550 3610 786 3663; x_wconf 88' lang='lat' dir='ltr'><strong>mento</strong></span> <span class='ocrx_word' id='word_1_236' title='bbox 852 3621 989 3664; x_wconf 88' lang='lat' dir='ltr'><strong>non</strong></span> <span class='ocrx_word' id='word_1_237' title='bbox 1061 3602 1296 3665; x_wconf 89' lang='lat' dir='ltr'><strong>omnia</strong></span> <span class='ocrx_word' id='word_1_238' title='bbox 1356 3604 1622 3685; x_wconf 87' lang='lat' dir='ltr'><strong>scripta</strong></span> <span class='ocrx_word' id='word_1_239' title='bbox 1677 3614 1870 3683; x_wconf 87' lang='lat' dir='ltr'><strong>sunt,</strong></span> <span class='ocrx_word' id='word_1_240' title='bbox 1939 3624 2120 3685; x_wconf 89' lang='lat' dir='ltr'><strong>quae</strong></span> <span class='ocrx_word' id='word_1_241' title='bbox 2184 3623 2315 3686; x_wconf 92' lang='lat' dir='ltr'><strong>pro</strong></span> <span class='ocrx_word' id='word_1_242' title='bbox 2382 3598 2807 3664; x_wconf 87' lang='lat' dir='ltr'><strong>necessitate</strong></span> <span class='ocrx_word' id='word_1_243' title='bbox 2861 3614 3120 3673; x_wconf 89' lang='lat' dir='ltr'><strong>rerum,</strong></span> 
     </span>
     <span class='ocr_line' id='line_1_29' title="bbox 550 3700 3119 3793; baseline -0.002 -24"><span class='ocrx_word' id='word_1_244' title='bbox 550 3717 982 3789; x_wconf 91' lang='lat' dir='ltr'><strong>temporum,</strong></span> <span class='ocrx_word' id='word_1_245' title='bbox 1047 3719 1118 3771; x_wconf 89' lang='lat' dir='ltr'><strong>et</strong></span> <span class='ocrx_word' id='word_1_246' title='bbox 1186 3711 1497 3775; x_wconf 90' lang='lat' dir='ltr'><strong>locorum</strong></span> <span class='ocrx_word' id='word_1_247' title='bbox 1549 3712 1871 3775; x_wconf 88' lang='lat' dir='ltr'><strong>Ecclesia</strong></span> <span class='ocrx_word' id='word_1_248' title='bbox 1920 3711 2053 3773; x_wconf 91' lang='lat' dir='ltr'><strong>Dei</strong></span> <span class='ocrx_word' id='word_1_249' title='bbox 2119 3710 2370 3793; x_wconf 89' lang='lat' dir='ltr'><strong>spiritu</strong></span> <span class='ocrx_word' id='word_1_250' title='bbox 2417 3713 2809 3789; x_wconf 89' lang='lat' dir='ltr'><strong>praeeunte</strong></span> <span class='ocrx_word' id='word_1_251' title='bbox 2858 3700 3119 3781; x_wconf 82' lang='lat' dir='ltr'><strong>sanxit,</strong></span> 
     </span>
     <span class='ocr_line' id='line_1_30' title="bbox 551 3816 2666 3903; baseline 0 -26"><span class='ocrx_word' id='word_1_252' title='bbox 551 3824 622 3877; x_wconf 86' lang='lat' dir='ltr'><strong>et</strong></span> <span class='ocrx_word' id='word_1_253' title='bbox 669 3817 1011 3879; x_wconf 89' lang='lat' dir='ltr'><strong>hactenus</strong></span> <span class='ocrx_word' id='word_1_254' title='bbox 1059 3820 1497 3899; x_wconf 88' lang='lat' dir='ltr'><strong>observavit,</strong></span> <span class='ocrx_word' id='word_1_255' title='bbox 1550 3840 1730 3903; x_wconf 90' lang='lat' dir='ltr'><strong>quae</strong></span> <span class='ocrx_word' id='word_1_256' title='bbox 1789 3842 1832 3883; x_wconf 92' lang='lat' dir='ltr'><strong>a</strong></span> <span class='ocrx_word' id='word_1_257' title='bbox 1880 3818 2188 3881; x_wconf 88' lang='lat' dir='ltr'><strong>Martino</strong></span> <span class='ocrx_word' id='word_1_258' title='bbox 2236 3816 2666 3898; x_wconf 87' lang='lat' dir='ltr'><strong>rejiciuntur.</strong></span> 
     </span>
    </p>

    <p class='ocr_par' dir='ltr' id='par_1_4' title="bbox 551 3916 3121 4225">
     <span class='ocr_line' id='line_1_31' title="bbox 767 3916 3119 4009; baseline -0.004 -22"><span class='ocrx_word' id='word_1_259' title='bbox 767 3924 1045 3987; x_wconf 89' lang='lat' dir='ltr'><strong>Deinde</strong></span> <span class='ocrx_word' id='word_1_260' title='bbox 1075 3926 1144 3987; x_wconf 91' lang='lat' dir='ltr'><strong>in</strong></span> <span class='ocrx_word' id='word_1_261' title='bbox 1177 3926 1309 4004; x_wconf 90' lang='lat' dir='ltr'><strong>his,</strong></span> <span class='ocrx_word' id='word_1_262' title='bbox 1345 3948 1527 4009; x_wconf 90' lang='lat' dir='ltr'><strong>quae</strong></span> <span class='ocrx_word' id='word_1_263' title='bbox 1553 3928 1624 3990; x_wconf 90' lang='lat' dir='ltr'><strong>in</strong></span> <span class='ocrx_word' id='word_1_264' title='bbox 1656 3948 1845 3991; x_wconf 86' lang='lat' dir='ltr'><strong>novo</strong></span> <span class='ocrx_word' id='word_1_265' title='bbox 1870 3935 2297 3989; x_wconf 89' lang='lat' dir='ltr'><strong>testamento</strong></span> <span class='ocrx_word' id='word_1_266' title='bbox 2322 3926 2697 3999; x_wconf 88' lang='lat' dir='ltr'><strong>habentur,</strong></span> <span class='ocrx_word' id='word_1_267' title='bbox 2734 3916 3119 4000; x_wconf 86' lang='lat' dir='ltr'><strong>expositio-</strong></span> 
     </span>
     <span class='ocr_line' id='line_1_32' title="bbox 551 4024 3121 4115; baseline -0.004 -21"><span class='ocrx_word' id='word_1_268' title='bbox 551 4053 676 4095; x_wconf 90' lang='lat' dir='ltr'><strong>nes</strong></span> <span class='ocrx_word' id='word_1_269' title='bbox 725 4032 1032 4096; x_wconf 89' lang='lat' dir='ltr'><strong>omnium</strong></span> <span class='ocrx_word' id='word_1_270' title='bbox 1084 4034 1396 4115; x_wconf 88' lang='lat' dir='ltr'><strong>damnat,</strong></span> <span class='ocrx_word' id='word_1_271' title='bbox 1445 4043 1516 4097; x_wconf 89' lang='lat' dir='ltr'><strong>et</strong></span> <span class='ocrx_word' id='word_1_272' title='bbox 1564 4056 1760 4097; x_wconf 85' lang='lat' dir='ltr'><strong>suam</strong></span> <span class='ocrx_word' id='word_1_273' title='bbox 1794 4033 1998 4097; x_wconf 90' lang='lat' dir='ltr'><strong>unius</strong></span> <span class='ocrx_word' id='word_1_274' title='bbox 2032 4052 2271 4095; x_wconf 88' lang='lat' dir='ltr'><strong>veram</strong></span> <span class='ocrx_word' id='word_1_275' title='bbox 2310 4051 2465 4094; x_wconf 90' lang='lat' dir='ltr'><strong>esse</strong></span> <span class='ocrx_word' id='word_1_276' title='bbox 2495 4028 2790 4105; x_wconf 84' lang='lat' dir='ltr'><strong>iactitat,</strong></span> <span class='ocrx_word' id='word_1_277' title='bbox 2841 4024 3121 4105; x_wconf 90' lang='lat' dir='ltr'><strong>sibique</strong></span> 
     </span>
     <span class='ocr_line' id='line_1_33' title="bbox 554 4131 3119 4225; baseline -0.004 -24"><span class='ocrx_word' id='word_1_278' title='bbox 554 4140 674 4202; x_wconf 86' lang='lat' dir='ltr'><strong>uni</strong></span> <span class='ocrx_word' id='word_1_279' title='bbox 705 4140 902 4203; x_wconf 91' lang='lat' dir='ltr'><strong>credi</strong></span> <span class='ocrx_word' id='word_1_280' title='bbox 929 4144 1104 4221; x_wconf 89' lang='lat' dir='ltr'><strong>vult,</strong></span> <span class='ocrx_word' id='word_1_281' title='bbox 1145 4142 1264 4225; x_wconf 91' lang='lat' dir='ltr'><strong>qui</strong></span> <span class='ocrx_word' id='word_1_282' title='bbox 1293 4142 1606 4223; x_wconf 89' lang='lat' dir='ltr'><strong>reliquos</strong></span> <span class='ocrx_word' id='word_1_283' title='bbox 1638 4162 1885 4205; x_wconf 88' lang='lat' dir='ltr'><strong>omnes</strong></span> <span class='ocrx_word' id='word_1_284' title='bbox 1910 4140 2273 4204; x_wconf 84' lang='lat' dir='ltr'><strong>falsidicos</strong></span> <span class='ocrx_word' id='word_1_285' title='bbox 2302 4149 2372 4201; x_wconf 89' lang='lat' dir='ltr'><strong>et</strong></span> <span class='ocrx_word' id='word_1_286' title='bbox 2396 4136 2538 4200; x_wconf 91' lang='lat' dir='ltr'><strong>fide</strong></span> <span class='ocrx_word' id='word_1_287' title='bbox 2564 4134 2899 4215; x_wconf 88' lang='lat' dir='ltr'><strong>indignos</strong></span> <span class='ocrx_word' id='word_1_288' title='bbox 2924 4131 3119 4194; x_wconf 89' lang='lat' dir='ltr'><strong>facit.</strong></span> 
     </span>
    </p>

    <p class='ocr_par' dir='ltr' id='par_1_5' title="bbox 555 4242 3123 4546">
     <span class='ocr_line' id='line_1_34' title="bbox 731 4242 3123 4332; baseline -0.004 -23"><span class='ocrx_word' id='word_1_289' title='bbox 731 4247 1103 4311; x_wconf 88' lang='lat' dir='ltr'><strong>Postremo</strong></span> <span class='ocrx_word' id='word_1_290' title='bbox 1126 4250 1390 4332; x_wconf 88' lang='lat' dir='ltr'><strong>passim</strong></span> <span class='ocrx_word' id='word_1_291' title='bbox 1412 4250 1659 4313; x_wconf 88' lang='lat' dir='ltr'><strong>videre</strong></span> <span class='ocrx_word' id='word_1_292' title='bbox 1683 4260 1791 4311; x_wconf 90' lang='lat' dir='ltr'><strong>est</strong></span> <span class='ocrx_word' id='word_1_293' title='bbox 1812 4249 1879 4311; x_wconf 92' lang='lat' dir='ltr'><strong>in</strong></span> <span class='ocrx_word' id='word_1_294' title='bbox 1902 4246 2195 4310; x_wconf 89' lang='lat' dir='ltr'><strong>Lutheri</strong></span> <span class='ocrx_word' id='word_1_295' title='bbox 2218 4245 2519 4327; x_wconf 89' lang='lat' dir='ltr'><strong>scriptis,</strong></span> <span class='ocrx_word' id='word_1_296' title='bbox 2542 4242 2598 4305; x_wconf 88' lang='lat' dir='ltr'><strong>si</strong></span> <span class='ocrx_word' id='word_1_297' title='bbox 2624 4242 2789 4325; x_wconf 90' lang='lat' dir='ltr'><strong>quid</strong></span> <span class='ocrx_word' id='word_1_298' title='bbox 2816 4262 2905 4303; x_wconf 84' lang='lat' dir='ltr'><strong>ex</strong></span> <span class='ocrx_word' id='word_1_299' title='bbox 2930 4258 3123 4301; x_wconf 87' lang='lat' dir='ltr'><strong>novo</strong></span> 
     </span>
     <span class='ocr_line' id='line_1_35' title="bbox 555 4345 3123 4438; baseline -0.004 -22"><span class='ocrx_word' id='word_1_300' title='bbox 555 4355 1011 4419; x_wconf 81' lang='lat' dir='ltr'><strong>&#39;I&#39;estamento</strong></span> <span class='ocrx_word' id='word_1_301' title='bbox 1054 4356 1329 4437; x_wconf 87' lang='lat' dir='ltr'><strong>citatur,</strong></span> <span class='ocrx_word' id='word_1_302' title='bbox 1381 4359 1570 4438; x_wconf 93' lang='lat' dir='ltr'><strong>quod</strong></span> <span class='ocrx_word' id='word_1_303' title='bbox 1603 4367 1853 4419; x_wconf 89' lang='lat' dir='ltr'><strong>contra</strong></span> <span class='ocrx_word' id='word_1_304' title='bbox 1888 4357 2118 4438; x_wconf 89' lang='lat' dir='ltr'><strong>ipsum</strong></span> <span class='ocrx_word' id='word_1_305' title='bbox 2150 4354 2387 4432; x_wconf 87' lang='lat' dir='ltr'><strong>faciat,</strong></span> <span class='ocrx_word' id='word_1_306' title='bbox 2438 4350 2673 4414; x_wconf 89' lang='lat' dir='ltr'><strong>statim</strong></span> <span class='ocrx_word' id='word_1_307' title='bbox 2706 4349 2944 4411; x_wconf 89' lang='lat' dir='ltr'><strong>dicere</strong></span> <span class='ocrx_word' id='word_1_308' title='bbox 2975 4345 3123 4409; x_wconf 92' lang='lat' dir='ltr'><strong>illic</strong></span> 
     </span>
     <span class='ocr_line' id='line_1_36' title="bbox 557 4454 3123 4546; baseline -0.003 -23"><span class='ocrx_word' id='word_1_309' title='bbox 557 4480 712 4523; x_wconf 89' lang='lat' dir='ltr'><strong>esse</strong></span> <span class='ocrx_word' id='word_1_310' title='bbox 740 4462 1144 4527; x_wconf 87' lang='lat' dir='ltr'><strong>deliratum:</strong></span> <span class='ocrx_word' id='word_1_311' title='bbox 1178 4464 1378 4527; x_wconf 91' lang='lat' dir='ltr'><strong>sicuti</strong></span> <span class='ocrx_word' id='word_1_312' title='bbox 1413 4466 1504 4527; x_wconf 91' lang='lat' dir='ltr'><strong>de</strong></span> <span class='ocrx_word' id='word_1_313' title='bbox 1540 4463 2113 4546; x_wconf 87' lang='lat' dir='ltr'><strong>epistolaJacobi</strong></span> <span class='ocrx_word' id='word_1_314' title='bbox 2140 4462 2403 4541; x_wconf 87' lang='lat' dir='ltr'><strong>scribit,</strong></span> <span class='ocrx_word' id='word_1_315' title='bbox 2440 4468 2511 4522; x_wconf 90' lang='lat' dir='ltr'><strong>et</strong></span> <span class='ocrx_word' id='word_1_316' title='bbox 2537 4458 2673 4521; x_wconf 90' lang='lat' dir='ltr'><strong>alia</strong></span> <span class='ocrx_word' id='word_1_317' title='bbox 2700 4454 3123 4519; x_wconf 88' lang='lat' dir='ltr'><strong>huiusmodi.</strong></span> 
     </span>
    </p>

    <p class='ocr_par' dir='ltr' id='par_1_6' title="bbox 558 4561 3125 4975">
     <span class='ocr_line' id='line_1_37' title="bbox 769 4561 3121 4653; baseline -0.004 -22"><span class='ocrx_word' id='word_1_318' title='bbox 769 4568 1018 4651; x_wconf 83' lang='lat' dir='ltr'><strong>Neque</strong></span> <span class='ocrx_word' id='word_1_319' title='bbox 1065 4573 1198 4633; x_wconf 89' lang='lat' dir='ltr'><strong>hoc</strong></span> <span class='ocrx_word' id='word_1_320' title='bbox 1249 4572 1504 4635; x_wconf 88' lang='lat' dir='ltr'><strong>dicitur</strong></span> <span class='ocrx_word' id='word_1_321' title='bbox 1559 4573 1726 4653; x_wconf 88' lang='lat' dir='ltr'><strong>quia</strong></span> <span class='ocrx_word' id='word_1_322' title='bbox 1785 4590 1931 4634; x_wconf 89' lang='lat' dir='ltr'><strong>non</strong></span> <span class='ocrx_word' id='word_1_323' title='bbox 1980 4570 2117 4634; x_wconf 88' lang='lat' dir='ltr'><strong>sint</strong></span> <span class='ocrx_word' id='word_1_324' title='bbox 2166 4568 2487 4652; x_wconf 91' lang='lat' dir='ltr'><strong>plerique</strong></span> <span class='ocrx_word' id='word_1_325' title='bbox 2536 4564 2725 4627; x_wconf 89' lang='lat' dir='ltr'><strong>docti</strong></span> <span class='ocrx_word' id='word_1_326' title='bbox 2774 4561 2929 4639; x_wconf 87' lang='lat' dir='ltr'><strong>viri,</strong></span> <span class='ocrx_word' id='word_1_327' title='bbox 2980 4582 3121 4623; x_wconf 87' lang='lat' dir='ltr'><strong>ma-</strong></span> 
     </span>
     <span class='ocr_line' id='line_1_38' title="bbox 559 4670 3124 4761; baseline -0.003 -23"><span class='ocrx_word' id='word_1_328' title='bbox 559 4675 747 4739; x_wconf 85' lang='lat' dir='ltr'><strong>ximo</strong></span> <span class='ocrx_word' id='word_1_329' title='bbox 799 4697 1112 4757; x_wconf 87' lang='lat' dir='ltr'><strong>numerO,</strong></span> <span class='ocrx_word' id='word_1_330' title='bbox 1163 4680 1279 4761; x_wconf 88' lang='lat' dir='ltr'><strong>qui</strong></span> <span class='ocrx_word' id='word_1_331' title='bbox 1329 4690 1576 4743; x_wconf 87' lang='lat' dir='ltr'><strong>contra</strong></span> <span class='ocrx_word' id='word_1_332' title='bbox 1611 4678 1994 4742; x_wconf 89' lang='lat' dir='ltr'><strong>Martinum</strong></span> <span class='ocrx_word' id='word_1_333' title='bbox 2046 4688 2116 4742; x_wconf 88' lang='lat' dir='ltr'><strong>et</strong></span> <span class='ocrx_word' id='word_1_334' title='bbox 2163 4678 2233 4739; x_wconf 90' lang='lat' dir='ltr'><strong>in</strong></span> <span class='ocrx_word' id='word_1_335' title='bbox 2284 4692 2607 4755; x_wconf 87' lang='lat' dir='ltr'><strong>campum</strong></span> <span class='ocrx_word' id='word_1_336' title='bbox 2656 4670 3124 4747; x_wconf 87' lang='lat' dir='ltr'><strong>descendere,</strong></span> 
     </span>
     <span class='ocr_line' id='line_1_39' title="bbox 558 4776 3125 4870; baseline -0.003 -25"><span class='ocrx_word' id='word_1_337' title='bbox 558 4794 628 4845; x_wconf 90' lang='lat' dir='ltr'><strong>et</strong></span> <span class='ocrx_word' id='word_1_338' title='bbox 675 4785 987 4849; x_wconf 87' lang='lat' dir='ltr'><strong>scribere</strong></span> <span class='ocrx_word' id='word_1_339' title='bbox 1037 4796 1199 4849; x_wconf 89' lang='lat' dir='ltr'><strong>sunt</strong></span> <span class='ocrx_word' id='word_1_340' title='bbox 1247 4788 1696 4870; x_wconf 87' lang='lat' dir='ltr'><strong>paratissimi,</strong></span> <span class='ocrx_word' id='word_1_341' title='bbox 1746 4788 1957 4850; x_wconf 90' lang='lat' dir='ltr'><strong>modo</strong></span> <span class='ocrx_word' id='word_1_342' title='bbox 1998 4808 2088 4849; x_wconf 92' lang='lat' dir='ltr'><strong>ne</strong></span> <span class='ocrx_word' id='word_1_343' title='bbox 2118 4784 2495 4847; x_wconf 84' lang='lat' dir='ltr'><strong>videantur</strong></span> <span class='ocrx_word' id='word_1_344' title='bbox 2526 4790 2597 4842; x_wconf 91' lang='lat' dir='ltr'><strong>et</strong></span> <span class='ocrx_word' id='word_1_345' title='bbox 2626 4776 3125 4842; x_wconf 88' lang='lat' dir='ltr'><strong>auctoritatem</strong></span> 
     </span>
     <span class='ocr_line' id='line_1_40' title="bbox 559 4888 3123 4975; baseline -0.004 -21"><span class='ocrx_word' id='word_1_346' title='bbox 559 4892 886 4955; x_wconf 84' lang='lat' dir='ltr'><strong>Pontifici</strong></span> <span class='ocrx_word' id='word_1_347' title='bbox 935 4894 1234 4958; x_wconf 89' lang='lat' dir='ltr'><strong>coelitus</strong></span> <span class='ocrx_word' id='word_1_348' title='bbox 1279 4898 1520 4959; x_wconf 87' lang='lat' dir='ltr'><strong>datam</strong></span> <span class='ocrx_word' id='word_1_349' title='bbox 1569 4904 1640 4959; x_wconf 91' lang='lat' dir='ltr'><strong>et</strong></span> <span class='ocrx_word' id='word_1_350' title='bbox 1687 4905 1829 4958; x_wconf 89' lang='lat' dir='ltr'><strong>tam</strong></span> <span class='ocrx_word' id='word_1_351' title='bbox 1888 4896 2107 4975; x_wconf 85' lang='lat' dir='ltr'><strong>longo</strong></span> <span class='ocrx_word' id='word_1_352' title='bbox 2170 4911 2386 4969; x_wconf 81' lang='lat' dir='ltr'><strong>aeVO‚</strong></span> <span class='ocrx_word' id='word_1_353' title='bbox 2454 4898 2559 4951; x_wconf 91' lang='lat' dir='ltr'><strong>tot</strong></span> <span class='ocrx_word' id='word_1_354' title='bbox 2612 4888 3123 4968; x_wconf 85' lang='lat' dir='ltr'><strong>Imperatorum</strong></span> 
     </span>
    </p>
   </div>
   <div class='ocr_carea' id='block_1_2' title="bbox 3552 2275 3568 2876">
    <p class='ocr_par' dir='ltr' id='par_1_7' title="bbox 3552 2275 3568 2876">
     <span class='ocr_line' id='line_1_41' title="bbox 3552 2275 3568 2876; baseline 0 0"><span class='ocrx_word' id='word_1_355' title='bbox 3552 2275 3568 2876; x_wconf 95' lang='lat' dir='ltr'><strong> </strong></span> 
     </span>
    </p>
   </div>
  </div>
 </body>
</html>
