3575 5775
1372 551 1488 603 0-<3
1561 549 1635 644 ,57
1714 547 1831 602 ἴ>-ο

325 699 414 760 da
474 699 670 760 detta
717 699 888 760 sede
939 706 1010 759 et
1061 698 1126 758 lo
1175 696 1608 758 Elettorato:
1679 705 1749 758 et
1798 699 1915 758 del
1964 694 2281 758 Concilio
2333 695 2422 756 de
2472 691 2885 758 Constantia

324 817 386 868 et
440 805 508 867 di
556 805 856 868 Boherni
903 813 976 866 et
1025 805 1242 866 molte
1293 805 1472 866 altre
1520 825 1686 866 cose
1737 806 1871 867 che
1918 803 2225 866 sarebbe
2274 803 2493 882 longo
2542 811 2612 862 et
2660 819 2885 882 pocco

323 910 723 976 necessario
773 931 816 973 a
867 921 1217 992 repetere.

495 1017 805 1082 Eranoci
875 1018 1192 1100 presenti
1261 1017 1460 1080 molti
1531 1017 1840 1100 principi
1911 1017 2170 1098 grandi
2240 1015 2625 1078 Lutherani
2701 1023 2771 1077 et
2840 1015 2887 1076 11

323 1125 697 1190 Secretarii
754 1127 869 1189 del
917 1127 1124 1188 Duca
1171 1124 1493 1205 Saxone,
1563 1125 1678 1206 qui
1733 1123 2195 1207 excipiebant
2246 1124 2496 1202 multa,
2566 1121 2887 1203 quamvis

323 1236 484 1298 dum
545 1233 762 1296 timeo
827 1254 918 1296 ne
979 1232 1148 1295 mihi
1214 1242 1494 1313 tempus
1561 1232 1846 1294 deesset
1913 1231 2004 1293 ad
2055 1231 2338 1293 modum
2388 1229 2601 1293 celeri
2652 1239 2890 1292 uterer

323 1340 641 1403 oratione
691 1347 764 1402 et
811 1338 932 1421 gia
981 1339 1274 1402 intendo
1325 1340 1456 1401 che
1506 1341 1658 1402 loro
1709 1339 2010 1402 diceano
2046 1341 2177 1401 che
2209 1337 2277 1401 io
2314 1349 2613 1400 toccava
2645 1336 2694 1398 il
2734 1337 2887 1398 loro

321 1446 638 1530 principe
689 1446 1208 1526 odiosamente,
1277 1449 1467 1528 quod
1518 1446 1772 1509 falsum
1826 1456 1968 1527 est,
2030 1450 2087 1508 sl
2137 1466 2337 1508 come
2388 1465 2651 1507 ancora
2701 1464 2885 1506 rnen-

323 1555 500 1618 tirno
550 1576 593 1617 a
626 1553 923 1616 Colonia
971 1555 1254 1634 quando
1306 1556 1533 1635 parlai
1582 1557 1692 1616 nel
1745 1563 2119 1635 presentar
2167 1553 2281 1615 del
2316 1553 2552 1615 Breve
2584 1552 2651 1614 al
2686 1553 2887 1613 Duca

321 1663 648 1742 predetto
699 1660 1152 1743 presentibus
1181 1660 1618 1742 Caracci010,
1661 1660 2089 1742 Tergestino
2140 1670 2212 1723 et
2241 1659 2659 1723 Tridentino
2710 1657 2883 1740 epis-

323 1769 519 1850 copis
564 1787 696 1849 per
743 1775 996 1850 questo
1046 1769 1380 1830 chiamati
1429 1770 1520 1830 da
1567 1789 1680 1832 me
1711 1787 1915 1832 come
1947 1788 2078 1850 per
2106 1767 2511 1831 testimonio
2548 1766 2618 1828 di
2650 1767 2887 1847 quello

322 1877 386 1936 io
421 1897 543 1937 era
574 1896 706 1957 per
739 1877 924 1948 dire;
979 1875 1067 1937 ne
1117 1875 1209 1937 mi
1259 1878 1458 1937 valse
1506 1895 1718 1937 usare
1766 1877 1995 1938 anche
2044 1877 2272 1938 allora
2320 1874 2491 1956 ogni
2538 1871 2890 1937 modestia

323 1986 450 2044 che
500 1982 750 2064 dopoi,
821 1981 1292 2044 mandandoci
1342 1985 1409 2045 el
1457 1984 1661 2046 Duca
1727 1984 1799 2045 la
1866 1983 2175 2063 risposta
2235 1980 2422 2044 disse
2485 2001 2615 2062 per
2674 1978 2885 2042 infor-

324 2090 628 2152 matione
679 2090 750 2152 di
801 2100 1052 2170 questo
1102 2089 1488 2152 medesimo
1537 2089 1853 2166 ribaldo,
1901 2089 2019 2170 qui
2068 2089 2220 2151 heri
2272 2089 2709 2169 excipiebat,
2758 2089 2889 2148 che

323 2197 438 2258 noi
497 2200 843 2259 haveamo
893 2198 1091 2260 detto
1140 2199 1324 2260 male
1375 2197 1492 2259 del
1540 2198 1694 2260 loro
1744 2196 2099 2278 Principe.
2193 2195 2317 2258 Ma
2364 2204 2612 2277 queste
2660 2193 2889 2257 bestie

325 2324 603 2385 semper
670 2301 818 2365 cosi
879 2303 1333 2386 impudenter
1389 2303 1668 2385 fingunt
1715 2325 1845 2386 per
1893 2307 2116 2368 haver
2164 2323 2381 2366 causa
2429 2302 2498 2364 di
2548 2303 2686 2364 mal
2736 2302 2889 2364 dire

325 2423 392 2472 et
459 2411 658 2472 iritar
726 2411 792 2472 el
859 2413 1012 2474 loro
1070 2410 1427 2492 principe,
1493 2431 1695 2476 come
1760 2432 2043 2493 sempre
2088 2411 2185 2474 fin
2235 2409 2352 2492 qui
2400 2411 2638 2474 hanno
2687 2408 2889 2488 fatto,

325 2518 626 2580 essendo
677 2518 726 2580 li
775 2518 932 2580 suoi
977 2519 1140 2579 tutti
1189 2517 1759 2581 lutheranissimi.
1857 2519 2009 2581 Ben
2061 2517 2221 2581 dico
2272 2519 2405 2580 che
2452 2539 2527 2580 se
2590 2517 2639 2580 il
2691 2517 2891 2578 'Duca

325 2624 510 2690 fosse
559 2632 746 2687 stato
796 2637 1166 2705 presente,
1234 2625 1302 2687 io
1371 2646 1504 2689 con
1569 2626 1740 2707 ogni
1789 2626 2170 2706 modestia,
2236 2625 2415 2708 pero
2463 2645 2604 2688 non
2655 2634 2888 2687 tamen

326 2731 502 2793 citra
549 2733 921 2809 decorum,
988 2731 1029 2792 l'
1064 2733 1298 2795 harrei
1347 2754 1442 2794 un
1490 2735 1875 2813 pocchetto
1924 2753 2192 2813 1110150,
2259 2731 2526 2814 perche
2573 2731 2887 2795 horamai

327 2859 464 2902 11011
513 2839 569 2901 0’
617 2838 656 2901 e
703 2837 822 2921 piu
873 2859 1220 2920 speranza
1255 2839 1327 2902 di
1357 2841 1658 2903 mutarlo
1692 2862 1825 2924 per
1852 2844 2090 2905 buone
2132 2841 2379 2923 parole
2429 2849 2501 2904 et
2538 2849 2738 2903 tanto
2770 2839 2888 2921 piu

327 2947 368 3007 l'
399 2947 635 3010 harrei
680 2946 862 3009 fatto
893 2946 1156 3028 perche
1190 2948 1456 3011 Caesar
1485 2960 1559 3011 et
1585 2949 1927 3012 Chievres
1956 2949 2231 3011 dissero
2262 2949 2329 3011 al
2361 2946 2438 3009 Sr
2477 2948 2889 3041 Carrazzolo

327 3054 550 3135 primo
601 3065 673 3117 et
718 3053 839 3135 poi
887 3067 931 3116 a
977 3075 1108 3133 me,
1161 3064 1230 3117 et
1277 3054 1425 3117 cosi
1476 3058 1540 3118 el
1591 3055 2039 3137 MoguntinO,
2098 3058 2229 3119 che
2278 3054 2347 3117 io
2396 3074 2539 3117 non
2588 3064 2888 3117 temesse

328 3181 454 3242 per
519 3161 758 3223 niente
818 3161 928 3223 dir
975 3171 1195 3241 tutto,
1259 3164 1392 3225 che
1443 3163 1534 3225 mi
1579 3184 1805 3245 parea
1852 3164 1961 3226 far
2012 3184 2053 3225 a
2100 3161 2505 3244 propositO,
2566 3163 2757 3243 quod
2821 3174 2891 3223 et

326 3268 462 3331 feci
507 3289 639 3350 per
685 3268 916 3331 Deum
962 3268 1512 3350 imperterritus,
1571 3291 1773 3333 come
1821 3270 1890 3332 io
1940 3270 2132 3333 fusse
2182 3278 2367 3333 stato
2422 3289 2465 3330 a
2514 3271 2701 3331 lezer
2750 3290 2891 3331 una

327 3376 614 3437 lettione
666 3397 708 3437 a
757 3374 914 3437 XX
961 3375 1300 3441 fanciulli.
1349 3378 1704 3441 ancorche
1751 3376 1821 3441 io
1870 3380 2172 3441 vedesse
2220 3376 2287 3439 la
2336 3376 2533 3441 molti
2574 3376 2891 3458 Principi

332 3481 746 3562 Lutherani‚
812 3482 862 3544 li
927 3482 1120 3563 quali
1183 3504 1294 3546 me
1353 3483 1658 3547 faceano
1721 3484 1790 3546 di
1855 3485 2081 3549 brutti
2140 3483 2273 3547 visi
2336 3493 2407 3547 et
2472 3503 2601 3565 per
2651 3484 2889 3546 avanti

331 3609 569 3671 spesso
639 3610 748 3652 me
813 3588 1158 3652 habbiino
1219 3590 1400 3653 fatto
1452 3591 1869 3669 minacciar,
1938 3613 2050 3654 ma
2109 3603 2302 3653 certo
2354 3612 2493 3653 non
2544 3589 2751 3653 stimo
2799 3610 2890 3652 un

332 3698 491 3776 pelo
537 3698 755 3761 morir
801 3717 932 3779 per
980 3699 1048 3760 la
1097 3696 1262 3759 fede
1311 3708 1384 3761 et
1430 3718 1561 3779 per
1611 3698 1656 3761 11
1706 3698 1867 3761 111101
1905 3697 2208 3779 patroni.
2279 3696 2723 3761 WVormatiae
2759 3706 2891 3761 etc.

1618 3878 1711 3889 Μ..
1717 3878 1807 3889 vata-s

1559 4108 1667 4175 23.

1119 4216 1478 4295 Aloander
1531 4216 1799 4297 Joanni
1851 4217 2087 4299 Eokio.

789 4342 894 4411 (Ex
927 4343 1152 4403 minut-a
1189 4344 1383 4417 origin.
1419 4346 1478 4405 in
1515 4345 1629 4405 006..
1667 4346 1813 4405 Bm.
1850 4347 2033 4407 Vetto.
2072 4347 2205 4407 3913
2241 4346 2331 4407 fol.
2369 4347 2441 4419 3.)

1343 4446 1454 4513 (16.
1492 4450 1650 4503 Febr.
1695 4452 1870 4515 1521.)

549 4551 976 4617 Reverende
1027 4563 1097 4615 et
1146 4554 1554 4618 doctissime
1603 4556 1712 4619 vir
1759 4558 1979 4623 salve.
2055 4558 2309 4639 Neque
2355 4558 2528 4621 istas
2576 4580 2753 4640 quas
2802 4560 2891 4621 ad

341 4676 448 4718 1110
513 4658 708 4723 binas
771 4660 1052 4723 dedisse
1115 4660 1367 4724 scribis
1431 4662 1705 4726 litteras
1768 4663 2051 4746 accepi,
2115 4665 2469 4729 tabellarii
2530 4666 2636 4747 (ut
2692 4666 2891 4748 puto)

343 4765 571 4845 culpa:
617 4787 848 4849 neque
896 4767 1204 4829 vicissim
1253 4787 1392 4850 ego
1441 4771 1534 4833 ad
1583 4771 1685 4833 Te
1733 4773 1913 4834 ullas
1963 4772 2129 4835 dedi
2177 4773 2532 4837 tabellarii
2580 4772 2889 4836 defectu.

345 4869 630 4935 Potuisti
662 4883 898 4937 tamen
939 4873 1206 4956 aliquid
1260 4876 1345 4939 de
1397 4876 1602 4941 nobis
1644 4878 1849 4959 scire,
1879 4881 1998 4943 vel
2033 4880 2329 4962 vulgata
2357 4879 2669 4943 incendii
2701 4879 2891 4943 fama
