3575 5775
1454 603 1751 676 ὁ-<Ξ3«1.9’1
1833 614 1951 673 ΕΗ

410 763 591 831 istos
640 763 697 830 si
747 786 886 831 non
937 763 1225 831 omnino
1274 767 1533 844 sedari,
1585 769 1835 830 saltem
1885 759 2245 848 suspendi,
2297 758 2526 827 donec
2587 755 2839 826 melior
2885 775 2990 824 ra-

412 875 519 938 tio
564 876 861 939 iniretur
906 875 1111 939 huius
1158 874 1347 956 ignis
1410 875 1904 957 restinguendi
1969 873 2229 954 gratia;
2295 875 2484 954 quod
2549 891 2698 952 me,
2761 869 2991 951 gratia

414 981 579 1063 Dei,
629 984 1129 1046 adsecuturum
1176 1002 1424 1063 sper0,
1486 982 1545 1044 si
1593 989 1832 1044 vestra
1883 980 2264 1044 Beatitudo
2316 978 2626 1060 alioquin
2677 975 2990 1039 Serenis-

416 1089 577 1150 simi
646 1090 997 1172 Principis
1067 1088 1496 1152 Archiducis
1546 1088 1882 1152 Austriae
1953 1097 2158 1168 vota,
2243 1097 2314 1149 et
2401 1084 2994 1149 deliberationem

420 1195 579 1259 eius
627 1198 1005 1270 adiuverit:
1040 1218 1251 1279 quum
1302 1196 1487 1260 enim
1536 1207 1728 1259 totus
1776 1215 2180 1277 propensus
2210 1193 2318 1275 sit,
2370 1205 2440 1256 et
2473 1213 2835 1271 accensuS,
2865 1211 2994 1272 pro

417 1307 692 1368 tuendo
744 1303 953 1368 Sedis
1002 1305 1469 1386 Apostolicae
1502 1305 1796 1383 honore,
1840 1303 2200 1383 totiusque
2231 1300 2693 1364 sacerdotalis
2727 1297 2995 1362 ordinis

416 1411 739 1474 comodis
804 1410 1267 1494 adaugendiS,
1318 1412 1510 1474 nullo
1576 1429 1749 1472 sane
1800 1419 1968 1491 eget
2029 1409 2511 1488 admonitore,
2583 1409 2695 1469 vel
2746 1404 2994 1469 sollici-

420 1531 677 1598 tatore,
726 1528 961 1582 tamen
1013 1519 1400 1582 videndum
1453 1528 1593 1597 est,
1660 1538 1749 1579 ne
1817 1517 2068 1579 modus
2133 1515 2361 1578 eidem
2428 1512 2714 1577 deficiat
2760 1533 2993 1575 rerum

418 1625 1059 1698 conficiendarum:
1112 1646 1337 1708 quare
1388 1623 1918 1687 Beatitudinem
1966 1623 2295 1685 Vestram
2346 1633 2542 1684 recte
2589 1620 2845 1684 fecisse
2895 1640 2994 1682 ar-

418 1733 649 1795 bitror
696 1735 885 1814 quod
938 1731 1128 1794 Suae
1178 1729 1566 1794 Serenitati
1636 1730 2026 1793 subsidium
2073 1729 2532 1811 pecuniarum
2581 1727 2996 1791 mittendum

421 1840 731 1919 duxerit,
780 1839 1045 1923 quippe
1094 1841 1285 1921 quod
1334 1839 1434 1901 ita
1480 1839 1795 1901 futurum
1841 1857 2024 1916 reor,
2075 1848 2151 1899 ut
2198 1837 2384 1899 idern
2439 1835 2813 1917 Princeps,
2879 1855 2994 1897 au-

418 1947 613 2010 xiliis
662 1948 808 2010 suis
855 1946 1169 2027 adiutus,
1237 1947 1435 2028 prius
1484 1967 1623 2008 non
1676 1945 1765 2007 sit
1816 1944 2244 2027 provintiam
2294 1947 2731 2023 deserturuS,
2783 1961 2994 2023 quam

419 2054 483 2117 si
534 2055 837 2117 Domino
889 2064 1245 2117 annuente
1296 2062 1552 2115 cuncta
1615 2051 2128 2133 composuerit,
2193 2061 2262 2114 et
2329 2049 2794 2132 transegerit,
2866 2067 2997 2131 pro

418 2163 698 2225 honore
748 2171 819 2224 et
858 2162 1231 2225 commodo
1291 2158 1502 2223 Sedis
1552 2153 2020 2241 Apostolicae
2073 2169 2142 2221 et
2177 2155 2722 2220 Ecclesiasticae
2773 2155 2998 2236 digni-

420 2268 625 2350 tatis,
697 2269 888 2351 quod
949 2288 1086 2350 ego
1150 2278 1417 2350 quanto
1467 2265 1880 2349 diligentius
1927 2287 2260 2348 possum,
2332 2275 2408 2327 ut
2464 2273 2675 2326 antea
2732 2261 2994 2340 curavi,

426 2375 531 2438 sic
580 2386 949 2439 curaturus
997 2397 1181 2456 sum,
1256 2395 1489 2457 neque
1536 2377 1674 2437 hoc
1722 2377 1946 2438 solum
1995 2375 2185 2457 apud
2237 2373 2452 2435 Suam
2504 2372 2999 2450 Serenitatem,

428 2503 675 2545 verum
712 2484 923 2546 etiarn
959 2485 1149 2565 apud
1185 2483 1562 2546 Cesaream
1591 2486 2033 2565 eandemque
2063 2480 2501 2544 Catholicam
2529 2479 3000 2557 Maiestatem,

431 2591 525 2652 ad
574 2610 785 2671 quam
834 2611 1064 2674 nuper
1125 2589 1518 2653 destinatus
1582 2589 1656 2652 in
1723 2601 2078 2653 oratorem
2137 2589 2488 2669 Magister
2536 2589 2601 2650 d.
2675 2587 3003 2648 Andreas

437 2698 531 2760 de
573 2697 818 2779 Burgo
868 2719 980 2762 me
1030 2699 1375 2760 suadente
1425 2697 1816 2759 secundum
1865 2696 2244 2779 legationis
2293 2715 2462 2758 suae
2511 2693 3002 2775 prescriptum,

431 2806 571 2867 hoc
620 2805 981 2888 imprimiS,
1033 2803 1223 2868 Suae
1274 2803 1695 2868 Serenitatis
1743 2806 2116 2882 mandato,
2177 2812 2286 2866 est
2344 2813 2748 2877 curaturus,
2814 2801 3003 2881 quod

430 2913 525 2975 ad
573 2912 878 2976 Vestrae
911 2912 1385 2976 Beatitudinis
1435 2912 1725 2993 eiusque
1761 2910 1971 2973 Sedis
2009 2908 2470 2993 Apostolicae
2521 2908 3002 2971 defensionem

433 3029 505 3081 et
552 3022 896 3084 honorem
946 3024 1203 3083 cedere
1236 3020 1519 3101 poterit.
1583 3018 1739 3100 Que
1773 3019 2028 3081 cursim
2061 3017 2251 3080 volui
2288 3017 2516 3079 eidem
2567 3014 2999 3095 exposuisse,

433 3138 510 3187 ut
556 3148 695 3189 non
743 3138 885 3189 tam
934 3128 1147 3189 fidem
1197 3136 1269 3189 et
1314 3126 1727 3189 servitutem
1775 3146 2003 3188 meam
2053 3125 2486 3205 intelligeret
2534 3142 2665 3203 pro
2697 3142 2772 3183 se
2807 3142 3003 3203 para-

434 3234 815 3307 tissimam,
886 3256 1095 3316 quam
1165 3234 1376 3297 etiarn
1437 3255 1525 3296 ne
1589 3234 1818 3296 eidem
1869 3236 2246 3296 obscurum
2298 3241 2526 3311 esset,
2592 3250 2703 3292 me
2771 3228 3006 3291 omnia

437 3341 675 3424 potius
723 3341 1047 3421 laturum,
1116 3361 1327 3422 quam
1378 3340 1741 3423 quippiam
1791 3351 2355 3420 acceptaturum,
2424 3338 2612 3420 quod
2665 3338 2780 3399 vel
2831 3334 3000 3398 Sedi

436 3448 904 3530 Apostolicae
954 3450 1045 3511 sit
1093 3448 1547 3527 contrarium,
1597 3448 1711 3510 vel
1762 3446 2184 3527 dignitatem
2234 3447 2749 3509 sacerdotalem
2801 3445 3004 3506 dede-

436 3564 619 3634 ceat,
669 3556 782 3618 cui
840 3576 953 3619 me
1013 3556 1123 3618 his
1182 3565 1255 3617 et
1300 3554 1695 3617 Ecclesiam
1758 3574 1952 3615 suam
2005 3553 2488 3616 'I'ridentinam
2548 3553 3008 3615 vehementer

438 3670 512 3724 et
557 3662 764 3725 unice
814 3650 1255 3727 commendo.

619 3769 729 3832 Ex
778 3770 1120 3832 Tridento
1171 3766 1403 3831 XVI0.
1453 3767 1621 3848 Julii
1674 3768 1884 3830 Anno
1935 3767 2219 3830 Domini
2268 3766 2720 3831 MDXXVNJ.

620 3876 953 3941 Eiusdem
1002 3876 1309 3939 Vestrae
1358 3874 1795 3938 Sanctitatis.

2271 4000 2434 4051 Hum.
2473 3999 2724 4047 Creatura

2191 4090 2256 4143 B.
2291 4088 2446 4151 Eps.
2483 4087 2794 4141 Trident,

1522 4510 1631 4523 «Μ’.
1641 4508 1827 4522 »semum-N
1840 4511 1902 4521 vv·-
1917 4512 1932 4521 ,a
