3575 5775
1447 598 1939 655 *cane-0

401 745 564 807 rola
611 747 702 807 de
749 744 912 825 Die,
961 754 1033 807 et
1078 745 1282 808 voler
1328 744 1651 828 prohibir
1697 748 1764 809 le
1813 746 2263 827 impressioni
2310 748 2401 811 de
2448 746 2609 810 libri
2659 748 2972 829 dannati,

400 860 476 913 et
525 848 806 932 famosi,
852 853 1093 915 hanno
1140 860 1534 915 monstrato
1583 872 1742 915 cum
1790 852 1839 914 li
1887 851 2133 934 effetti,
2182 854 2313 915 che
2360 854 2596 920 hanno
2644 857 2830 919 altra
2875 855 2970 919 in·

399 958 760 1040 tentione,
831 960 1093 1041 perche
1141 960 1380 1022 hanno
1429 961 1694 1022 lassato
1745 959 1961 1041 dopoi
2008 960 2369 1043 imprimet
2415 962 2621 1025 simili
2683 972 2755 1025 et
2802 983 2969 1045 peg-

398 1064 591 1147 giori
637 1065 823 1146 libri,
869 1066 1050 1129 fatto
1097 1066 1430 1149 predicar
1478 1065 1525 1129 li
1573 1065 1949 1147 lutherani,
1999 1076 2072 1130 et
2116 1067 2478 1148 prohibito
2527 1070 2576 1133 li
2623 1070 2813 1134 boni.

585 1170 1029 1235 Similmente
1089 1194 1220 1255 per
1278 1173 1407 1236 dar
1453 1173 1770 1237 remedio
1818 1194 1861 1236 a
1918 1176 1985 1236 16
2032 1172 2445 1257 sopradette
2494 1196 2659 1241 cose
2708 1178 2971 1243 Nostro

399 1277 720 1362 Signore
766 1280 972 1363 Papa
1019 1279 1384 1344 Clemente
1434 1280 1590 1345 VII.
1641 1280 1737 1343 ha
1780 1282 2155 1361 mandato,
2216 1302 2259 1344 a
2306 1284 2378 1344 la
2422 1282 2668 1348 ultima
2714 1286 2973 1351 Diaeta

400 1388 494 1449 de
525 1386 1029 1470 Noremberga
1074 1389 1139 1450 el
1169 1387 1808 1451 Reverendissimo
1840 1386 2219 1452 Cardinale
2250 1388 2640 1473 Campegio
2672 1392 2970 1476 LegatO,

397 1495 620 1557 homo
673 1494 762 1557 de
795 1494 1078 1575 integra
1109 1494 1279 1576 vita,
1328 1505 1401 1558 et
1432 1495 1831 1558 excellente
1862 1496 2207 1575 doctrina,
2256 1496 2457 1560 accio
2483 1503 2971 1565 concorrendo

397 1600 702 1673 insieme
749 1610 901 1665 tute
949 1610 1202 1683 queste
1248 1600 1657 1682 conditioni,
1705 1602 1750 1665 l'
1778 1601 2105 1681 autorita,
2153 1605 2224 1667 la
2268 1604 2511 1686 bonta,
2560 1606 2632 1670 la
2676 1606 2973 1681 scientia

398 1707 476 1770 cli
529 1710 630 1770 tal
678 1709 926 1788 hom0,
998 1708 1215 1790 quelli
1263 1708 1513 1791 populi
1576 1708 1695 1791 piu
1745 1708 2154 1773 facilmente
2220 1731 2297 1773 se
2344 1721 2715 1793 potessero
2764 1714 2972 1779 indur

397 1835 442 1877 a
491 1815 565 1878 la
613 1817 808 1877 bona
852 1814 1004 1888 via;
1064 1814 1152 1877 ne
1199 1815 1294 1877 ha
1340 1813 1634 1897 giovato
1681 1816 1939 1877 alcuna
1986 1836 2187 1895 cosa,
2236 1819 2498 1899 perche
2548 1828 2747 1885 tanto
2792 1844 2970 1886 sono

396 1922 744 1985 venenati
792 1921 841 1985 li
889 1920 1102 1985 animi
1150 1922 1306 1985 loro
1352 1941 1498 1985 non
1531 1924 1923 1986 solamente
1972 1932 2223 1988 contra
2263 1925 2354 1988 de
2387 1936 2637 2007 questa
2667 1928 2970 2013 Chiesia,

393 2049 516 2091 ma
569 2028 782 2092 etiam
830 2037 1082 2092 contra
1128 2026 1299 2111 ogni
1346 2028 1804 2111 superiorita,
1875 2031 2006 2092 che
2054 2032 2119 2093 el
2169 2032 2365 2095 detto
2414 2032 2691 2115 Legato
2742 2057 2883 2101 non
2929 2039 2970 2102 vel

393 2144 592 2199 stato
641 2134 784 2199 ben
832 2135 1019 2200 visto
1065 2134 1138 2198 in
1186 2137 1394 2199 alcun
1441 2139 1625 2217 1000,
1674 2145 1746 2199 et
1793 2135 1864 2199 in
1900 2136 2228 2220 Augusta
2275 2140 2601 2205 haveano
2642 2145 2968 2210 ordinato

393 2252 511 2307 tra
579 2244 818 2325 quello
864 2245 1135 2325 populo
1203 2243 1294 2305 de
1341 2242 1530 2306 uscir
1575 2242 1905 2307 incontra
1952 2243 2177 2308 Cento
2226 2246 2516 2327 gioveni
2580 2252 2819 2317 vestiti
2878 2255 2969 2317 da

395 2350 696 2431 diavoli,
743 2350 1231 2414 strassinando
1279 2370 1420 2413 uno
1467 2351 1680 2413 homo
1727 2353 1971 2432 legato
2019 2351 2093 2413 in
2141 2352 2386 2416 habito
2435 2355 2525 2418 de
2554 2355 2968 2436 Cardinale;

393 2477 537 2539 pur
605 2476 738 2538 per
801 2455 1322 2519 advertimento
1373 2458 1462 2519 de
1511 2458 1815 2538 qualche
1861 2477 2171 2539 persona
2236 2460 2335 2523 de‘
2376 2459 2688 2527 Consilio
2710 2513 2729 2546 ‚
2796 2467 2971 2532 forsi

393 2566 516 2647 pisi
587 2584 720 2647 per
781 2565 852 2626 la
899 2562 1242 2626 enormita
1305 2564 1397 2625 de
1456 2564 1524 2626 la
1571 2584 1742 2627 cosa
1812 2566 1945 2627 che
2007 2586 2139 2648 per
2183 2568 2320 2630 ben
2372 2570 2607 2649 voler,
2680 2573 2746 2634 el
2807 2593 2967 2638 con-

393 2673 580 2737 56110
631 2673 722 2735 de
771 2674 840 2735 la
886 2680 1078 2733 terra
1123 2669 1282 2733 fece
1333 2671 1464 2733 che
1514 2690 1655 2733 non
1703 2672 2025 2753 segnisse
2073 2674 2172 2735 tal
2220 2675 2641 2741 desordene.

585 2778 740 2859 Poi,
788 2799 831 2841 a
880 2778 949 2840 la
987 2776 1250 2840 intrata
1282 2778 1374 2841 de
1403 2776 1905 2861 Norimberga,
1950 2779 2028 2841 fu
2057 2800 2199 2843 non
2233 2802 2443 2845 senza
2474 2804 2707 2865 causa,
2756 2808 2968 2870 preso

393 2887 722 2953 conselio
771 2889 900 2950 che
950 2906 1091 2949 non
1141 2885 1446 2950 intrasse
1494 2906 1695 2950 come
1744 2888 2039 2951 soleano
2088 2889 2137 2951 li
2185 2891 2402 2970 legati
2435 2911 2591 2955 cum
2625 2896 2692 2958 le
2727 2896 2967 2960 debite

393 2994 855 3068 solemnitati.
947 2993 1008 3056 Il
1075 2993 1206 3057 che
1273 2991 1413 3056 mai
1477 2993 1695 3077 dopoi
1763 2995 1896 3057 che
1942 2994 1994 3057 li
2052 2995 2275 3076 legati
2342 3017 2418 3060 se
2466 3001 2856 3084 mandano‚
2930 3004 2965 3066 ἐ·

393 3110 888 3168 accostumato
933 3101 1063 3163 far.
1160 3099 1244 3162 Li
1293 3100 1484 3181 quali
1533 3112 1603 3165 et
1647 3101 1931 3181 Caesar,
1983 3112 2055 3164 et
2100 3102 2149 3165 li
2194 3102 2315 3166 Re
2362 3107 2609 3170 soleno
2655 3107 2969 3172 honorat

392 3232 486 3276 ne
537 3213 607 3275 le
655 3209 915 3273 intrate
965 3209 1054 3270 de
1101 3209 1170 3271 le
1218 3207 1454 3273 citadi.

581 3319 910 3397 Ancora,
982 3315 1023 3379 ὲ
1084 3316 1176 3378 da
1223 3314 1543 3379 advertir
1604 3315 1736 3378 che
1805 3316 1873 3378 el
1921 3315 2123 3379 Duca
2184 3317 2275 3378 de
2324 3315 2644 3381 Saxonia
2690 3319 2968 3382 Elettor

393 3425 633 3490 subito
697 3423 928 3486 inteso
989 3424 1058 3485 el
1105 3421 1739 3486 Reverendissimo
1788 3421 2065 3505 Legato
2128 3443 2325 3487 esser
2381 3424 2452 3489 in
2502 3425 2815 3504 camino,
2886 3448 2965 3490 se

391 3536 582 3617 parti
634 3531 728 3593 da
775 3531 844 3593 la
892 3529 1188 3610 Diaeta,
1237 3538 1311 3592 et
1355 3528 1554 3591 molti
1603 3527 1764 3591 altri
1812 3528 2128 3611 Principi
2150 3577 2167 3609 ‚
2226 3541 2299 3592 et
2344 3533 2664 3596 lassorno
2714 3531 2763 3596 li
2810 3536 2963 3598 loro

394 3638 690 3705 Oratori
754 3656 885 3718 pro
931 3635 1198 3715 forma,
1269 3635 1602 3697 accioche
1668 3654 1813 3698 non
1879 3655 1957 3698 se
2004 3637 2468 3703 concludesse
2535 3657 2705 3700 cosa
2751 3641 2963 3721 bona,

392 3745 663 3829 perche
714 3746 899 3807 dove
940 3761 1072 3824 per
1121 3743 1186 3804 el
1224 3742 1468 3822 legato
1512 3741 1722 3803 venia
1753 3749 2101 3824 proposto
2142 3744 2379 3822 quello
2428 3745 2561 3808 che
2604 3746 2673 3808 la
2710 3744 2961 3827 ragion

395 3863 468 3916 et
529 3853 598 3917 el
663 3851 884 3914 dever
930 3850 1174 3930 volea,
1239 3847 1538 3911 diceano
1587 3867 1728 3910 non
1789 3849 2016 3911 haver
2062 3849 2555 3913 commissione
2610 3852 2703 3913 da
2761 3850 2810 3913 li
2857 3851 2963 3914 soi

392 3959 736 4042 Principi,
783 3977 1002 4020 overo
1050 3954 1576 4019 communit-adi.

575 4066 668 4130 Et
705 4084 839 4148 per
867 4063 1302 4126 resolutione
1333 4072 1405 4125 et
1435 4070 1763 4144 resposta
1795 4060 1895 4124 dil
1926 4061 2447 4144 departimento
2482 4063 2573 4126 de
2602 4064 2673 4126 la
2704 4063 2961 4126 Diaeta

392 4174 732 4237 havendo
797 4171 847 4233 li
895 4168 1182 4234 Oratori
1248 4170 1338 4231 de
1395 4171 1461 4231 le
1509 4177 1702 4231 terre
1747 4166 2045 4231 franche
2112 4168 2725 4232 manifestamente
2792 4171 2959 4234 dato

392 4279 708 4362 pessima
764 4287 837 4340 et
884 4274 1295 4359 impiissima
1343 4285 1698 4356 resposta:
1769 4277 1841 4337 la
1888 4275 2341 4339 conclusione
2388 4276 2789 4339 universale
2836 4275 2957 4358 piu

396 4387 1002 4449 cautelosamente
1066 4403 1158 4446 va
1224 4383 1316 4445 ad
1383 4401 1474 4444 un
1525 4383 1885 4445 medesmo
1948 4379 2126 4460 fine,
2198 4391 2271 4445 et
2335 4403 2555 4446 ancor
2624 4384 2756 4446 che
2804 4383 2960 4465 pari

393 4493 626 4574 prima
670 4489 858 4554 facie
904 4490 1028 4572 piu
1078 4489 1448 4568 catholica,
1501 4508 1641 4551 non
1693 4489 1975 4552 dimeno
2022 4490 2117 4551 ha
2161 4489 2233 4552 in
2282 4510 2358 4552 se
2392 4492 2608 4553 molto
2656 4510 2958 4572 venen0,

397 4609 471 4663 et
517 4599 850 4663 contiene
899 4599 1124 4680 (come
1173 4597 1210 4662 ὲ
1260 4606 1574 4660 costume
1624 4593 1808 4682 loro)
1856 4598 2109 4659 alcune
2158 4595 2471 4679 captioni
2514 4597 2694 4661 assai
2745 4597 2957 4680 facili,

396 4728 441 4769 a
487 4725 948 4790 cognoscere,
995 4703 1264 4788 perche
1306 4704 1492 4766 dove
1541 4703 1799 4767 dicono
1831 4723 2029 4766 esser
2074 4703 2301 4766 tenuti
2334 4702 2631 4786 exequir
2663 4705 2731 4768 el
2760 4704 2955 4767 Man·

398 4815 567 4877 dato
616 4812 968 4878 Caesareo
1028 4811 1210 4874 fatto
1275 4832 1317 4874 a
1364 4811 1731 4892 WormeS,
1806 4819 1878 4874 et
1937 4811 2141 4873 voler
2210 4811 2534 4875 obedirlo
2601 4821 2867 4893 quanto
2914 4831 2958 4874 a

399 4920 554 4984 loro
603 4920 762 4984 sara
808 4919 1185 5003 possibile,
1247 4939 1390 4984 non
1439 4919 1475 4982 ὲ
1524 4920 1707 4983 altro
1756 4938 1835 4984 se
1882 4938 2025 4983 non
2072 4919 2205 4984 che
2254 4921 2439 4986 dove
2486 4939 2630 4982 non
2677 4919 2747 4984 10
2796 4936 2957 4986 exe·
