3575 5775
1423 612 1723 669 0-43-565
1800 610 1916 665 8>-0

391 760 531 823 iam
578 780 709 825 nos
754 758 959 842 regia
1002 758 1345 826 Maiestas
1400 760 1473 823 in
1538 759 1773 823 animo
1836 777 2222 841 suspensos
2283 766 2530 851 tenere
2592 767 2667 821 et
2719 756 2954 822 immo-

388 866 535 930 rari
599 888 685 931 ea
756 888 833 931 re
882 866 1237 949 dignetur,
1288 868 1418 930 sed
1490 886 1701 947 quam
1766 862 1916 928 Sua
1973 864 2315 932 Maiestas
2377 884 2590 947 quam
2655 863 2956 945 primum

387 973 545 1037 fieri
585 982 829 1055 potest
859 974 1189 1055 dignetur
1238 973 1498 1037 dietam
1544 972 1739 1037 illam
1786 992 1929 1035 non
1979 970 2150 1035 alibi
2195 971 2322 1064 sed
2370 970 2562 1037 circa
2609 990 2810 1033 suum
2840 970 2954 1033 tri-

387 1084 609 1145 bunal
641 1080 715 1145 in
746 1081 941 1145 Arce
975 1080 1325 1161 Pragensi
1355 1080 1693 1159 indicere,
1722 1088 1802 1141 ut
1833 1080 1904 1143 in
1939 1099 2078 1161 quo
2109 1080 2268 1141 loco
2302 1077 2392 1141 de
2423 1076 2564 1141 fide
2598 1076 2957 1161 inceptum

388 1198 497 1251 est
544 1208 765 1270 agere
812 1187 887 1251 in
934 1187 1185 1251 eodem
1235 1205 1516 1268 quoque
1565 1188 1724 1251 loco
1774 1186 1869 1248 de
1917 1206 2002 1251 ea
2049 1185 2513 1264 concludatur
2551 1194 2623 1249 et
2653 1184 2956 1252 finiatur.

384 1294 497 1357 Ibi
548 1294 735 1361 enim
782 1294 903 1359 illo
951 1302 1279 1376 tempore
1323 1313 1439 1357 res
1486 1294 1701 1375 longe
1750 1290 1968 1357 aliter.
2003 1292 2302 1356 habebit
2349 1313 2560 1385 quam
2627 1294 2717 1357 ad
2775 1294 2957 1359 Emi·
3066 1310 3082 1319 ”

384 1402 701 1465 nentiam
750 1410 1062 1465 vestram
1111 1402 1200 1463 de
1232 1400 1439 1465 nobis
1487 1409 1597 1467 est
1641 1402 1976 1483 delatum,
2025 1418 2108 1463 ac
2139 1410 2288 1463 tum
2314 1399 2620 1481 primum
2666 1400 2952 1491 ibidem,

388 1510 463 1572 id
514 1509 709 1591 quod
758 1511 857 1572 de·
896 1507 1363 1591 compactatis
1394 1506 1800 1585 faciendum
1847 1506 2352 1591 promissimus,
2402 1528 2671 1580 summo
2720 1510 2954 1573 studio

382 1614 738 1698 perficere
789 1616 981 1697 quod
1028 1615 1096 1678 in
1147 1615 1355 1679 nobis
1402 1625 1511 1677 est
1558 1623 1630 1677 et
1700 1614 1836 1677 erit
1882 1614 2316 1692 conabimur.
2389 1614 2764 1709 Postremo
2807 1616 2952 1703 bec

384 1724 481 1787 sit
568 1721 1041 1787 Sublimitatis
1122 1732 1360 1787 vestre
1436 1722 1625 1805 apud
1696 1719 1771 1785 S.
1820 1722 1916 1790 R.
1965 1722 2060 1785 M.
2112 1722 2202 1787 D.
2249 1721 2334 1790 N.
2384 1720 2471 1787 G.
2537 1721 2953 1786 intercessio

382 1840 605 1912 atque
650 1833 796 1893 tale
844 1829 1212 1893 consilium
1260 1830 1475 1893 etiam
1518 1849 1916 1912 precamur,
1973 1848 2129 1893 cum
2176 1839 2474 1912 propter
2519 1831 2739 1893 multa
2805 1839 2954 1893 tum

382 1940 507 2001 vel
568 1938 875 2001 maxime
934 1939 1029 2001 ob
1090 1936 1377 2018 publice
1438 1936 1818 2001 concordie
1874 1936 2238 2011 charitatis
2302 1945 2373 2001 et
2433 1935 2693 1999 amoris
2741 1935 2950 1998 dilec-

379 2045 659 2109 tionem
708 2046 898 2126 quod
946 2042 1257 2125 pertinet
1326 2046 1419 2107 ad
1476 2052 1755 2127 partem
1799 2042 2327 2116 incredulorum
2371 2052 2448 2110 et
2492 2063 2952 2109 erroneorum

384 2152 751 2216 hominurn
784 2150 905 2233 qui
934 2150 1071 2215 sibi
1120 2150 1261 2215 iam
1303 2152 1570 2215 nullum
1608 2159 1936 2233 prestare
1971 2160 2268 2234 possunt
2299 2149 2670 2230 consilium
2718 2170 2950 2233 neque

392 2279 735 2341 quorsum
764 2258 1021 2323 diverti
1048 2258 1363 2323 debeant
1392 2258 1644 2338 sciunt,
1696 2271 1775 2323 ut
1817 2254 1966 2321 Sua
1995 2255 2219 2322 Sacra
2247 2257 2490 2339 Regia
2515 2256 2854 2321 Maiestas
2879 2256 2949 2320 in

382 2366 756 2449 proposito
806 2366 997 2446 quod
1042 2362 1309 2432 nostris
1336 2363 1763 2429 Oratoribus
1795 2364 2080 2448 aperire
2122 2364 2370 2443 voluit,
2401 2363 2691 2457 immota
2723 2364 2946 2429 veluti

384 2493 541 2553 nos,
570 2472 983 2554 persistere,
1011 2471 1131 2552 qui
1176 2474 1270 2535 ab
1302 2470 1448 2536 Sua
1480 2472 1862 2537 Maiestate
1892 2472 2300 2537 mandatum
2332 2470 2735 2553 accepimus
2771 2470 2949 2562 'velit

385 2591 460 2645 et
492 2580 851 2661 dignetur.
917 2578 1069 2643 Nos
1100 2598 1273 2645 vero
1306 2580 1497 2643 omni
1527 2579 1761 2645 studio
1793 2578 2301 2664 benevolentia
2333 2588 2404 2642 et
2437 2577 2779 2659 obsequio
2810 2598 2948 2643 om·

384 2687 595 2750 nibus
630 2685 1073 2768 temporibus
1098 2686 1427 2751 secundis
1474 2695 1548 2749 et
1588 2686 1910 2751 adversis
1960 2685 2396 2775 Sublimitati
2434 2686 2692 2751 Vestre
2739 2684 2951 2769 grati-

383 2793 651 2858 tudinis
706 2814 1061 2859 memores
1122 2795 1561 2876 respondere
1633 2794 1892 2857 erimus
1947 2793 2420 2876 paratissimi,.
2477 2792 2949 2881 Eminentiam

384 2905 723 2968 Vestram
752 2903 1019 2984 optime
1066 2902 1612 2985 felicissimeque
1659 2903 1904 2967 valere
1954 2901 2272 2986 cupimus
2321 2911 2392 2969 et
2439 2900 2943 2988 desideramus,

565 3029 805 3109 Prage
891 3025 1266 3090 Dominico
1337 3035 1501 3108 post
1594 3024 1904 3090 Simonis
2005 3034 2076 3088 et
2166 3025 2349 3105 Jude
2433 3025 2949 3107 Apostolorum

384 3137 603 3199 Anno
649 3134 936 3198 Domini
984 3133 1362 3198 Millesimo
1411 3131 1978 3214 quingentesimo
2023 3131 2392 3214 Vigesimo
2439 3130 2710 3214 quinto·

1915 3271 2187 3364 nautor
2223 3289 2433 3352 civium
2470 3291 2527 3354 ot
2563 3289 2806 3354 Senatus

2041 3378 2303 3442 ominus
2337 3379 2662 3454 frumin.
2708 3403 2716 3416 ·

1590 3864 1741 3928 264.

893 3991 1285 4092 Episcopus
1340 3988 1806 4070 Tridentinus
1863 3988 2207 4070 clementi
2261 3990 2418 4070 VH.

1310 4145 1485 4220 Epist.
1522 4143 1702 4204 Prino.
1738 4143 1844 4204 111.
1884 4145 2002 4206 382.

1420 4275 1527 4340 (10.
1565 4277 1705 4328 Nom
1750 4277 1924 4340 1525.)

564 4419 813 4501 Nuper
878 4418 1131 4482 litteris
1176 4418 1351 4482 meis
1413 4427 1709 4482 conatus
1772 4435 1926 4480 sum
2013 4417 2380 4480 declarare
2440 4415 2677 4482 multis
2741 4437 2941 4500 argu·

387 4526 643 4589 mentis
688 4534 925 4590 vestre
972 4525 1394 4588 beatitudini
1444 4525 1636 4606 quod
1708 4524 1974 4605 optime
2043 4524 2477 4588 conduceret
2540 4525 2942 4607 quempiam

386 4633 699 4713 legatum
748 4631 1089 4695 destinari
1136 4632 1227 4694 ad
1278 4631 1539 4694 dietam
1586 4630 2026 4712 imperialem
2055 4630 2384 4712 Auguste
2447 4629 2787 4704 futurarm
2851 4633 2941 4696 de

388 4739 573 4802 illius
619 4737 721 4802 rei
772 4739 1289 4802 deliberatione
1335 4757 1549 4819 quum
1596 4747 1849 4819 postea
1895 4736 2069 4800 nihil
2115 4735 2284 4802 mihi
2329 4737 2543 4802 video
2601 4737 2943 4818 nunciati,

389 4845 787 4909 subveritus
834 4866 987 4908 sum
1035 4865 1125 4908 ne
1174 4864 1311 4928 ego
1359 4844 1430 4909 in
1474 4854 1711 4908 mente
1758 4865 1919 4907 mea
1979 4863 2194 4908 unum
2248 4845 2698 4927 conceperim
2743 4844 2940 4908 cuius

388 4951 814 5016 contrarium
861 4951 1019 5034 ipsa
1067 4955 1447 5015 verborum
1490 4951 1978 5034 pronuntiatio
2023 4952 2322 5016 innuere
2367 4951 2522 5016 visa
2570 4950 2682 5032 sit,
2729 4951 2936 5034 siqui·
