3575 5775
1616 541 2110 636 <><34628>ο

583 691 730 753 Oro
779 697 1034 768 autem,
1085 699 1159 752 ut
1206 691 1391 752 hanc
1440 691 1996 753 admonitionem
2044 693 2234 752 bono
2271 689 2506 752 animo
2539 687 2870 770 accipere
2899 679 3133 772 'digne-

586 807 715 860 tur.
812 795 1113 878 Quando
1162 797 1331 858 mihi
1382 818 1555 879 prae
1604 797 1936 877 caeteri5‚
1999 797 2183 860 absit
2237 795 2574 860 iactantia
2622 798 2879 877 verb0‚
2950 797 3138 860 cordi

583 907 833 968 haeret
880 904 1181 966 studium
1234 905 1555 985 pietatis,
1620 926 1830 988 quam
1893 903 1947 966 si
2013 924 2297 986 possem
2361 904 2706 966 reducere
2755 903 2928 968 solis
2973 903 3137 968 meis

584 1012 873 1092 viribus,
908 1011 1116 1073 etiam
1152 1031 1309 1072 cum
1344 1012 1718 1074 manifesto
1753 1011 2009 1093 capitis
2042 1011 2362 1094 periculo
2409 1011 2482 1072 id
2527 1031 2885 1093 nunquam
2922 1013 3138 1074 detre-

586 1130 871 1180 ctarem.
967 1117 1057 1180 Et
1104 1120 1339 1180 valeat
1388 1117 1826 1182 foelicisime.

762 1226 925 1290 Dat.
996 1224 1067 1287 in
1136 1225 1496 1306 Insprugg
1564 1227 1696 1288 Die
1760 1225 1936 1288 XX.
2007 1225 2274 1288 Mensis
2340 1225 2512 1288 Maii
2594 1215 2808 1288 Anno
2865 1225 3146 1290 Domini

586 1330 989 1396 MDXXV.

888 1438 967 1501 E.
1016 1436 1432 1500 Sanctitaiis
1480 1438 1785 1502 Vestrae

1997 1555 2231 1605 Humilis
2269 1561 2320 1603 et
2357 1557 2655 1618 obsequens
2695 1555 2832 1603 filius

2067 1651 2456 1716 ferdinandus
2493 1677 2597 1712 arc.
2639 1669 2798 1710 ausu.

1834 1803 1848 1812 .-
1891 1803 1977 1812 ·.·..··,Α
1992 1803 2001 1811 s
2019 1803 2082 1812 μ»-

1797 1997 1946 2062 212.

1016 2111 1522 2214 Sigismundus
1578 2112 1729 2193 Rex
1784 2113 2118 2194 Poloniae
2176 2114 2520 2194 Clementi
2575 2114 2734 2194 VII.

1472 2261 1643 2332 (Arm.
1682 2261 1779 2327 ΣΙ,
1817 2276 1962 2335 caps.
1998 2261 2044 2328 1,
2079 2262 2146 2320 N.
2183 2262 2287 2326 56.)

1622 2378 1728 2450 (21.
1771 2384 1901 2432 Maii
1947 2381 2122 2450 1525.)

780 2505 987 2586 Quod
1040 2515 1193 2568 erat
1240 2505 1655 2586 iampridem
1705 2507 1773 2569 in
1827 2507 2012 2570 votis
2063 2528 2218 2570 cum
2253 2505 2373 2567 Vre
2425 2503 2840 2569 Sanctitatis
2871 2505 3161 2588 eiusque

600 2615 1183 2697 predecessorum
1232 2623 1379 2674 tum
1429 2613 1730 2675 omnium
1782 2613 2007 2676 ferme
2058 2613 2452 2695 principum
2497 2613 3040 2675 christianorum
3089 2621 3164 2674 ut

600 2721 862 2782 bellum
931 2720 1122 2800 quod
1185 2719 1370 2782 inter
1437 2741 1547 2783 me
1630 2732 1700 2784 et
1766 2721 2190 2802 Magistrum
2255 2720 2588 2784 Prussiae
2663 2719 3162 2784 intercesserat

602 2827 1066 2909 compositum
1132 2838 1359 2907 esset,
1430 2836 1679 2909 utpote
1738 2827 2068 2892 universe
2129 2829 2232 2891 rei
2295 2826 2678 2892 christiane
2743 2827 3030 2890 noxium
3095 2835 3162 2890 et

602 2935 1087 3017 pernitiosum,
1137 2934 1207 2997 id
1258 2936 1545 2997 tandem
1595 2936 1836 2997 divino
1879 2936 2127 2998 favore
2170 2936 2435 2999 factum
2465 2936 2588 2995 Vra
2632 2934 2992 3000 Sanctitas
3022 2956 3162 2999 non

602 3043 903 3123 ignorat.
1000 3042 1174 3105 Cum
1238 3041 1421 3105 enim
1468 3041 1737 3104 indutie
1802 3043 2214 3124 expirarent
2275 3064 2504 3125 neque
2555 3044 2696 3105 ulla
2765 3059 2952 3106 esset
3001 3064 3163 3125 spes

600 3160 795 3212 tante
864 3148 1347 3211 controversie
1415 3169 1545 3231 per
1592 3149 1897 3212 arbitros
1965 3150 2385 3231 dirimende,
2453 3148 2649 3213 venit
2702 3150 2797 3213 ad
2845 3171 2956 3214 me
3027 3170 3159 3213 ma-

605 3257 830 3339 gister
876 3256 1029 3337 ipse
1078 3256 1421 3318 condictis
1477 3256 1671 3337 prius
1721 3258 1954 3319 medio
2003 3257 2376 3320 illustrium
2424 3256 2822 3339 principum
2872 3256 3166 3339 Georgii

606 3363 1032 3426 marchionis
1118 3362 1785 3444 Brandeburgensis
1870 3373 1940 3425 et
2010 3362 2355 3427 Friderici
2438 3364 2636 3427 ducis
2705 3364 3168 3446 Legnicensis

608 3470 1076 3533 communium
1131 3469 1823 3551 consanguineorum
1873 3483 1943 3533 et
1992 3470 2308 3534 affinium
2357 3480 2780 3551 nostrorum,
2831 3471 3167 3533 conditio-

609 3578 815 3640 nibus
875 3577 1077 3659 pacis
1142 3585 1211 3639 et
1258 3576 1639 3640 concordie
1702 3596 1840 3658 que
1888 3598 2020 3660 pro
2085 3588 2405 3661 tempore
2451 3576 2605 3640 fieri
2654 3587 3042 3659 potuerunt
3101 3586 3173 3639 et

610 3686 855 3767 quales
917 3693 1159 3747 mutua
1220 3684 1671 3747 necessitudo
1735 3694 1982 3747 nostra
2045 3684 2466 3767 postulavit,
2539 3682 2994 3765 prestititque
3054 3684 3171 3746 ille

609 3794 823 3856 michi
884 3791 1199 3855 debitum
1249 3812 1483 3872 suum,
1557 3792 1745 3872 quod
1812 3800 1882 3853 et
1931 3790 2235 3853 maiores
2281 3790 2418 3854 mei
2484 3800 2555 3852 et
2604 3810 2741 3871 ego
2798 3790 3173 3854 iustissime

613 3900 1031 3983 exigebam;
1102 3899 1381 3981 prestiti
1445 3907 1517 3961 et
1566 3917 1702 3979 ego
1762 3897 2072 3960 vicissim
2138 3917 2312 3980 erga
2358 3897 2553 3961 illum
2617 3918 2754 3980 que
2818 3897 2970 3960 iure
3019 3918 3174 3960 meo

611 4006 845 4090 potui,
917 4006 1290 4089 presertim
1343 4004 1779 4068 descissente
1844 4025 1887 4067 a
1933 4004 2382 4086 professione
2445 4026 2573 4068 sua
2621 4004 2870 4068 ordine
2917 4002 3039 4066 illo
3107 4012 3177 4066 et

616 4115 821 4176 terris
870 4114 1195 4177 omnibus
1248 4112 1579 4177 Prussiae
1626 4112 2007 4175 iustissima
2053 4112 2454 4176 hereditate
2503 4112 2701 4195 regni
2755 4111 2890 4175 mei
2940 4110 3010 4174 in
3059 4130 3176 4194 po-

614 4229 941 4283 testatem
1006 4242 1231 4285 meam
1278 4219 1619 4301 redactiS,
1691 4221 1879 4283 unde
1929 4240 2209 4303 sperem
2273 4230 2470 4284 tanta
2516 4222 2708 4283 bella
2770 4229 2844 4283 et
2891 4218 3180 4281 dissidia

617 4348 759 4390 non
808 4328 1041 4409 sopita
1089 4330 1315 4391 solum
1380 4337 1451 4392 et
1499 4326 1896 4409 composita
1957 4327 2086 4391 sed
2134 4327 2344 4390 etiam
2393 4326 2733 4390 radicitus
2783 4326 3065 4389 sublata
3112 4334 3182 4387 et

618 4433 969 4513 extincta,
1042 4434 1303 4517 alioqui
1367 4434 1697 4516 tragedia
1756 4436 1890 4497 hec
1955 4435 2220 4497 nullum
2283 4454 2593 4515 unquam
2653 4432 2866 4497 finem
2911 4433 3179 4495 habere

616 4540 1000 4623 potuisset,
1071 4542 1447 4623 presertim
1510 4562 1667 4605 cum
1730 4542 1994 4605 subditi
2044 4541 2178 4604 mei
2243 4562 2488 4604 omnes
2555 4538 2933 4622 exigerent
2980 4559 3022 4602 a
3071 4558 3178 4602 me

620 4646 847 4710 modis
894 4647 1219 4711 omnibus
1235 4698 1253 4729 ‚
1315 4670 1547 4730 neque
1595 4651 1686 4711 ab
1751 4648 1889 4711 hoc
1937 4650 2258 4712 instituto
2311 4648 2505 4712 nullo
2563 4648 2774 4711 modo
2844 4645 3182 4711 dimoveri

622 4753 984 4835 potuerint
1030 4754 1102 4817 in
1151 4766 1505 4819 conventu
1537 4755 1858 4837 generali
1907 4754 2112 4836 regni
2147 4754 2282 4818 mei
2326 4754 2734 4837 novissimO,
2783 4755 2900 4817 vel
2929 4773 3182 4837 cogen-

626 4863 786 4923 dum
853 4864 1136 4924 tandem
1186 4862 1610 4944 Magistrum
1660 4862 1949 4926 Prussie
2012 4862 2102 4925 ad
2168 4863 2629 4945 prestandam
2695 4861 3182 4925 obedienciam
