3575 5775
1719 518 2221 586 0-43360854

687 672 898 741 etiam
961 672 1427 757 intervenire,
1500 675 1682 739 sicut
1745 674 1819 738 in
1886 678 2081 739 bono
2127 673 2365 739 tritico
2431 673 2699 740 zizania
2760 694 3055 739 necesse
3130 679 3285 738 est.

684 784 867 847 Illud
917 784 1120 847 nobis
1169 804 1312 847 non
1363 782 1744 848 admodum
1793 782 2115 847 modeste
2174 781 2439 845 factum
2487 781 2715 845 visum
2764 782 3125 865 est-quod
3182 782 3289 843 de

686 891 1002 955 Concilio
1063 893 1448 973 loquuntur
1507 893 1831 975 generali
1896 912 2039 955 non
2088 911 2295 961 secus
2357 910 2441 953 ac
2498 890 2557 953 si
2606 889 2739 955 soli
2800 890 3072 953 domini
3124 908 3287 951 om-

686 1000 874 1062 nium
921 1019 1157 1062 rerum
1205 1010 1464 1079 essent,
1515 1008 1586 1062 et
1633 997 2132 1062 Christianitas
2178 1017 2319 1060 una
2366 997 2457 1060 sit
2504 996 2923 1072 Germania;
2972 1016 3151 1059 cum
3206 1010 3291 1057 et

689 1108 777 1167 ad
827 1126 1034 1187 quern
1083 1104 1474 1187 pertineat,
1539 1126 1624 1169 ac
1674 1126 1971 1188 quorum
2020 1106 2111 1168 de
2159 1124 2511 1169 consensu
2559 1124 2958 1169 convocare
3008 1102 3289 1167 Conci-

684 1213 848 1275 lium
898 1212 1127 1275 omnia
1180 1212 1333 1276 iura
1383 1213 1891 1292 demonstrent,
1942 1220 2014 1275 et
2054 1231 2240 1275 nunc
2276 1212 2379 1274 eis
2408 1211 2877 1276 incommodis
2909 1211 3293 1295 implicita

685 1320 773 1382 sit
823 1318 1316 1383 Christianitas
1375 1327 1453 1382 ut
1513 1322 1734 1385 mul-ta
1794 1318 1991 1401 prius
2055 1318 2422 1401 explicare
2484 1339 2779 1384 neeesse
2845 1319 2969 1401 sit,
3044 1338 3291 1401 quam

684 1427 820 1489 huc
887 1426 1250 1490 devenire.
1345 1426 1612 1489 Verum
1677 1428 1857 1491 haec
1924 1426 2486 1509 gubernabimus
2555 1446 2641 1489 ea
2696 1426 2975 1490 ratione
3043 1445 3291 1507 quam

683 1532 1135 1614 inspiraverit
1203 1532 1408 1597 nobis
1469 1533 1703 1613 DeuS,
1774 1532 2011 1596 animo
2080 1532 2365 1615 quidem
2433 1532 2647 1597 etiam
2710 1532 2979 1597 maiore
3046 1553 3291 1615 quam

683 1650 1040 1703 tantorum
1088 1640 1448 1703 turbinum
1497 1659 1883 1703 concursus
1948 1638 2065 1722 qui
2115 1652 2187 1703 et
2237 1662 2276 1703 a
2324 1639 2713 1703 ‘furcarum
2758 1638 2972 1703 armis
3044 1649 3126 1702 et
3180 1641 3289 1703 ab

681 1746 1032 1811 intestinis
1081 1746 1640 1810 Christianorum
1702 1745 2170 1811 incommodis
2218 1766 2349 1809 nos
2396 1756 2806 1829 praemunt,
2876 1745 3291 1809 videantur

682 1855 1065 1937 postulare.
1162 1853 1350 1935 Quid
1398 1854 1582 1917 enim
1633 1856 1750 1917 vel
1799 1853 2012 1917 animi
2061 1856 2178 1917 vel
2226 1853 2501 1917 consilii
2543 1854 2795 1917 deesse
2836 1861 3079 1937 potest
3134 1852 3289 1916 rite

683 1971 756 2027 et
819 1960 1113 2025 firmiter
1176 1959 1244 2025 in
1297 1962 1603 2025 Domino
1653 1962 2156 2044 sperantibus?
2251 1960 2573 2024 Habebis
2634 1960 2849 2025 etiam
2906 1968 3289 2044 protesta-

683 2069 950 2131 tionum
1018 2071 1423 2149 exemplum
1491 2086 1674 2150 quae
1741 2089 1873 2151 per
1940 2068 2323 2132 liberarum
2389 2068 2751 2132 civitatum
2800 2066 3131 2131 Nuncios
3207 2067 3287 2130 in

685 2176 937 2239 eodem
984 2186 1340 2239 conventu
1388 2176 1624 2240 factae
1671 2186 1853 2258 sunt,
1903 2196 2085 2260 quae
2136 2197 2277 2259 quo
2319 2175 2561 2239 animo
2598 2175 2757 2256 sint,
2806 2174 3030 2238 infido
3096 2176 3297 2239 vide

681 2283 848 2345 licet
913 2292 986 2344 et
1031 2294 1409 2365 corrupt0,
1477 2292 1549 2346 et
1596 2283 1767 2365 quid
1825 2284 2031 2347 nobis
2079 2284 2150 2346 in
2199 2284 2562 2365 presentia
2624 2282 2951 2347 videatur
3015 2280 3289 2345 afferri

687 2388 986 2451 remedii
1043 2408 1280 2471 posse,
1332 2390 1419 2453 ad
1471 2389 1806 2454 dilectum
1852 2388 2073 2453 filium
2130 2388 2593 2455 Melchiorem
2638 2390 2963 2472 Langum
3014 2387 3283 2453 Came·

681 2496 946 2560 ratium
991 2506 1312 2559 nostrum
1377 2516 1538 2559 cum
1583 2496 2227 2582 circumspectione
2271 2506 2397 2563 tua
2439 2488 2829 2581 pr'aecipue
2876 2497 3287 2560 communi·

685 2603 986 2667 candum
1032 2602 1404 2682 mittimus,
1471 2603 1584 2666 cui
1632 2613 1708 2665 tu
1753 2602 1969 2667 fidem
2018 2623 2301 2667 omnem
2347 2604 2671 2667 habebis·
2762 2602 3110 2667 Noenum
3166 2612 3289 2667 est

685 2731 869 2773 nunc
918 2710 1187 2774 hortari
1237 2709 1308 2775 in
1344 2709 1652 2774 Domino
1701 2709 2408 2794 circumspectionem
2456 2714 2649 2773 tuam
2696 2718 2774 2772 ut
2820 2709 3291 2790 singularem

685 2838 840 2881 earn
873 2818 1322 2900 prudentiam
1358 2837 1500 2900 qua
1531 2817 1603 2881 in
1635 2818 1883 2902 primis
1915 2820 2140 2903 pollet
2181 2826 2253 2881 et
2287 2816 2781 2883 auctoritatem
2815 2837 2955 2901 qua
2982 2838 3287 2881 summe

685 2935 793 2989 est
840 2925 1187 3008 praedita,
1236 2925 1565 2990 conferre
1614 2946 1893 2990 omnem
1943 2928 2034 2989 ad
2084 2927 2457 2990 tutandum
2491 2925 2935 2989 Christianae
2962 2922 3151 2988 fidei
3208 2935 3287 2989 et

683 3032 888 3096 huius
935 3031 1246 3096 Sanctae
1286 3031 1517 3112 Sedis,
1569 3032 1766 3096 cuius
1812 3033 1971 3115 ipsa
2016 3032 2635 3096 honoratissimum
2684 3034 3081 3096 membrum
3138 3047 3285 3114 est,

685 3139 904 3202 decus
949 3159 1088 3202 non
1120 3149 1532 3222 postponat,
1582 3161 1885 3224 eumque
1916 3160 2228 3204 amorem
2260 3160 2401 3224 quo
2434 3139 2642 3204 nobis
2669 3139 2960 3224 proprie
2993 3139 3288 3205 affecta

685 3255 793 3310 est
842 3255 913 3309 et
960 3245 1071 3308 cui
1118 3267 1249 3309 nos
1297 3266 1437 3309 non
1488 3246 1742 3310 minori
1789 3246 2276 3310 benivolentia
2318 3247 2852 3329 respondemus,
2901 3245 2973 3309 in
3006 3247 3159 3310 hac
3197 3267 3286 3312 re

684 3362 908 3416 totum
971 3354 1383 3428 ostendere;
1458 3353 1517 3416 si
1565 3365 1799 3417 tamen
1866 3353 2201 3438 perennis
2264 3363 2335 3417 et
2382 3363 2736 3436 perpetua
2796 3355 2949 3417 laus
2994 3363 3133 3417 tua
3206 3366 3285 3419 et

683 3459 883 3522 istius
955 3459 1200 3523 summi
1272 3480 1356 3523 ac
1421 3461 1630 3524 nobis
1697 3460 2245 3525 coniunctissimi
2302 3461 2536 3542 Regis
2606 3459 2678 3522 in
2743 3462 2879 3524 hoc
2944 3463 3283 3543 negocio

685 3567 994 3630 maxime
1041 3567 1276 3648 posita
1326 3577 1435 3629 est
1501 3577 1578 3630 ut
1624 3568 1978 3650 possimus
2026 3568 2409 3650 aliquando
2459 3566 3011 3650 Rempublicam
3064 3568 3280 3632 Chri-

683 3672 982 3736 stianam
1032 3683 1138 3735 tot
1169 3673 1634 3738 incommodis
1668 3677 2113 3738 laborantem
2147 3674 2257 3738 his
2285 3673 2843 3756 perniciosarum
2877 3674 3282 3741 haeresum

683 3791 756 3844 et
821 3779 1290 3862 gravissimae
1333 3781 1718 3864 impietatis
1765 3781 2005 3862 maliS,
2077 3782 2235 3845 Deo
2282 3791 2675 3863 annuente,
2746 3781 3081 3847 liberare.
3190 3783 3277 3848 In

682 3908 823 3970 quo
871 3897 948 3951 tu
995 3887 1282 3970 quidem
1331 3889 1819 3970 dignissimam
1880 3909 1958 3952 ac
2008 3888 2521 3952 sanctissimam
2568 3908 2864 3972 operam
2907 3891 3283 3970 praebes;

681 3995 995 4077 undique
1043 3995 1229 4058 enim
1277 3995 1740 4076 intelligimus
1788 4017 1872 4058 ac
1923 3995 2135 4059 etiam
2184 4017 2275 4059 ex
2325 3995 2641 4059 eiusdem
2688 3995 3108 4060 Melchioris
3163 3999 3278 4062 lit-

683 4102 854 4166 teris
901 4122 1041 4184 qua
1089 4101 1471 4184 prudentia
1533 4111 1603 4164 et
1649 4101 1899 4184 vigilia
1948 4103 2265 4184 serpenti
2309 4102 2471 4164 huic
2520 4101 2665 4164 labi
2712 4100 3281 4186 circumspectio

682 4219 804 4272 tua
863 4217 1226 4290 occurrat,
1299 4227 1510 4289 quam
1558 4208 1915 4289 quomodo
1966 4207 2222 4271 idonee
2273 4257 2490 4274 .....
2540 4211 2635 4271 ob
2696 4219 2840 4272 tam
2887 4209 3279 4291 singulare

681 4316 1007 4379 meritum
1041 4337 1182 4379 non
1215 4315 1642 4397 repetimus;
1691 4335 1855 4377 nam
1891 4335 2125 4398 neque
2156 4363 2376 4380 .....
2427 4316 2709 4379 litterae
2738 4316 2976 4379 animo
3008 4331 3279 4384 nostro

682 4421 854 4485 satis
904 4470 1128 4489 .....
1184 4423 1256 4486 in
1307 4425 1508 4486 coelo
1556 4431 1911 4504 perpetua
1956 4421 2143 4486 inter
2190 4421 2508 4486 homines
2554 4422 2883 4504 profecto
2930 4423 3281 4506 singular

683 4577 900 4594 .....
950 4530 1226 4594 litterar
1273 4548 1432 4592 cum
1479 4549 1748 4591 summo
1804 4579 1817 4594 .
1854 4577 1871 4594 .
1907 4577 1923 4592 .
1962 4576 1977 4592 .
2012 4529 2110 4610 .¹).

861 4636 1024 4701 Dat.
1073 4636 1354 4700 Romae
1403 4645 1536 4700 etc.
1613 4635 1750 4699 Die
1799 4635 1986 4699 XVI
2032 4634 2206 4700 Maii
2264 4657 2427 4716 1524
2480 4637 2688 4700 Anno
2738 4648 2844 4720 p0.

980 4755 1110 4762 ——-

747 4807 787 4870 ¹)
826 4805 912 4853 Ob
950 4805 1210 4870 originale
1248 4806 1465 4855 omnino
1505 4821 1776 4856 corrosum
1816 4807 1979 4855 verba
2016 4807 2315 4856 desiderata
2352 4807 2633 4872 perierunt.

2032 4911 2168 4924 mv
