3575 5775
1403 606 1898 661 0-{337555-1*

363 759 510 812 tem
562 753 770 832 (quae
821 750 1079 813 nedum
1128 749 1556 814 christianae
1602 750 1972 834 religionis
2030 752 2245 815 fidem
2308 754 2433 818 sed
2483 754 2690 819 Beati
2738 754 2933 819 Petri

363 858 616 921 sedem
664 868 734 921 et
783 858 1276 921 auctoritatem
1337 857 1582 921 nititur
1643 859 1927 941 penitus
1976 860 2405 947 deprimere)
2471 882 2583 925 me
2644 864 2713 926 in
2782 865 2935 926 dies

363 965 710 1046 prosequi
778 976 848 1028 et
909 965 1334 1047 impugnare
1395 966 1776 1049 contingit,
1849 975 1926 1028 ut
1988 966 2303 1030 debitum
2368 990 2599 1032 meum
2666 989 2839 1052 erga
2895 990 2935 1034 e

364 1069 439 1133 S.
476 1071 567 1133 V.
604 1092 886 1154 semper
918 1074 1332 1154 persolvere
1373 1074 1668 1137 valeam.
1763 1072 1915 1136 Nee
1964 1094 2077 1137 me
2125 1095 2433 1156 unquam
2480 1085 2680 1139 tanta
2726 1076 2933 1141 inter-

364 1178 592 1260 cipiet
639 1178 1079 1260 ingratitudo
1129 1180 1320 1260 quod
1367 1202 1411 1242 a
1460 1180 1704 1244 debita
1749 1180 2163 1244 obedientia
2212 1196 2281 1244 et
2330 1185 2711 1247 devotione
2761 1205 2935 1268 erga
2977 1196 2985 1213 ¹

363 1286 600 1367 ipsam
665 1296 736 1349 et
799 1286 949 1349 eius
1007 1288 1251 1351 sedem
1322 1288 1788 1369 apostolicam
1838 1288 2243 1370 aliquanter
2289 1291 2657 1357 declinem.
2754 1292 2932 1373 Que-

363 1393 826 1458 madmodum
873 1414 918 1456 a
965 1388 1358 1457 venerabili
1405 1394 1561 1458 viro
1610 1394 1897 1458 domino
1956 1394 2227 1475 Jacobo
2294 1396 2539 1461 Nereti
2591 1398 2933 1462 canonico

363 1498 795 1563 Lausannae
867 1501 1016 1564 eius
1089 1521 1376 1565 cursore
1450 1502 1700 1567 harum
1781 1503 2185 1566 exhibitore
2270 1504 2482 1568 latius
2558 1505 2933 1595 intelliget.

363 1607 692 1670 Eandem
743 1607 962 1689 igitur
1007 1607 1519 1671 beatitudinem
1567 1629 1631 1672 v.
1683 1611 1993 1691 supplex
2042 1630 2265 1673 exoro
2316 1611 2648 1693 dignetur
2694 1632 2936 1676 sacras

364 1715 522 1778 eius
547 1734 760 1779 aures
785 1734 827 1776 a
852 1715 1262 1796 pernitiosis
1294 1716 1692 1780 huiusmodi
1720 1717 2302 1799 suggestionibus
2327 1728 2675 1799 avertere,
2725 1719 2935 1783 devo-

363 1820 852 1903 tissimamque
929 1830 1325 1885 creaturam
1386 1842 1583 1885 suam
1656 1824 2001 1886 adversus
2060 1823 2375 1905 perfidos
2453 1828 2937 1889 oblactrantes

363 1938 676 2011 paterna
721 1928 1020 1992 caritate
1066 1949 1195 1991 sua
1239 1928 1472 1992 tuheri
1521 1940 1592 1992 et
1639 1950 2083 2011 preservare.
2177 1930 2379 2012 Quae
2440 1952 2553 1995 me
2603 1942 2675 1997 et
2719 1932 2934 1996 facul-

362 2046 554 2099 tates
605 2056 800 2098 meas
845 2056 1090 2099 omnes
1138 2038 1689 2118 qualescumque
1723 2036 1866 2101 sint
1896 2037 1989 2100 ad
2023 2057 2194 2101 suae
2228 2037 2698 2102 Beatitudinis
2744 2040 2937 2102 iussa

362 2141 470 2229 (ut
516 2163 656 2225 par
706 2143 840 2224 est)
887 2152 1179 2224 paratas
1226 2163 1512 2225 semper
1570 2143 1909 2207 inveniet.
2016 2143 2107 2206 Et
2174 2145 2416 2209 valeat
2470 2146 2627 2231 ipsa
2682 2146 2937 2209 felicis·

361 2250 578 2327 sime,
650 2270 863 2331 quam
921 2258 1168 2314 sancto
1217 2270 1345 2313 suo
1393 2250 1719 2331 regimini
1767 2250 1891 2313 diu
1937 2271 2229 2333 preesse
2278 2252 2507 2334 cupio,
2618 2253 2729 2315 Ex
2793 2252 2933 2335 epi-

360 2356 616 2439 scopio
667 2377 828 2420 meo
875 2356 1363 2421 Lausannensi
1412 2358 1547 2420 hac
1589 2356 1872 2420 ‘XXIX
1923 2356 2388 2439 SeptembriS.

1585 2786 1732 2850 169.

755 2909 1254 2991 Perdinandus
1285 2911 1518 3030 ,Arca
1577 2911 1913 2992 Austriae
1970 2911 2315 2992 Clementi
2369 2913 2529 2994 VII.

1194 3059 1434 3126 (Armar.
1471 3058 1567 3116 11.
1605 3059 1756 3132 capu.
1794 3058 1837 3116 1.
1877 3059 1943 3116 N.
1985 3059 2096 3129 98.)

1361 3180 1430 3242 (1.
1467 3179 1717 3229 Octobris
1761 3175 1937 3246 1524.)

543 3322 659 3384 Ex
688 3321 915 3385 literis
945 3320 1422 3384 Beatitudinis
1455 3320 1782 3401 Vestrae,
1834 3320 2092 3402 quibus
2141 3321 2232 3382 ad
2280 3341 2475 3382 meas
2520 3321 2933 3402 respondet,

364 3449 542 3511 quas
590 3431 687 3491 ad
739 3448 893 3491 eam
944 3427 1206 3490 XXX.
1256 3427 1422 3507 Julii
1471 3427 1658 3508 dedi,
1705 3427 2028 3508 intelligo
2074 3425 2367 3508 probari
2414 3448 2455 3490 a
2503 3447 2581 3490 se
2630 3427 2937 3490 studium

363 3557 620 3616 meum,
676 3535 869 3617 quod
929 3534 1268 3616 impendo
1316 3533 1576 3598 Sectae
1622 3535 2075 3597 Lutheranae
2142 3534 2606 3598 cohibendae.
2723 3534 2934 3599 Certe

364 3643 434 3706 id
479 3645 562 3706 fit
611 3665 656 3706 a
703 3663 817 3705 me
866 3662 1004 3704 non
1057 3641 1263 3704 aliam
1314 3643 1408 3704 ob
1456 3661 1771 3722 causam,
1835 3661 2043 3724 quam
2092 3661 2275 3722 quae
2310 3642 2649 3722 optimum
2698 3663 2930 3722 quem-

366 3771 502 3832 que
570 3751 1052 3814 orthodoxum
1117 3748 1518 3830 Principem
1580 3769 1869 3811 movere
1931 3750 2165 3811 debet.
2261 3748 2486 3830 Coepi
2547 3749 2931 3831 negotium,

367 3859 556 3938 quod
624 3856 908 3920 Christo
957 3857 1114 3919 Deo
1174 3865 1245 3918 et
1305 3855 1611 3919 Domino
1675 3855 1939 3920 Nostro
2014 3855 2295 3920 fautore
2359 3876 2443 3918 ac
2491 3855 2933 3918 fortunatore

365 3964 770 4046 perficiam,
838 3963 1158 4046 quamvis
1207 3965 1389 4025 male
1435 3963 1749 4027 habeant
1811 3962 1929 4044 qui
1987 3984 2077 4025 ex
2141 3965 2367 4026 classe
2416 3963 2788 4026 lutherana
2832 3962 2933 4024 in-

366 4071 676 4135 famibus
723 4069 1075 4133 morsibus
1121 4089 1232 4132 me
1281 4088 1618 4151 meosque
1678 4071 1997 4133 lacerare
2061 4091 2201 4134 non
2269 4070 2618 4132 desinunt.
2724 4067 2933 4148 Quod

369 4181 586 4246 semel
635 4176 874 4257 statui,
923 4177 1113 4258 quod
1163 4177 1416 4240 iterum
1461 4176 1747 4258 publico
1800 4177 2033 4239 edicto
2086 4177 2244 4240 cavi
2294 4196 2424 4258 per
2470 4195 2715 4238 omnes
2764 4175 2931 4238 Pro-

371 4285 640 4348 vincias
671 4305 889 4364 meaS,
939 4305 1028 4347 ne
1063 4284 1432 4366 quisquam
1464 4283 1778 4347 Luthero
1809 4282 2071 4361 faveat,
2120 4282 2643 4364 seditiosaeque
2692 4291 2933 4344 sectae

371 4395 752 4473 adhereat,
827 4411 968 4454 non
1047 4393 1514 4472 posthabebO.
1635 4392 1744 4453 De
1807 4410 1946 4472 quo
2014 4389 2541 4453 Beatitudinem
2602 4388 2934 4451 Vestram

371 4521 690 4564 securam
741 4498 948 4563 facio,
1041 4475 1269 4561 Multa
1317 4497 1642 4579 profecto
1691 4506 1929 4577 erant,
1994 4497 2131 4560 nisi
2178 4497 2442 4577 privati
2488 4495 2624 4558 mei
2673 4495 2935 4558 oblitus

373 4607 724 4671 commodi
793 4606 1170 4689 famaeque
1240 4627 1440 4670 meae
1515 4605 1999 4685 Evangelicae
2071 4601 2503 4686 Synceritati
2582 4611 2654 4664 et
2735 4601 2936 4664 istius

375 4712 682 4777 Sanctae
732 4711 942 4776 Sedis
989 4712 1342 4795 Dignitati
1397 4732 1528 4793 pro
1589 4711 1766 4774 meis
1836 4710 2104 4772 viribus
2165 4709 2567 4772 maluissem
2627 4708 2713 4770 iri
2774 4728 2934 4771 con-

378 4823 654 4903 sultum,
703 4840 888 4903 quae
937 4839 1048 4882 me
1097 4822 1189 4882 ab
1236 4821 1374 4882 hoc
1423 4835 1640 4900 opere
1691 4839 1832 4881 non
1882 4817 2033 4880 sine
2084 4819 2453 4898 exemp10,
2519 4817 2935 4879 abstrahere

378 4937 736 5010 poterant,
811 4945 1107 5012 quorum
1157 4947 1312 4992 cum
1360 4926 1700 4991 nonnulla
1747 4925 1917 4988 talia
1966 4924 2103 4986 sint
2166 4935 2243 4988 ut
2292 4945 2431 4990 non
2490 4924 2669 4987 citra
2715 4921 2933 5007 suspi-
