3575 5775
1735 537 2195 595 0-{366ffl

681 684 882 767 paria
954 686 1177 748 verba
1251 705 1410 748 esse
1477 686 1670 748 nulla
1733 695 2033 766 possunt
2099 686 2359 750 nostris
2422 686 2690 750 eisdem
2748 685 3027 750 Nuntiis
3084 697 3243 748 tuae

679 791 1035 874 Majestati
1070 791 1276 856 latius
1308 793 1740 875 exponenda
1763 793 2292 858 commissimus,
2360 795 2749 858 Hortamur
2796 815 2953 858 eam
3002 795 3071 857 in
3108 795 3243 856 Do-

681 898 869 961 mino
935 909 1011 962 ut
1073 919 1230 962 cum
1296 899 1398 962 eis
1461 897 1670 963 fidem
1721 920 2001 964 omnem
2048 902 2354 979 habere,
2425 909 2571 964 tum
2620 901 2948 965 insistere
2996 901 3245 964 eadem

681 1007 1060 1088 prudentia
1129 1016 1202 1070 et
1271 1007 1540 1090 pietate
1609 1007 1821 1086 velit,
1895 1019 1972 1070 ut
2036 1028 2179 1070 una
2247 1007 2559 1070 omnium
2624 1008 2908 1090 quidem
2973 1008 3033 1070 si
3094 1007 3246 1070 fieri

681 1121 918 1194 potest
977 1116 1242 1194 salute,
1304 1113 1412 1177 sin
1474 1134 1646 1178 vero
1710 1134 1922 1195 quam
1986 1112 2275 1178 minimo
2339 1135 2497 1180 cum
2564 1118 2987 1178 detrimento
3037 1115 3247 1178 etiam

680 1220 1198 1303 improborum,
1266 1221 1608 1286 inviolata
1669 1233 1740 1284 et
1803 1222 2031 1286 libera
2090 1223 2163 1285 in
2220 1244 2349 1286 sua
2393 1223 2699 1286 veritate
2746 1233 2821 1285 et
2864 1243 3044 1304 pace
3093 1243 3245 1304 per-

681 1337 964 1391 maneat
990 1338 1238 1392 sancta
1269 1327 1447 1392 fides
1481 1329 1853 1393 catholica.
1906 1331 2067 1396 Dat.
2098 1331 2385 1394 Romae
2416 1330 2533 1393 die
2566 1329 2797 1392 XXV
2828 1330 3038 1393 Febr.
3082 1349 3199 1408 152
3218 1349 3241 1390 1

682 1453 870 1496 anno
921 1443 1198 1498 octav0.

857 1542 935 1624 (¹)
987 1540 1204 1606 Sume
1236 1563 1432 1606 arma
1465 1553 1537 1607 et
1570 1553 1864 1622 scutum,
1912 1542 2012 1606 fili
2048 1544 2479 1624 charissime,
2519 1554 2822 1627 protege
2856 1544 3251 1607 Ecclesiam

679 1649 938 1712 Christi
990 1648 1294 1731 domini,
1359 1663 1434 1714 ut
1481 1651 1778 1716 sublatis
1827 1651 2109 1714 zizaniis
2156 1653 2587 1716 frumentum
2637 1672 2962 1715 crescere
3010 1652 3254 1713 valeat

678 1765 750 1818 et
797 1756 1065 1838 fugatis
1111 1757 1390 1822 nebulis
1437 1757 1784 1822 serenitas
1836 1759 2243 1840 tranquilla,
2292 1759 2360 1821 in
2411 1759 2549 1822 ista
2596 1768 2721 1822 tua
2764 1759 3035 1841 inclyta
3076 1757 3251 1822 Ger-

679 1863 913 1926 mania
975 1864 1412 1938 restituatur;
1495 1875 1604 1930 est
1661 1867 1797 1930 hoc
1862 1866 2288 1930 christianae
2356 1866 2687 1947 religioni
2746 1865 3252 1944 necessarium,

679 1970 807 2034 tibi
857 1970 1340 2054 honorificum,
1399 1974 1607 2037 nobis
1655 1993 1833 2055 erga
1878 1973 2330 2054 Majestatem
2380 1985 2571 2037 tuam
2618 1993 2931 2036 summae
2977 1972 3251 2054 obliga-

679 2075 892 2140 tionis
937 2079 1119 2160 loco,
1168 2099 1436 2144 summo
1487 2102 1660 2144 vero
1689 2081 1849 2144 Deo
1899 2081 2205 2144 creatori
2254 2091 2497 2144 nostro
2547 2089 2623 2144 ut
2653 2081 3004 2144 credimus
3036 2101 3251 2162 quam

677 2184 1190 2266 gratissimum,
1259 2189 1448 2268 apud
1514 2207 1722 2269 quern
1763 2187 2027 2269 justum
2068 2189 2377 2270 judicem
2428 2187 2829 2271 depositum
2877 2187 3007 2250 tibi
3056 2188 3251 2251 illae·

677 2313 828 2354 sum
877 2293 1504 2377 multipliciterque
1553 2305 1835 2358 auctum
1886 2294 2305 2360 servabitur.

1749 2491 1872 2501 ww«
1877 2492 1915 2502 ν.

1911 2723 2016 2788 27.

1348 2841 1481 2921 Leo
1540 2840 1624 2923 X.
1682 2841 2059 2943 princibus
2114 2840 2570 2943 germanicis,

1565 2988 1767 3061 (Nune.
1808 2988 1989 3048 Germ.
2024 2987 2087 3046 1..
2125 2987 2217 3046 fol.
2255 2988 2359 3059 24.)

1660 3090 1901 3161 (Romae
1940 3102 2025 3153 25.
2066 3090 2245 3157 Febr.)

1106 3190 1488 3271 cardinali,
1540 3190 1924 3273 EpiscopO‚
1972 3188 2297 3271 Nobm2).

858 3315 1346 3379 Intelleximus
1396 3338 1487 3379 ex
1517 3316 1768 3379 litteris
1804 3316 2219 3377 dilectorum
2254 3312 2555 3377 filiorum
2588 3312 2845 3375 Marini
2875 3310 3250 3393 Caracioli‚

679 3432 752 3486 et
821 3422 1218 3486 Hieronimi
1289 3423 1635 3487 Aleandri
1707 3422 2141 3486 Nunciorum
2212 3420 2671 3503 Nostrorum,
2753 3440 2892 3501 qua
2936 3418 3249 3501 'virtute,

676 3528 1033 3593 Nobilitas
1099 3540 1218 3592 tua
1285 3530 1354 3594 in
1423 3549 1639 3593 causa
1705 3542 1847 3593 non
1905 3531 2133 3593 solum
2180 3539 2427 3592 nostra
2474 3526 2827 3609 Sedisque
2876 3526 3005 3589 8²⁸⁰
3054 3527 3250 3608 Apo-

677 3636 1006 3717 stolicae‚
1080 3639 1204 3700 sed
1282 3640 1657 3703 universae
1721 3640 1863 3721 jam
1930 3636 2098 3700 fidei
2164 3635 2609 3701 Christianae
2677 3637 3021 3699 adversus
3088 3656 3251 3699 eam

675 3744 944 3807 violare
995 3755 1337 3808 conantes
1385 3766 1461 3808 se
1511 3746 1837 3830 gesserit,
1889 3755 1959 3809 et
2007 3744 2604 3827 quemadmodum
2651 3764 2850 3807 suam
2879 3743 3249 3825 pietatem,

680 3861 751 3915 et
795 3853 1249 3935 prudentiam
1298 3861 1547 3917 contra
1595 3852 1870 3936 impios,
1922 3861 1994 3915 et
2041 3852 2430 3915 sediciosos
2459 3850 2782 3912 homines
2811 3870 2942 3932 pro
2974 3848 3250 3912 unitate

679 3959 1040 4024 christiani
1072 3959 1393 4043 corporis
1426 3959 1946 4038 conservanda,
1980 3956 2415 4041 opposuerit,
2451 3958 2641 4039 quod
2676 3954 3001 4039 profecto
3038 3957 3248 4019 nobis

679 4069 919 4131 auditu
985 4068 1120 4131 fuit
1186 4068 1694 4149 gratissimum,
1763 4076 1835 4129 et
1898 4066 2064 4127 licet
2111 4066 2271 4128 huic
2320 4076 2442 4127 tuo
2494 4064 2693 4147 operi
2743 4074 2956 4145 atque
3006 4062 3248 4127 officio

677 4176 928 4256 premii
987 4177 1186 4239 locus
1251 4176 1322 4238 in
1387 4176 1619 4254 coele,
1685 4186 1756 4237 et
1819 4176 2008 4256 apud
2058 4174 2284 4235 Deum
2338 4170 2913 4253 Omnipotentem
2963 4170 3250 4252 dignior

680 4291 751 4345 et
796 4284 1017 4364 major
1065 4291 1516 4365 comparatus
1557 4282 1666 4362 sit,
1719 4292 1864 4343 tum
1912 4301 2043 4344 nos
2074 4300 2356 4363 quoque
2391 4279 2665 4361 agimus
2697 4289 2859 4342 tuae
2892 4276 3247 4341 nobilitati

677 4409 974 4471 magnas
1022 4390 1092 4452 in
1150 4390 1450 4453 Domino
1499 4390 1800 4469 gratiaS‚
1857 4390 2185 4470 hancque
2234 4386 2588 4451 actionem
2636 4396 2857 4465 tuam,
2920 4384 3245 4467 dignissi-

721 4616 768 4663 ⁸)
827 4614 980 4661 Haec
1018 4614 1291 4676 sequentia
1329 4614 1524 4677 scripta
1565 4620 1684 4661 sunt
1723 4627 1880 4661 manu
1918 4612 2134 4675 propria
2176 4612 2466 4663 Pontifici&

717 4692 760 4760 ²)
815 4693 1000 4741 Edidit
1041 4694 1344 4743 Laemmer:
1415 4696 1650 4743 Menum.
1693 4694 1848 4741 vatic.
1892 4692 1985 4745 sol.
2030 4703 2076 4754 5,
2118 4694 2208 4741 sed
2247 4692 2493 4757 scriptam
2536 4692 2849 4741 existimavit
2889 4688 3100 4738 cuidam
3144 4690 3243 4738 Ca·

821 4774 936 4822 tolo
973 4774 1226 4838 episcopo
1265 4774 1451 4833 nobili,
1489 4775 1704 4825 omnino
1745 4774 1955 4836 ignoto:
1996 4788 2115 4822 vere
2156 4774 2255 4822 suit
2294 4775 2453 4821 missa
2480 4772 2853 4821 cardinalibus
2889 4780 2942 4819 et
2980 4770 3097 4820 aliis
3126 4786 3241 4833 ger-

821 4855 1041 4903 manicis
1077 4855 1344 4921 praelatis.

1759 4944 2054 4955 «μυ-,υνυψυ-νκν
2087 4945 2102 4952 ψ
2120 4944 2135 4951 ,-
